2045 3471
215 232 310 265 Mon.
329 231 398 266 813
425 231 504 265 sive
529 231 569 266 it.
595 230 685 275 (20).
724 232 756 265 A
773 231 865 265 med.
884 231 960 265 fere
979 242 1023 265 m.
1038 230 1139 265 Iunio
1157 230 1201 265 ad
1220 229 1311 264 med.
1332 229 1406 263 fere
1425 241 1469 264 m.
1486 230 1577 272 Aug.
1596 229 1698 264 1565.
1777 231 1860 272 745

96 353 142 393 et
162 349 205 391 in
227 349 389 403 templo
413 349 651 391 cathedrali
674 350 1002 392 concionantem
1017 351 1032 377 1
1048 344 1298 401 audivisse),
1323 352 1468 392 tamen
1487 349 1604 390 volui
1624 347 1862 403 periculum

96 414 242 457 facere
281 414 325 455 in
367 413 528 467 exigua
567 428 626 464 re,
671 428 781 467 quae
822 414 926 456 mihi
966 414 1065 469 plus
1106 414 1313 468 prodesse
1346 427 1473 467 quam
1507 414 1658 455 obesse
1698 415 1860 467 posset.

96 478 207 522 Petii
238 479 387 532 itaque
419 479 474 520 ab
507 492 570 529 eo,
604 482 653 521 ut
685 482 858 521 curaret
889 479 992 520 mihi
1025 479 1170 521 afferri
1202 479 1393 533 psalmos
1414 478 1608 528 Davidis‚
1642 480 1691 520 ut
1722 492 1778 520 ex
1809 477 1861 520 iis

95 543 412 586 consolationes
443 543 487 584 in
527 543 593 584 his
635 543 741 585 meis
783 544 1106 587 calamitatibus
1147 547 1297 598 petere
1338 557 1523 598 possem.
1588 543 1642 585 Se
1682 542 1776 593 hoc,
1818 547 1861 586 et

95 608 182 650 alia
214 622 324 661 quae
357 608 513 650 vellem
546 608 800 651 effecturum
833 609 1044 662 promisit,
1089 622 1157 651 me
1189 611 1336 650 tamen
1368 607 1529 650 rectius
1561 607 1793 659 facturum,
1825 607 1862 650 si

93 673 299 723 libellum,
342 687 468 726 quem
503 672 701 715 Officium
733 674 890 716 beatae
923 673 1116 727 Virginis
1148 676 1322 724 vocant,
1365 673 1596 726 diligenter
1628 673 1818 726 legerem
1830 673 1860 724 2,

95 738 510 791 commendabatque
532 738 686 780 miram
708 738 947 781 efficaciam
970 752 1160 793 precum,
1185 752 1295 791 quae
1317 751 1372 780 ex
1394 738 1467 779 illo
1491 738 1859 791 depromerentur.

93 802 256 844 Verum
289 816 383 844 cum
416 802 459 843 in
492 803 677 856 petendo
710 803 917 856 psalterio
948 802 1171 853 instarem,
1205 802 1393 856 mihique
1425 803 1576 856 ignota
1607 816 1715 853 esse,
1751 816 1861 855 quae

93 867 137 908 in
168 867 253 909 isto
286 867 430 909 libello
454 867 792 918 continerentur,
827 868 1104 918 affirmarem,
1138 868 1343 910 simulata
1366 881 1525 921 magna
1556 867 1861 910 benevolentia

95 931 307 975 discessit.

212 1003 501 1046 Mittebantur
541 1006 687 1046 autem
728 1003 830 1045 mihi
863 1004 917 1046 ab
951 1017 1015 1055 eo,
1058 1003 1187 1058 paulo
1219 1006 1332 1058 post,
1375 1003 1481 1045 Julii
1513 1002 1711 1045 Caesaris
1744 1017 1859 1045 com-

93 1068 309 1110 mentaria
340 1068 492 1110 Italice
506 1070 534 1119 3,
579 1071 623 1111 et
656 1068 766 1111 alius
805 1068 915 1111 liber
946 1083 1159 1122 nugarum
1203 1071 1247 1111 et
1287 1068 1531 1110 fabularum
1573 1068 1774 1119 refertus,
1815 1068 1860 1110 in

94 1147 177 1186 quo
219 1133 440 1187 cujusdam
483 1133 707 1175 Amadasii
748 1134 800 1175 de
843 1134 999 1183 Gaule,
1042 1147 1111 1175 res
1152 1135 1305 1187 gestae
1347 1133 1663 1176 continentur4.
1726 1133 1859 1176 Jussu

92 1201 322 1252 praeterea
354 1198 512 1240 Canisii
544 1199 809 1241 afferebatur
850 1203 947 1252 post
986 1198 1152 1252 aliquot
1184 1198 1276 1240 dies
1316 1198 1420 1240 mihi
1460 1198 1569 1240 liber
1601 1198 1723 1240 Hosii
1754 1198 1859 1253 Epi-

92 1263 211 1317 scopi
251 1263 424 1314 Poloni,
473 1264 525 1305 de
570 1263 768 1305 doctrina
812 1264 1051 1306 christiana
1094 1265 1207 1306 etc.5
1250 1263 1475 1306 fortissimi
1519 1264 1858 1318 propugnatoris

92 1327 338 1382 pontificiae
380 1329 624 1379 doctrinae,
673 1328 744 1370 ubi
787 1328 902 1371 inter
946 1329 1033 1371 alia
1076 1328 1215 1371 docet.
1279 1328 1379 1370 Non
1421 1332 1621 1383 oportere
1661 1329 1772 1382 legis
1813 1331 1858 1372 et

90 1393 333 1448 scripturae
364 1393 550 1448 peritum
584 1407 692 1443 esse,
734 1394 810 1435 sed
842 1407 869 1435 a
901 1394 1016 1436 DEO
1051 1394 1237 1436 doctum.
1301 1393 1474 1435 Vanum
1514 1408 1609 1436 esse
1649 1394 1856 1444 laborem,

93 1458 164 1512 qui
186 1458 414 1513 scripturis
435 1458 712 1513 impenditur.
767 1459 1035 1513 Scripturam
1060 1458 1173 1501 enim
1196 1461 1441 1501 creaturam
1464 1473 1572 1509 esse,
1606 1461 1650 1501 et
1673 1473 1856 1513 egenum

91 1523 303 1577 quoddam
338 1524 612 1567 elementum.
666 1524 894 1567 Caeterum
927 1538 1022 1565 cum
1055 1537 1136 1577 ego
1169 1526 1213 1566 et
1234 1522 1550 1578 Neapolitanus
1582 1524 1748 1577 aliquot
1779 1538 1857 1578 pa-

91 1588 216 1641 ginas
256 1589 512 1642 legeremus,
554 1588 681 1631 facile
714 1588 1084 1643 deprehendimus,
1128 1588 1181 1630 ob
1223 1602 1350 1641 quam
1392 1602 1483 1630 rem
1515 1588 1671 1630 missus
1705 1591 1800 1631 erat
1831 1603 1857 1631 a

93 1653 276 1697 Canisio.
340 1653 482 1703 Quare
522 1654 637 1696 illius
679 1654 865 1696 lectione
906 1654 1157 1708 repudiata,
1203 1667 1300 1695 eum
1340 1653 1384 1695 in
1425 1654 1632 1707 angulum
1673 1654 1857 1696 cubiculi

93 1717 330 1773 abjicimus,
373 1719 443 1760 ubi
486 1733 512 1760 a
544 1733 612 1760 me
652 1718 830 1761 relictus
870 1718 985 1761 inter
1024 1719 1240 1773 pulveres,
1285 1720 1329 1760 et
1370 1732 1466 1760 cum
1498 1733 1524 1761 a
1556 1719 1725 1761 Canisio
1758 1723 1858 1774 post

93 1797 234 1826 meam
265 1784 566 1826 liberationem
590 1798 616 1826 a
637 1798 705 1825 me
736 1797 815 1838 per
846 1783 1142 1827 internuncios
1165 1797 1265 1826 suos
1289 1786 1574 1838 repeteretur,
1610 1798 1683 1826 eos
1711 1785 1856 1826 remisi

216 1960 225 1979 ¹
252 1959 417 1993 Canisius
452 1960 486 1992 in
514 1970 555 1992 eo
580 1959 713 2003 templo
741 1958 968 1992 contionatus
1001 1960 1058 1993 est
1082 1959 1139 1992 29.
1166 1957 1322 2001 Augusti
1351 1958 1440 1992 1557
1470 1957 1574 2002 (Can.
1602 1959 1634 1992 II
1664 1959 1731 1993 126
1758 1959 1855 2002 793).

94 2012 225 2045 Kanne
250 2012 350 2056 ponit
379 2011 652 2054 „Pfarrkirche“
686 2011 724 2055 (l.
752 2023 781 2045 c.
809 2011 883 2054 31).

213 2071 226 2091 2
252 2071 368 2105 Huius
398 2070 559 2113 „Officffl
589 2071 748 2105 maxima
774 2081 858 2115 pars
890 2082 935 2103 ex
960 2081 1066 2104 sacra
1092 2069 1278 2114 Scriptura
1305 2070 1515 2115 deprompta
1546 2073 1620 2111 est;
1657 2071 1785 2115 psalmi
1822 2071 1857 2104 in

94 2135 134 2158 eo
161 2126 308 2158 exstant
334 2125 519 2158 minimum
546 2123 601 2158 30.

214 2184 227 2203 ³
253 2182 389 2216 Horum
428 2182 765 2216 commentariorum
804 2181 925 2215 italice
952 2193 1137 2216 versorum
1177 2181 1352 2216 editiones
1380 2183 1423 2216 17
1450 2185 1534 2216 ante
1560 2194 1591 2216 a.
1622 2183 1711 2217 1565
1738 2183 1856 2218 factae

94 2239 327 2270 recensentur
353 2236 397 2270 ab
423 2238 451 2270 I.
484 2237 526 2271 G.
558 2236 621 2270 Th.
652 2237 813 2278 Graesse,
840 2234 970 2269 Tresor
996 2235 1039 2269 de
1065 2235 1176 2269 livres
1202 2247 1303 2269 rares
1329 2235 1372 2276 ΙΙ,
1400 2235 1536 2269 Dresde
1566 2236 1666 2277 1861,
1693 2237 1724 2271 9.

214 2302 226 2320 ⁴
252 2299 396 2334 Librum
424 2300 524 2334 illum
551 2300 609 2333 vel
636 2300 756 2344 potius
783 2311 891 2333 unum
927 2311 972 2333 ex
1006 2299 1107 2333 libris
1143 2299 1216 2334 illis
1242 2300 1418 2334 fabulosis
1453 2312 1517 2334 seu
1542 2312 1663 2334 rerum
1690 2301 1733 2335 ab
1760 2301 1856 2346 equi-

94 2353 189 2387 tibus
216 2356 400 2396 gestarum
427 2352 587 2387 historiis
623 2353 718 2387 fictis
757 2352 948 2396 significat,
985 2363 1076 2396 quae
1109 2353 1265 2387 saeculis
1290 2353 1387 2387 XIII.
1415 2355 1450 2387 et
1475 2353 1571 2387 XIV.
1598 2354 1633 2387 in
1660 2354 1856 2395 Lusitania,

94 2408 134 2440 ut
159 2406 263 2440 multi
289 2407 433 2450 quidem
459 2408 619 2446 censent,
655 2406 698 2440 ab
734 2408 879 2440 auctore
916 2405 1052 2439 incerto
1085 2404 1214 2449 (eoque
1240 2405 1382 2449 gallicis
1408 2405 1510 2440 libris
1535 2406 1748 2450 quibusdam
1774 2408 1853 2450 uso)

94 2459 328 2504 conscriptae,
363 2459 536 2504 proximis
570 2459 736 2500 saeculis,
772 2458 958 2503 hispanice
994 2458 1102 2492 etiam
1137 2469 1179 2493 ac
1214 2458 1344 2502 gallice
1379 2462 1415 2493 et
1449 2459 1569 2494 italice
1604 2471 1740 2501 versae,
1776 2472 1857 2495 cum

94 2512 236 2546 nomine
276 2512 470 2555 „Amadisii
508 2512 551 2546 de
589 2512 724 2547 Gaula“
771 2523 879 2556 saepe
916 2511 1188 2546 excudebantur
1229 2514 1266 2546 et
1307 2512 1458 2546 multum
1502 2513 1856 2556 circumferebantur,

95 2565 186 2604 aliis,
221 2569 262 2599 ut
295 2565 476 2609 Torquato
510 2565 633 2606 Tasso,
670 2576 731 2599 eas
757 2564 998 2606 laudantibus,
1035 2564 1116 2599 aliis
1151 2564 1446 2609 improbantibus,
1482 2568 1521 2599 ut
1556 2568 1713 2601 Antonio
1740 2568 1856 2601 Posse-

97 2621 176 2652 vino
194 2618 227 2653 S.
241 2618 293 2659 .J.;
321 2619 402 2663 qui:
434 2618 676 2663 „Sparserat“,
704 2618 830 2662 inquit,
861 2617 916 2660 „in
942 2629 982 2651 eo
1002 2618 1102 2658 libro,
1130 2618 1293 2661 quisquis
1317 2618 1386 2652 fuit
1404 2621 1537 2658 auctor,
1564 2631 1704 2653 amores
1722 2620 1855 2662 foedos,

94 2672 275 2706 inauditos
289 2683 504 2715 congressus
519 2675 715 2715 equestres,
730 2671 894 2714 Magicas
909 2671 1024 2704 artes“
1047 2670 1285 2713 (Bibliotheca
1299 2670 1435 2705 selecta
1452 2672 1475 2713 I,
1495 2672 1628 2706 Romae
1645 2673 1744 2714 1593,
1760 2674 1855 2716 113).

96 2726 249 2758 ΜίοΙιαρῑ
269 2726 466 2768 Gervantes,
494 2727 598 2769 poeta
625 2725 685 2758 ille
712 2724 945 2764 clarissimus,
972 2723 1198 2757 Amadisium
1224 2724 1267 2758 de
1287 2723 1403 2758 Gaula
1429 2724 1465 2758 in
1492 2725 1707 2760 bibliotheca
1726 2727 1857 2770 equitis

100 2778 195 2820 „Don
223 2777 383 2822 Quijote“
414 2778 513 2822 ponit
539 2781 575 2811 et
600 2777 804 2823 parochum,
841 2777 900 2811 ubi
931 2788 1012 2811 cum
1038 2778 1181 2811 tonsore
1208 2779 1243 2811 et
1270 2777 1408 2811 duabus
1434 2777 1577 2812 feminis
1604 2779 1856 2814 bibliothecam

94 2831 194 2865 illam
219 2833 402 2865 scrutatur
429 2830 701 2875 compluresque
735 2830 845 2864 libros
881 2829 1064 2864 fabulosos
1096 2829 1171 2873 igni
1203 2830 1314 2864 tradit
1340 2831 1607 2872 comburendos,
1642 2831 1725 2867 huic
1751 2835 1856 2867 Ama-

95 2884 184 2918 disio
210 2886 415 2928 parcentem
442 2884 530 2917 facit
558 2883 616 2926 (El
644 2883 828 2927 ingenioso
854 2882 1010 2926 Hidalgo
1037 2881 1113 2916 Don
1142 2881 1286 2928 Quijote
1312 2882 1355 2917 de
1380 2883 1415 2917 la
1441 2884 1605 2925 Mancha,
1634 2885 1670 2919 P.
1697 2885 1722 2926 I,
1748 2897 1776 2920 c.
1805 2886 1856 2929 6).

96 2937 205 2971 Plura
240 2937 282 2970 de
309 2937 491 2970 Amadisio
523 2936 754 2981 proferuntur
788 2936 831 2970 ab
858 2938 887 2969 Ι.
919 2937 960 2970 G.
992 2936 1056 2969 ΤΙι.
1088 2937 1233 2979 Θνίῖεερ,
1268 2935 1457 2970 Lehrbuch
1493 2937 1590 2971 einer
1619 2937 1857 2982 allgemeinen

95 2989 446 3032 Literiirgeschichte
473 2989 516 3030 II,
542 2989 655 3033 Abtlg
681 2989 712 3030 3,
740 2989 902 3023 Dresden
928 3000 961 3022 u.
989 2988 1136 3033 Leipzig
1166 2988 1266 3029 1842,
1294 2990 1491 3024 397—405.

215 3055 228 3074 ⁵
262 3054 358 3089 Libri
389 3054 594 3096 „Confessio
634 3054 716 3088 fidei
752 3053 957 3088 Catholicae
994 3053 1225 3094 christiana“,
1264 3066 1284 3088 a
1324 3054 1503 3089 Stanislao
1538 3056 1711 3091 cardinali
1747 3057 1855 3091 Hosio

97 3107 300 3152 conscripti,
336 3108 396 3151 qui
429 3118 459 3141 a.
489 3107 723 3141 1553—1564
749 3107 934 3140 minimum
961 3111 1089 3150 quater
1116 3107 1235 3141 decies
1262 3119 1417 3141 excusus
1444 3110 1509 3149 est,
1546 3119 1576 3142 a.
1607 3109 1696 3144 1565
1723 3110 1856 3144 Romae

102 3159 215 3204 „apud
253 3160 403 3194 Paulum
441 3160 650 3201 Manutium,
692 3159 772 3194 Aldi
805 3160 937 3193 fllium²⁶
977 3171 1070 3194 nova.
1106 3160 1203 3194 faeta
1239 3163 1294 3194 est
1329 3160 1436 3195 editio
1465 3161 1589 3204 (Hosii
1615 3162 1796 3207 Epistolae
1824 3163 1855 3196 11

100 3212 360 3254 1007—1008).
