2045 3471
196 228 280 269 754
516 219 610 253 Mon.
630 217 698 252 815
723 216 802 251 sive
827 214 865 248 it.
889 213 979 257 (22).
1021 211 1077 245 Ab
1102 210 1158 245 21.
1177 207 1269 243 Iunii
1288 206 1332 241 ad
1359 205 1391 240 3.
1410 204 1506 249 Sept.
1528 202 1629 237 1565.

195 353 305 378 unum
340 335 606 376 seminarium&
641 334 677 368 in
712 345 781 377 quo
815 332 950 366 fratres
985 326 1193 363 scholastici
1228 324 1272 359 ad
1298 323 1441 358 litteras
1476 322 1512 355 et
1536 317 1809 357 humanitatem,
1843 313 1956 361 philo—

197 395 370 441 sophiam,
396 389 614 433 theologiam
640 386 888 425 instituantur,
914 382 1088 417 condatur
1116 379 1227 423 (decr.
1245 376 1296 422 9).
1338 374 1474 410 Deinde
1503 373 1643 417 (eodem
1669 371 1701 405 d.
1726 371 1780 405 14.
1798 368 1891 410 Iulii,
1916 370 1958 402 ut

198 461 243 483 ex
269 446 396 481 *Actis
428 454 537 478 manu
571 440 718 485 scriptis
752 451 785 484 p.
812 438 856 473 58
892 434 1131 478 intellegitur)
1171 429 1455 477 praepositorum
1491 424 1764 472 provincialium
1797 423 1961 467 potestas

197 500 315 543 magis
350 496 488 533 definiri
524 497 561 529 et
597 490 872 537 „commissarii“
908 488 967 523 vel
1002 486 1121 533 potius
1160 482 1409 528 „visitatores¹‘
1450 479 1629 514 interdum
1663 478 1805 512 tantum
1843 476 1880 509 et
1914 474 1958 508 ad

198 557 342 598 tempus
368 549 483 585 creari
508 548 676 582 iubentur
703 545 813 589 (decr.
842 543 885 578 10
911 544 948 576 et
975 540 1048 584 11).
1098 539 1141 573 D.
1171 537 1224 572 18.
1248 535 1339 575 Iulii,
1369 546 1408 568 re
1438 532 1594 576 „aliquot
1619 530 1743 565 diebus
1768 528 1961 567 tractata‘,

199 605 470 652 pronuntiatur:
505 601 744 635 Personarum
769 596 988 631 mutationes
1013 604 1121 637 saepe
1147 590 1254 625 utiles
1280 588 1340 623 vel
1366 587 1472 621 etiam
1499 584 1723 619 necessarias
1749 593 1846 621 esse;
1882 579 1963 614 ideo

201 660 294 695 hanc
328 657 544 703 potestatem
579 651 795 699 praepositis
821 647 1010 684 Societatis
1037 646 1201 680 constare
1228 642 1376 682 debere;
1411 639 1606 685 prudenter
1635 639 1757 671 tamen
1782 633 1960 678 agendum

202 715 238 748 et
277 710 503 755 „Principum
538 705 739 741 habendam
774 714 853 737 esse
887 700 1081 736 rationem“
1128 697 1235 741 (decr.
1267 694 1337 737 12).
1397 694 1516 737 Atque
1551 690 1689 735 (eodem
1725 689 1797 729 die,
1839 688 1880 720 ut
1917 696 1962 720 ex

202 765 330 801 iisdem
356 763 483 797 *Actis
518 771 602 795 mss.
630 771 663 804 p.
682 757 819 793 58—61
849 751 1091 798 cognoscitur)
1121 750 1193 785 alia
1219 747 1392 793 quaedam
1422 745 1534 789 (decr.
1554 744 1597 778 13
1624 745 1661 777 et
1679 742 1737 786 15)
1767 739 1965 775 constituta

204 820 306 859 sunt:
334 817 491 852 maxime
509 815 641 853 autem,
668 822 748 846 cum
768 811 865 843 esset
885 806 1169 850 „consideratum
1189 802 1326 845 aliquot
1344 799 1488 834 diebus:
1507 809 1552 832 an
1571 795 1757 841 expediret
1781 794 1817 828 in
1835 791 1967 837 quavis

205 870 397 906 Provincia
423 869 574 902 Domum
602 865 759 909 aliquam
778 861 1005 896 Probationis
1031 856 1207 894 institui“,
1234 853 1402 898 expedire
1429 852 1651 885 affirmatum
1677 850 1733 883 est
1760 847 1871 891 (decr.
1892 845 1967 888 14).

206 924 341 959 Deinde
369 923 442 966 (20.
460 921 552 961 Iulii,
577 923 618 953 ut
644 930 689 953 ex
713 917 833 951 *Actis
858 925 943 948 mss.
970 924 1004 957 p.
1032 912 1075 946 60
1102 908 1217 955 patet)
1246 904 1516 950 congregationi
1543 903 1621 938 visa
1652 904 1708 936 est
1737 901 1879 944 „aliqua
1904 899 1968 932 im-

207 977 358 1012 mutatio
385 973 688 1010 Constitutionum
724 971 760 1004 in
795 980 836 1002 ea
869 966 1005 1012 parte‘,
1041 975 1131 1008 quae
1158 962 1201 996 de
1226 959 1359 995 litteris
1384 957 1583 993 scribendis
1608 957 1706 990 esset
1733 954 1788 996 (P.
1814 954 1845 994 8,
1878 964 1908 986 c.
1937 954 1968 992 l,

209 1031 297 1066 decl.
324 1030 362 1071 L,
388 1029 437 1069 M,
462 1027 523 1071 N),
558 1025 634 1060 fieri
670 1023 818 1062 debere;
855 1031 965 1064 quare
1000 1016 1110 1061 aliqui
1145 1016 1189 1049 ad
1224 1024 1355 1048 novam
1395 1009 1602 1053 „formulam
1638 1006 1835 1042 scribendi“
1876 1015 1969 1039 com·

209 1083 408 1130 ponendam
444 1093 465 1115 a
499 1077 703 1125 praeposito
739 1073 899 1119 generali
925 1071 1055 1106 delecti
1081 1071 1166 1104 sunt
1194 1068 1305 1111 (decr.
1334 1066 1397 1106 16;
1424 1064 1469 1098 cf.
1496 1074 1605 1108 supra
1630 1074 1663 1106 p.
1694 1060 1788 1103 126).
1839 1059 1972 1093 Postea

214 1138 262 1179 (d.
289 1137 346 1171 23.
374 1135 465 1175 Iulii,
500 1135 541 1167 ut
566 1133 602 1166 in
628 1131 756 1165 *Actis
781 1139 867 1162 mss
894 1138 927 1171 p.
954 1124 1091 1160 60—61
1120 1120 1290 1163 refertur)
1328 1118 1399 1153 tria
1434 1118 1519 1152 sunt
1554 1114 1767 1150 constituta:
1805 1113 1835 1147 1.
1864 1111 1971 1145 Prae-

212 1190 328 1236 posito
355 1187 516 1232 generali
541 1184 697 1220 facultas
723 1182 869 1221 tributa,
901 1180 1064 1222 „cantum
1089 1175 1223 1209 Missae
1250 1176 1285 1208 et
1303 1170 1553 1216 vespemrum‘
1584 1168 1620 1202 in
1646 1167 1767 1210 aliqua
1792 1165 1871 1199 loca
1900 1163 1972 1206 „in-

213 1243 407 1282 ducendi“;
447 1241 478 1275 2.
505 1238 698 1274 seminaria
725 1235 935 1270 clericorum
960 1230 1167 1269 tridentina,
1194 1229 1224 1262 si
1252 1238 1342 1271 quae
1369 1223 1526 1270 episcopi
1553 1221 1723 1256 Societati
1749 1218 1974 1254 committere

213 1297 360 1337 vellent,
386 1294 538 1334 admitti,
569 1303 627 1335 „re
652 1290 742 1324 satis
768 1286 926 1331 agitata⁴⁴
957 1284 1066 1319 certis
1091 1284 1230 1316 tantum
1259 1291 1339 1314 cum
1367 1276 1633 1312 condicionibus
1659 1272 1812 1319 placuit:
1841 1272 1872 1306 3.
1892 1281 1972 1305 cum

214 1349 364 1393 Boi-gias
394 1346 567 1391 „septimo
594 1354 733 1389 quoque
752 1341 863 1376 anno“
895 1336 1209 1381 congregationem
1236 1331 1441 1376 generalem
1467 1329 1591 1364 haberi
1616 1327 1738 1366 vellet,
1765 1324 1973 1370 quaestione

214 1403 368 1438 multum
395 1401 544 1444 agitata,
570 1397 715 1432 tandem
741 1393 922 1429 sententia
948 1391 1089 1425 illorum
1116 1387 1242 1427 valuit,
1275 1386 1335 1430 qui
1362 1381 1632 1426 congregationi
1659 1378 1817 1424 generali
1843 1377 1976 1412 haben—

217 1457 282 1491 dae
317 1454 454 1489 nullum
489 1454 627 1487 certum
662 1452 804 1493 tempus
840 1444 1029 1488 assignari,
1064 1442 1127 1476 sed
1161 1440 1268 1475 tertio
1303 1449 1444 1483 quoque
1478 1447 1570 1470 anno
1605 1435 1640 1468 in
1679 1430 1976 1476 „congregatione

216 1507 522 1556 procuratorum“‚
548 1516 632 1539 num
658 1501 822 1537 habenda
847 1500 953 1539 esset,
981 1495 1168 1531 deliberari
1196 1492 1364 1527 volebant
1391 1490 1502 1534 (decr.
1531 1488 1699 1531 17—19).
1744 1486 1787 1520 D.
1813 1485 1869 1519 24.
1896 1483 1977 1517 Iulii

218 1563 424 1598 incohatum
451 1561 507 1594 est
532 1556 773 1602 quatriduum,
800 1565 869 1597 quo
887 1552 930 1586 de
948 1550 1052 1585 novis
1074 1545 1367 1591 „assistentibus“
1390 1541 1586 1588 praepositi
1604 1539 1784 1584 generalis
1802 1536 1979 1580 eligendis

224 1614 532 1659 „informationes‘
557 1610 635 1655 capi
655 1607 841 1654 oportebat
860 1606 970 1649 (decr.
991 1604 1010 1637 3
1030 1605 1066 1636 et
1083 1601 1157 1644 20).
1200 1599 1332 1643 Aliqua
1358 1597 1465 1631 etiam
1495 1595 1635 1639 (iisdem
1663 1592 1788 1627 diebus
1814 1591 1882 1631 24..
1909 1590 1979 1630 26.‚

220 1670 276 1704 27.
303 1667 395 1707 Iulii,
422 1668 461 1700 ut
487 1677 532 1699 ex
558 1664 686 1697 *Actis
711 1672 796 1694 mss.
823 1671 856 1704 p.
884 1656 1023 1692 61-62
1049 1652 1287 1696 intellegitur)
1325 1650 1368 1684 de
1400 1647 1696 1692 „Assistentium“
1728 1648 1764 1679 et
1792 1641 1980 1685 „Admoni—

221 1721 329 1756 toris“
368 1719 541 1753 electione
584 1727 626 1750 ac
661 1715 703 1749 de
741 1712 979 1747 universitate
1014 1707 1198 1742 valentina
1235 1707 1320 1739 sunt
1357 1704 1502 1738 decreta
1541 1700 1651 1743 (decr.
1686 1696 1855 1739 20—22).
1913 1694 1982 1728 Die

223 1775 278 1810 28.
306 1773 387 1808 Iulii
423 1771 529 1806 electi
554 1771 639 1804 sunt
667 1767 801 1810 (mane)
832 1766 1001 1809 quattuor
1036 1761 1264 1799 assistentes,
1301 1759 1408 1801 atque
1443 1755 1478 1788 in
1514 1754 1558 1788 iis
1593 1753 1631 1787 P.
1658 1750 1863 1785 Everardus
1888 1748 1981 1782 Mer—

223 1828 392 1863 curianus
418 1837 481 1870 pro
508 1823 647 1858 Galliae
674 1823 710 1855 et
737 1817 949 1854 Germaniae
976 1813 1189 1860 provinciis;
1225 1811 1361 1845 electus
1397 1810 1504 1843 etiam
1534 1807 1569 1846 (a
1595 1804 1758 1851 prandio)
1786 1800 1980 1848 praepositi

224 1879 404 1925 generalis
430 1877 629 1912 admonitor
655 1875 694 1909 P.
722 1874 872 1907 loannes
908 1870 950 1904 de
976 1868 1131 1903 Polanco
1160 1866 1267 1909 (decr.
1296 1862 1371 1907 22).
1421 1861 1474 1896 De
1500 1858 1751 1894 distributione
1777 1858 1897 1890 autem
1922 1854 1982 1888 bo-

225 1945 351 1969 norum
387 1943 431 1966 ex
457 1929 633 1965 sodalium
659 1925 885 1972 patrimoniis
912 1920 1198 1968 provenientium
1225 1918 1406 1951 decretum
1434 1916 1490 1949 est
1518 1913 1626 1956 (decr.
1654 1910 1714 1954 23)
1750 1910 1786 1943 in
1819 1907 1982 1953 proxima

227 1988 366 2022 actione
396 1985 487 2029 (eam
517 1984 547 2017 3.
576 1981 732 2024 Augusti
766 1979 927 2012 habitam
963 1978 998 2009 et-
1033 1974 1069 2008 in
1096 1973 1219 2007 eadem
1246 1970 1288 2004 de
1315 1968 1464 2012 collegio
1490 1963 1731 2010 herbipolensi
1757 1963 1876 1996 actum
1904 1970 1984 1994 esse

227 2043 327 2086 patet
355 2051 399 2073 ex
425 2039 553 2071 *Actis
577 2046 663 2068 mss.
689 2045 723 2078 p.
751 2031 909 2069 62—63;
946 2028 1076 2062 ibidem
1103 2027 1270 2063 refertur,
1306 2023 1338 2056 6.
1365 2020 1520 2064 Augusti
1555 2019 1598 2052 de
1625 2017 1806 2060 dilingano
1832 2014 1986 2056 aliisque

229 2092 391 2136 collegiis
417 2092 614 2125 tractatum
641 2098 739 2127 esse;
766 2085 870 2130 plura
896 2082 978 2116 vide
1004 2080 1100 2114 infra
1124 2090 1217 2112 mon.
1244 2076 1343 2119 819).
1379 2074 1511 2108 Postea
1539 2071 1647 2114 (decr.
1666 2070 1727 2112 26)
1756 2080 1820 2102 sex
1843 2065 1984 2109 „defini-

229 2147 344 2181 tores‘
384 2143 490 2178 electi
525 2143 609 2176 sunt
648 2139 711 2182 „ad
746 2150 805 2172 res
839 2133 1138 2173 determinandas,
1174 2141 1264 2175 quas
1300 2129 1351 2162 eis
1378 2124 1618 2169 Congregatio
1645 2120 1901 2157 commisisset“
1934 2116 1985 2161 (id

231 2201 263 2235 8.
290 2198 447 2242 Augusti
472 2196 620 2234 factum,
656 2193 851 2235 eodemque
888 2189 943 2222 die
970 2186 1173 2230 singulares
1198 2183 1336 2227 aliquot
1362 2191 1492 2215 causas
1519 2177 1685 2212 definitas
1711 2186 1789 2209 esse
1816 2174 1916 2218 patet
1941 2182 1989 2204 ex

231 2254 359 2287 *Actis
386 2261 472 2285 mss.
498 2261 531 2294 p.
559 2247 727 2290 63-64).
764 2244 898 2278 Deinde
928 2242 999 2285 (11.
1020 2238 1187 2282 Augusti,
1214 2238 1255 2270 ut
1281 2247 1325 2269 ex
1351 2235 1479 2268 *Actis
1505 2243 1589 2265 mss.
1617 2242 1649 2274 p.
1677 2229 1722 2263 64
1747 2224 1984 2269 intellegitur)

233 2307 274 2340 de
301 2304 475 2340 sodalium
502 2303 538 2336 in
556 2300 719 2343 collegiis
737 2297 944 2332 alendorum
963 2304 1109 2328 numero
1128 2292 1317 2329 statutum,
1344 2290 1380 2321 et
1398 2284 1645 2320 definitoribus
1663 2281 1765 2315 varia
1782 2280 1825 2313 de
1841 2276 1989 2321 regulis,

234 2357 533 2393 admonitionibus
559 2355 598 2388 P.
617 2352 767 2392 Natalis,
795 2350 938 2385 casibus
963 2344 1159 2381 reservatis
1185 2341 1374 2377 commissa
1395 2339 1505 2383 (decr.
1524 2337 1566 2371 27
1588 2338 1623 2370 et
1645 2335 1720 2378 28).
1755 2333 1843 2367 Cum
1869 2332 1988 2365 autem

239 2424 320 2456 „per
347 2410 482 2454 aliquot
517 2408 592 2442 dies
619 2404 859 2450 disputatum“
891 2402 987 2435 esset
1016 2399 1079 2441 „de
1105 2396 1267 2440 augendo
1293 2396 1453 2438 tempore
1479 2389 1668 2425 orationis“
1697 2387 1734 2420 in
1760 2382 1988 2420 Constitutio-

235 2465 338 2499 nibus
367 2463 424 2506 (P.
450 2465 487 2502 4,
516 2474 543 2495 c.
570 2462 609 2502 4,
637 2471 669 2494 n.
697 2459 717 2493 3
743 2459 765 2492 4
798 2459 833 2490 et
859 2456 904 2495 B,
932 2454 973 2497 C)
1011 2450 1249 2497 praescripto,
1286 2458 1327 2481 ea
1362 2444 1518 2480 facultas
1556 2442 1664 2485 (decr.
1691 2440 1753 2483 29)
1789 2436 1994 2483 praeposito

237 2517 395 2561 generali
421 2515 556 2549 tributa
583 2515 656 2553 est;
684 2514 792 2554 atque
822 2509 960 2550 (eodem
988 2506 1044 2539 die
1073 2503 1127 2538 13.
1154 2500 1320 2545 Augusti,
1347 2502 1387 2533 ut
1412 2510 1457 2532 ex
1483 2496 1608 2530 *Actis
1632 2505 1718 2528 mss.
1744 2504 1778 2537 p.
1804 2492 1848 2525 65
1875 2488 1990 2534 patet)

238 2569 482 2604 definitoribus
509 2567 629 2610 aliqua
654 2566 738 2599 sunt
764 2561 954 2597 commissa
980 2561 1016 2592 et
1041 2557 1180 2600 aliquos
1197 2555 1233 2588 in
1251 2552 1403 2598 patriam
1422 2549 1538 2584 redire
1556 2547 1768 2593 permissum
1788 2543 1898 2587 (decr.
1918 2541 1994 2584 30).

239 2623 320 2657 Alia
346 2633 486 2666 quoque
516 2620 587 2663 (die
608 2620 661 2653 16.
682 2616 848 2660 Augusti,
874 2615 914 2647 ut
939 2624 984 2646 ex
1002 2611 1131 2645 *Actis
1156 2619 1241 2642 mss.
1268 2618 1301 2651 p.
1321 2606 1364 2640 65
1392 2602 1542 2644 eruitur)
1571 2602 1727 2634 tractata
1755 2597 1865 2641 (decr.
1884 2595 1926 2629 31
1947 2596 1995 2634 et,

240 2679 280 2709 ut
306 2687 350 2709 ex
376 2675 501 2708 iisdem
526 2673 646 2706 *Actis
670 2670 693 2706 l.
721 2681 749 2704 c.
775 2670 886 2714 patet,
913 2665 983 2700 alia
1009 2661 1212 2708 quaedam),
1249 2662 1285 2693 et
1311 2657 1515 2692 definitores
1541 2653 1599 2687 vel
1625 2651 1742 2687 omnia
1768 2649 1825 2684 vel
1856 2649 1994 2693 partem

242 2739 361 2762 eorum
381 2727 543 2761 decidere
562 2724 648 2759 iussi
667 2726 762 2757 sunt.
803 2721 865 2764 „19
885 2719 940 2753 die
959 2716 1126 2760 Augusti,
1153 2725 1233 2748 cum
1251 2713 1441 2754 urgeretur
1458 2706 1628 2742 tractatio
1646 2702 1890 2739 dissolutionis
1909 2700 1996 2734 Con-

243 2780 462 2824 gregationis
488 2780 632 2823 propter
649 2776 769 2810 varias
795 2784 923 2808 causas
949 2771 992 2805 ad
1020 2779 1204 2804 commune
1223 2763 1414 2800 Societatis
1439 2762 1569 2796 bonum
1595 2757 1826 2803 pertinenteS,
1852 2753 1996 2788 tandem

244 2832 396 2877 placuit:
431 2843 475 2865 ne
511 2830 768 2864 dissolveretur
800 2837 915 2870 usque
950 2823 995 2858 ad
1021 2823 1128 2856 finem
1153 2818 1287 2854 mensis
1312 2816 1462 2855 huius“;
1498 2813 1618 2847 eodem
1647 2811 1788 2844 decreto
1816 2806 1892 2851 (32)
1921 2816 1998 2850 per—

245 2885 395 2918 missum
430 2887 495 2924 est,
530 2885 570 2916 ut
604 2894 625 2916 a
660 2881 815 2915 decretis
854 2877 1079 2912 definitorum
1110 2870 1358 2916 „intercessi0“
1388 2868 1500 2907 fieret,
1537 2867 1582 2906 et,
1618 2875 1688 2907 qua
1721 2861 1858 2896 ratione
1891 2859 1998 2892 inter·

248 2937 427 2971 cessiones
460 2934 707 2969 terminandae
742 2934 872 2972 essent,
908 2942 950 2964 ac
976 2928 1108 2963 similia
1135 2924 1331 2960 constituta
1359 2921 1498 2965 (eodem
1525 2919 1591 2958 die,
1625 2919 1665 2950 ut
1690 2927 1735 2949 ex
1761 2914 1888 2947 *Actis
1912 2921 2000 2945 mss.

248 3001 281 3033 p.
309 2989 446 3022 65—66
481 2990 592 3032 patet,
624 2987 666 3020 de
702 2985 782 3020 aliis
817 2982 1027 3027 quibusdam
1065 2979 1183 3014 causis
1215 2976 1352 3011 duobus
1377 2972 1532 3008 decretis
1565 2970 1741 3004 statutum
1768 2966 1852 3008 est).
1902 2964 2002 2997 Bona

251 3044 369 3075 autem
411 3040 607 3074 immobilia
649 3039 684 3072 in
723 3037 884 3072 domibus
926 3033 1100 3079 professis
1143 3028 1347 3076 possidendi
1389 3027 1465 3060 iure
1507 3031 1729 3068 quocumque
1771 3015 2003 3061 congregatio

255 3093 363 3135 (decr.
390 3093 449 3135 33)
477 3092 618 3126 nomine
645 3091 835 3124 Societatis
861 3087 971 3122 cessit
999 3087 1049 3130 (id
1076 3085 1133 3119 21.
1160 3082 1314 3126 Augusti
1340 3080 1495 3118 factum;
1529 3076 1651 3110 eodem
1677 3073 1733 3107 die
1759 3071 1801 3105 de
1827 3068 2000 3112 singulari

253 3145 371 3189 aliquo
397 3145 539 3188 negotio
566 3145 747 3178 decretum
775 3144 848 3181 est;
875 3141 1036 3185 proximo
1063 3148 1202 3181 quoque
1229 3135 1284 3169 die
1311 3133 1431 3176 aliqua
1453 3131 1609 3164 tractata
1634 3137 1699 3160 nec
1717 3127 1837 3159 tamen
1856 3121 2002 3156 definita

254 3199 355 3236 sunt;
383 3208 472 3239 quae
499 3196 615 3229 omnia
642 3207 686 3228 ex
710 3195 836 3227 *Actis
862 3204 946 3226 mss.
974 3204 1007 3236 p.
1035 3190 1171 3225 66-67
1200 3184 1488 3229 intelleguntur).
1521 3180 1633 3215 Varia
1659 3177 1785 3213 deinde
1810 3176 1853 3210 de
1880 3173 2003 3209 defini·
