<?xml version="1.0" encoding="UTF-8"?>
<!DOCTYPE html PUBLIC "-//W3C//DTD XHTML 1.0 Transitional//EN"
    "http://www.w3.org/TR/xhtml1/DTD/xhtml1-transitional.dtd">
<html xmlns="http://www.w3.org/1999/xhtml" xml:lang="en" lang="en">
 <head>
  <title>
</title>
<meta http-equiv="Content-Type" content="text/html;charset=utf-8" />
  <meta name='ocr-system' content='tesseract 3.04.00' />
  <meta name='ocr-capabilities' content='ocr_page ocr_carea ocr_par ocr_line ocrx_word'/>
</head>
<body>
  <div class='ocr_page' id='page_1' title='image "beatipetricanisi05cani_0730.png"; bbox 0 0 2045 3471; ppageno 0'>
   <div class='ocr_carea' id='block_1_1' title="bbox 199 207 1526 257">
    <p class='ocr_par' dir='ltr' id='par_1_1' title="bbox 199 207 1526 257">
     <span class='ocr_line' id='line_1_1' title="bbox 199 207 1526 257; baseline -0.012 0"><span class='ocrx_word' id='word_1_1' title='bbox 199 216 284 257; x_wconf 83' lang='grc'>642</span> <span class='ocrx_word' id='word_1_2' title='bbox 634 211 728 245; x_wconf 88' lang='lat' dir='ltr'>Mon.</span> <span class='ocrx_word' id='word_1_3' title='bbox 750 210 818 244; x_wconf 85' lang='lat'>730</span> <span class='ocrx_word' id='word_1_4' title='bbox 843 210 921 244; x_wconf 90' lang='lat' dir='ltr'>sive</span> <span class='ocrx_word' id='word_1_5' title='bbox 947 221 1058 253; x_wconf 83' lang='lat' dir='ltr'>germ.</span> <span class='ocrx_word' id='word_1_6' title='bbox 1078 208 1100 243; x_wconf 94' lang='lat' dir='ltr'>l.</span> <span class='ocrx_word' id='word_1_7' title='bbox 1122 208 1188 252; x_wconf 88' lang='lat'>(5).</span> <span class='ocrx_word' id='word_1_8' title='bbox 1234 208 1286 242; x_wconf 90' lang='grc'>19.</span> <span class='ocrx_word' id='word_1_9' title='bbox 1307 207 1403 252; x_wconf 86' lang='lat' dir='ltr'>Sept.</span> <span class='ocrx_word' id='word_1_10' title='bbox 1425 207 1526 241; x_wconf 88' lang='lat'>1565.</span> 
     </span>
    </p>
   </div>
   <div class='ocr_carea' id='block_1_2' title="bbox 198 324 1968 1685">
    <p class='ocr_par' dir='ltr' id='par_1_2' title="bbox 198 324 1968 1685">
     <span class='ocr_line' id='line_1_2' title="bbox 199 324 1965 384; baseline -0.005 -10"><span class='ocrx_word' id='word_1_11' title='bbox 199 332 388 381; x_wconf 87' lang='lat' dir='ltr'>solitum,</span> <span class='ocrx_word' id='word_1_12' title='bbox 433 332 612 384; x_wconf 90' lang='lat' dir='ltr'>propter</span> <span class='ocrx_word' id='word_1_13' title='bbox 651 328 864 381; x_wconf 80' lang='lat' dir='ltr'>insignem</span> <span class='ocrx_word' id='word_1_14' title='bbox 907 328 998 369; x_wconf 91' lang='lat' dir='ltr'>eius</span> <span class='ocrx_word' id='word_1_15' title='bbox 1038 327 1302 382; x_wconf 74' lang='lat' dir='ltr'>probitatem</span> <span class='ocrx_word' id='word_1_16' title='bbox 1344 331 1420 367; x_wconf 58' lang='lat' dir='ltr'>aca</span> <span class='ocrx_word' id='word_1_17' title='bbox 1458 325 1599 374; x_wconf 87' lang='lat' dir='ltr'>fidem,</span> <span class='ocrx_word' id='word_1_18' title='bbox 1643 324 1722 366; x_wconf 84' lang='lat' dir='ltr'>acb</span> <span class='ocrx_word' id='word_1_19' title='bbox 1762 337 1965 376; x_wconf 88' lang='lat' dir='ltr'>magnam</span> 
     </span>
     <span class='ocr_line' id='line_1_3' title="bbox 198 389 1965 439; baseline -0.005 -1"><span class='ocrx_word' id='word_1_20' title='bbox 198 411 342 439; x_wconf 88' lang='lat' dir='ltr'>rerum</span> <span class='ocrx_word' id='word_1_21' title='bbox 376 395 503 437; x_wconf 89' lang='lat' dir='ltr'>istius</span> <span class='ocrx_word' id='word_1_22' title='bbox 535 393 684 436; x_wconf 88' lang='lat' dir='ltr'>inclite</span> <span class='ocrx_word' id='word_1_23' title='bbox 716 393 905 435; x_wconf 87' lang='lat' dir='ltr'>nationis</span> <span class='ocrx_word' id='word_1_24' title='bbox 937 398 1037 434; x_wconf 82' lang='lat' dir='ltr'>suec</span> <span class='ocrx_word' id='word_1_25' title='bbox 1058 392 1259 434; x_wconf 90' lang='lat' dir='ltr'>notitiam</span> <span class='ocrx_word' id='word_1_26' title='bbox 1292 390 1492 432; x_wconf 88' lang='lat' dir='ltr'>idoneum</span> <span class='ocrx_word' id='word_1_27' title='bbox 1517 389 1718 431; x_wconf 83' lang='lat' dir='ltr'>duximus</span> <span class='ocrx_word' id='word_1_28' title='bbox 1750 389 1817 430; x_wconf 91' lang='lat' dir='ltr'>cui</span> <span class='ocrx_word' id='word_1_29' title='bbox 1849 402 1965 430; x_wconf 92' lang='lat' dir='ltr'>com-</span> 
     </span>
     <span class='ocr_line' id='line_1_4' title="bbox 201 454 1967 503; baseline -0.005 0"><span class='ocrx_word' id='word_1_30' title='bbox 201 461 474 503; x_wconf 76' lang='lat' dir='ltr'>mitteremus</span> <span class='ocrx_word' id='word_1_31' title='bbox 516 458 704 501; x_wconf 87' lang='lat' dir='ltr'>officium</span> <span class='ocrx_word' id='word_1_32' title='bbox 747 457 955 500; x_wconf 88' lang='lat' dir='ltr'>visitandi</span> <span class='ocrx_word' id='word_1_33' title='bbox 995 460 1146 500; x_wconf 90' lang='lat' dir='ltr'>nostro</span> <span class='ocrx_word' id='word_1_34' title='bbox 1188 456 1360 498; x_wconf 90' lang='lat' dir='ltr'>nomine</span> <span class='ocrx_word' id='word_1_35' title='bbox 1392 454 1718 497; x_wconf 72' lang='lat' dir='ltr'>fraternitatem</span> <span class='ocrx_word' id='word_1_36' title='bbox 1759 456 1880 495; x_wconf 90' lang='lat' dir='ltr'>tuam</span> <span class='ocrx_word' id='word_1_37' title='bbox 1922 456 1967 496; x_wconf 92' lang='lat' dir='ltr'>et</span> 
     </span>
     <span class='ocr_line' id='line_1_5' title="bbox 199 518 1967 578; baseline -0.006 -10"><span class='ocrx_word' id='word_1_38' title='bbox 199 526 308 569; x_wconf 88' lang='lat' dir='ltr'>alios</span> <span class='ocrx_word' id='word_1_39' title='bbox 341 525 550 578; x_wconf 89' lang='lat' dir='ltr'>quosdam</span> <span class='ocrx_word' id='word_1_40' title='bbox 582 523 770 565; x_wconf 90' lang='lat' dir='ltr'>nationis</span> <span class='ocrx_word' id='word_1_41' title='bbox 804 522 1022 565; x_wconf 82' lang='lat' dir='ltr'>eiusdemd</span> <span class='ocrx_word' id='word_1_42' title='bbox 1054 522 1254 563; x_wconf 88' lang='lat' dir='ltr'>Prelatos</span> <span class='ocrx_word' id='word_1_43' title='bbox 1286 534 1337 562; x_wconf 91' lang='lat' dir='ltr'>ac</span> <span class='ocrx_word' id='word_1_44' title='bbox 1376 520 1539 562; x_wconf 85' lang='lat' dir='ltr'>fratres</span> <span class='ocrx_word' id='word_1_45' title='bbox 1580 521 1765 569; x_wconf 78' lang='lat' dir='ltr'>nostros,</span> <span class='ocrx_word' id='word_1_46' title='bbox 1809 518 1967 571; x_wconf 90' lang='lat' dir='ltr'>quique</span> 
     </span>
     <span class='ocr_line' id='line_1_6' title="bbox 200 583 1966 643; baseline -0.006 -10"><span class='ocrx_word' id='word_1_47' title='bbox 200 591 281 634; x_wconf 92' lang='lat' dir='ltr'>tibi</span> <span class='ocrx_word' id='word_1_48' title='bbox 304 593 372 633; x_wconf 78' lang='lat' dir='ltr'>et⁰</span> <span class='ocrx_word' id='word_1_49' title='bbox 394 589 551 631; x_wconf 85' lang='lat' dir='ltr'>ceteris</span> <span class='ocrx_word' id='word_1_50' title='bbox 573 591 835 643; x_wconf 80' lang='lat' dir='ltr'>proponeret</span> <span class='ocrx_word' id='word_1_51' title='bbox 868 587 936 630; x_wconf 71' lang='lat' dir='ltr'>ac‘</span> <span class='ocrx_word' id='word_1_52' title='bbox 966 587 1212 629; x_wconf 81' lang='lat' dir='ltr'>declararet</span> <span class='ocrx_word' id='word_1_53' title='bbox 1240 599 1468 639; x_wconf 80' lang='lat' dir='ltr'>synceram</span> <span class='ocrx_word' id='word_1_54' title='bbox 1492 587 1681 626; x_wconf 89' lang='lat' dir='ltr'>mentem</span> <span class='ocrx_word' id='word_1_55' title='bbox 1716 588 1792 625; x_wconf 81' lang='lat' dir='ltr'>acg</span> <span class='ocrx_word' id='word_1_56' title='bbox 1813 583 1966 624; x_wconf 89' lang='lat' dir='ltr'>volun-</span> 
     </span>
     <span class='ocr_line' id='line_1_7' title="bbox 198 647 1967 702; baseline -0.006 -3"><span class='ocrx_word' id='word_1_57' title='bbox 198 659 338 699; x_wconf 89' lang='lat' dir='ltr'>tatem</span> <span class='ocrx_word' id='word_1_58' title='bbox 370 657 565 697; x_wconf 89' lang='lat' dir='ltr'>nostram</span> <span class='ocrx_word' id='word_1_59' title='bbox 588 657 632 697; x_wconf 89' lang='lat' dir='ltr'>et</span> <span class='ocrx_word' id='word_1_60' title='bbox 654 653 866 696; x_wconf 85' lang='lat' dir='ltr'>salutaria</span> <span class='ocrx_word' id='word_1_61' title='bbox 900 651 1127 694; x_wconf 89' lang='lat' dir='ltr'>desideria.</span> <span class='ocrx_word' id='word_1_62' title='bbox 1170 650 1317 692; x_wconf 79' lang='lat' dir='ltr'>Idemh</span> <span class='ocrx_word' id='word_1_63' title='bbox 1340 650 1418 692; x_wconf 89' lang='lat' dir='ltr'>tibi</span> <span class='ocrx_word' id='word_1_64' title='bbox 1442 650 1604 691; x_wconf 82' lang='lat' dir='ltr'>referet</span> <span class='ocrx_word' id='word_1_65' title='bbox 1631 662 1760 702; x_wconf 88' lang='lat' dir='ltr'>quam</span> <span class='ocrx_word' id='word_1_66' title='bbox 1782 647 1967 700; x_wconf 90' lang='lat' dir='ltr'>benigne</span> 
     </span>
     <span class='ocr_line' id='line_1_8' title="bbox 199 711 1966 770; baseline -0.006 -7"><span class='ocrx_word' id='word_1_67' title='bbox 199 721 278 764; x_wconf 91' lang='lat' dir='ltr'>tibi</span> <span class='ocrx_word' id='word_1_68' title='bbox 318 720 574 762; x_wconf 83' lang='lat' dir='ltr'>facultatem</span> <span class='ocrx_word' id='word_1_69' title='bbox 618 718 861 760; x_wconf 88' lang='lat' dir='ltr'>dederimus</span> <span class='ocrx_word' id='word_1_70' title='bbox 903 717 1015 759; x_wconf 89' lang='lat' dir='ltr'>sicut</span> <span class='ocrx_word' id='word_1_71' title='bbox 1056 715 1289 770; x_wconf 90' lang='lat' dir='ltr'>postulasti</span> <span class='ocrx_word' id='word_1_72' title='bbox 1331 714 1597 758; x_wconf 88' lang='lat' dir='ltr'>attribuendi</span> <span class='ocrx_word' id='word_1_73' title='bbox 1639 715 1683 755; x_wconf 93' lang='lat' dir='ltr'>et</span> <span class='ocrx_word' id='word_1_74' title='bbox 1722 711 1966 766; x_wconf 90' lang='lat' dir='ltr'>applicandi</span> 
     </span>
     <span class='ocr_line' id='line_1_9' title="bbox 200 777 1967 839; baseline -0.005 -12"><span class='ocrx_word' id='word_1_75' title='bbox 200 786 383 839; x_wconf 91' lang='lat' dir='ltr'>collegio</span> <span class='ocrx_word' id='word_1_76' title='bbox 424 784 657 827; x_wconf 83' lang='lat' dir='ltr'>Societatis</span> <span class='ocrx_word' id='word_1_77' title='bbox 700 783 792 825; x_wconf 89' lang='lat' dir='ltr'>iesu</span> <span class='ocrx_word' id='word_1_78' title='bbox 833 783 875 824; x_wconf 91' lang='lat' dir='ltr'>in</span> <span class='ocrx_word' id='word_1_79' title='bbox 918 782 1106 824; x_wconf 83' lang='lat' dir='ltr'>Ciuitate</span> <span class='ocrx_word' id='word_1_80' title='bbox 1146 783 1224 823; x_wconf 86' lang='lat' dir='ltr'>tua</span> <span class='ocrx_word' id='word_1_81' title='bbox 1256 778 1534 821; x_wconf 88' lang='lat' dir='ltr'>Treuerensii</span> <span class='ocrx_word' id='word_1_82' title='bbox 1576 778 1812 820; x_wconf 89' lang='lat' dir='ltr'>constituto</span> <span class='ocrx_word' id='word_1_83' title='bbox 1853 777 1967 819; x_wconf 90' lang='lat' dir='ltr'>bona</span> 
     </span>
     <span class='ocr_line' id='line_1_10' title="bbox 201 842 1968 902; baseline -0.006 -9"><span class='ocrx_word' id='word_1_84' title='bbox 201 855 245 894; x_wconf 91' lang='lat' dir='ltr'>et</span> <span class='ocrx_word' id='word_1_85' title='bbox 287 849 510 892; x_wconf 76' lang='lat' dir='ltr'>redditusk</span> <span class='ocrx_word' id='word_1_86' title='bbox 551 848 802 902; x_wconf 86' lang='lat' dir='ltr'>monasterij</span> <span class='ocrx_word' id='word_1_87' title='bbox 847 847 946 889; x_wconf 91' lang='lat' dir='ltr'>olim</span> <span class='ocrx_word' id='word_1_88' title='bbox 989 846 1268 888; x_wconf 88' lang='lat' dir='ltr'>monialium1</span> <span class='ocrx_word' id='word_1_89' title='bbox 1310 846 1467 887; x_wconf 82' lang='lat' dir='ltr'>Sancte</span> <span class='ocrx_word' id='word_1_90' title='bbox 1509 842 1721 885; x_wconf 87' lang='lat' dir='ltr'>Barbare¹</span> <span class='ocrx_word' id='word_1_91' title='bbox 1763 842 1849 884; x_wconf 90' lang='lat' dir='ltr'>iam</span> <span class='ocrx_word' id='word_1_92' title='bbox 1897 842 1968 883; x_wconf 90' lang='lat' dir='ltr'>diu</span> 
     </span>
     <span class='ocr_line' id='line_1_11' title="bbox 199 907 1966 969; baseline -0.007 -10"><span class='ocrx_word' id='word_1_93' title='bbox 199 917 311 959; x_wconf 90' lang='lat' dir='ltr'>sicut</span> <span class='ocrx_word' id='word_1_94' title='bbox 334 915 611 969; x_wconf 82' lang='lat' dir='ltr'>accepimusm</span> <span class='ocrx_word' id='word_1_95' title='bbox 633 914 807 963; x_wconf 77' lang='lat' dir='ltr'>deserti,</span> <span class='ocrx_word' id='word_1_96' title='bbox 843 927 927 966; x_wconf 86' lang='lat' dir='ltr'>qua</span> <span class='ocrx_word' id='word_1_97' title='bbox 958 913 999 953; x_wconf 89' lang='lat' dir='ltr'>in</span> <span class='ocrx_word' id='word_1_98' title='bbox 1033 926 1080 953; x_wconf 89' lang='lat' dir='ltr'>re</span> <span class='ocrx_word' id='word_1_99' title='bbox 1113 912 1298 953; x_wconf 86' lang='lat' dir='ltr'>libenter</span> <span class='ocrx_word' id='word_1_100' title='bbox 1320 909 1531 952; x_wconf 87' lang='lat' dir='ltr'>desiderio</span> <span class='ocrx_word' id='word_1_101' title='bbox 1564 913 1639 952; x_wconf 88' lang='lat' dir='ltr'>tuo</span> <span class='ocrx_word' id='word_1_102' title='bbox 1663 907 1966 957; x_wconf 79' lang='lat' dir='ltr'>satisfecimus,</span> 
     </span>
     <span class='ocr_line' id='line_1_12' title="bbox 199 971 1967 1034; baseline -0.006 -11"><span class='ocrx_word' id='word_1_103' title='bbox 199 982 248 1023; x_wconf 90' lang='lat' dir='ltr'>Id</span> <span class='ocrx_word' id='word_1_104' title='bbox 281 981 394 1023; x_wconf 92' lang='lat' dir='ltr'>enim</span> <span class='ocrx_word' id='word_1_105' title='bbox 425 980 565 1034; x_wconf 87' lang='lat' dir='ltr'>ipsum</span> <span class='ocrx_word' id='word_1_106' title='bbox 598 979 792 1021; x_wconf 85' lang='lat' dir='ltr'>declarat</span> <span class='ocrx_word' id='word_1_107' title='bbox 824 980 1092 1031; x_wconf 88' lang='lat' dir='ltr'>quantopere</span> <span class='ocrx_word' id='word_1_108' title='bbox 1118 977 1296 1018; x_wconf 83' lang='lat' dir='ltr'>studeas</span> <span class='ocrx_word' id='word_1_109' title='bbox 1319 975 1571 1029; x_wconf 82' lang='lat' dir='ltr'>religionem</span> <span class='ocrx_word' id='word_1_110' title='bbox 1607 973 1893 1015; x_wconf 85' lang='lat' dir='ltr'>catholicamn</span> <span class='ocrx_word' id='word_1_111' title='bbox 1923 971 1967 1013; x_wconf 91' lang='lat' dir='ltr'>in</span> 
     </span>
     <span class='ocr_line' id='line_1_13' title="bbox 200 1038 1966 1092; baseline -0.006 -4"><span class='ocrx_word' id='word_1_112' title='bbox 200 1046 379 1089; x_wconf 87' lang='lat' dir='ltr'>ciuitate</span> <span class='ocrx_word' id='word_1_113' title='bbox 412 1059 462 1087; x_wconf 90' lang='lat' dir='ltr'>ac</span> <span class='ocrx_word' id='word_1_114' title='bbox 486 1044 668 1086; x_wconf 87' lang='lat' dir='ltr'>diocesi⁰</span> <span class='ocrx_word' id='word_1_115' title='bbox 699 1047 776 1086; x_wconf 90' lang='lat' dir='ltr'>tua</span> <span class='ocrx_word' id='word_1_116' title='bbox 808 1043 921 1085; x_wconf 89' lang='lat' dir='ltr'>tueri</span> <span class='ocrx_word' id='word_1_117' title='bbox 953 1045 997 1084; x_wconf 89' lang='lat' dir='ltr'>et</span> <span class='ocrx_word' id='word_1_118' title='bbox 1030 1055 1302 1084; x_wconf 87' lang='lat' dir='ltr'>conseruare.</span> <span class='ocrx_word' id='word_1_119' title='bbox 1357 1041 1485 1082; x_wconf 86' lang='lat' dir='ltr'>Cuius</span> <span class='ocrx_word' id='word_1_120' title='bbox 1507 1040 1568 1081; x_wconf 89' lang='lat' dir='ltr'>rei</span> <span class='ocrx_word' id='word_1_121' title='bbox 1593 1038 1758 1092; x_wconf 86' lang='lat' dir='ltr'>egregij</span> <span class='ocrx_word' id='word_1_122' title='bbox 1784 1039 1966 1079; x_wconf 88' lang='lat' dir='ltr'>conatus</span> 
     </span>
     <span class='ocr_line' id='line_1_14' title="bbox 200 1101 1966 1161; baseline -0.006 -8"><span class='ocrx_word' id='word_1_123' title='bbox 200 1111 263 1154; x_wconf 92' lang='lat' dir='ltr'>tui</span> <span class='ocrx_word' id='word_1_124' title='bbox 296 1125 391 1153; x_wconf 90' lang='lat' dir='ltr'>cum</span> <span class='ocrx_word' id='word_1_125' title='bbox 424 1125 509 1152; x_wconf 92' lang='lat' dir='ltr'>non</span> <span class='ocrx_word' id='word_1_126' title='bbox 541 1110 628 1152; x_wconf 87' lang='lat' dir='ltr'>sint</span> <span class='ocrx_word' id='word_1_127' title='bbox 660 1109 782 1151; x_wconf 90' lang='lat' dir='ltr'>nobis</span> <span class='ocrx_word' id='word_1_128' title='bbox 814 1108 1022 1161; x_wconf 81' lang='lat' dir='ltr'>incogniti</span> <span class='ocrx_word' id='word_1_129' title='bbox 1056 1121 1104 1149; x_wconf 93' lang='lat' dir='ltr'>eo</span> <span class='ocrx_word' id='word_1_130' title='bbox 1139 1106 1308 1148; x_wconf 90' lang='lat' dir='ltr'>nomine</span> <span class='ocrx_word' id='word_1_131' title='bbox 1341 1119 1544 1158; x_wconf 90' lang='lat' dir='ltr'>magnam</span> <span class='ocrx_word' id='word_1_132' title='bbox 1587 1104 1666 1146; x_wconf 90' lang='lat' dir='ltr'>tibi</span> <span class='ocrx_word' id='word_1_133' title='bbox 1707 1103 1751 1145; x_wconf 91' lang='lat' dir='ltr'>in</span> <span class='ocrx_word' id='word_1_134' title='bbox 1783 1101 1966 1143; x_wconf 88' lang='lat' dir='ltr'>Domino</span> 
     </span>
     <span class='ocr_line' id='line_1_15' title="bbox 200 1167 1967 1224; baseline -0.006 -6"><span class='ocrx_word' id='word_1_135' title='bbox 200 1177 371 1219; x_wconf 90' lang='lat' dir='ltr'>laudem</span> <span class='ocrx_word' id='word_1_136' title='bbox 417 1175 644 1217; x_wconf 87' lang='lat' dir='ltr'>tribuimus</span> <span class='ocrx_word' id='word_1_137' title='bbox 687 1174 914 1216; x_wconf 87' lang='lat' dir='ltr'>hortantes</span> <span class='ocrx_word' id='word_1_138' title='bbox 959 1172 1136 1215; x_wconf 87' lang='lat' dir='ltr'>tametsi</span> <span class='ocrx_word' id='word_1_139' title='bbox 1180 1186 1265 1213; x_wconf 90' lang='lat' dir='ltr'>non</span> <span class='ocrx_word' id='word_1_140' title='bbox 1310 1185 1417 1224; x_wconf 91' lang='lat' dir='ltr'>opus</span> <span class='ocrx_word' id='word_1_141' title='bbox 1459 1184 1554 1212; x_wconf 88' lang='lat' dir='ltr'>esse</span> <span class='ocrx_word' id='word_1_142' title='bbox 1596 1170 1676 1210; x_wconf 89' lang='lat' dir='ltr'>hac</span> <span class='ocrx_word' id='word_1_143' title='bbox 1717 1167 1967 1210; x_wconf 88' lang='lat' dir='ltr'>hortatione</span> 
     </span>
     <span class='ocr_line' id='line_1_16' title="bbox 200 1235 1965 1296; baseline -0.006 -13"><span class='ocrx_word' id='word_1_144' title='bbox 200 1255 455 1296; x_wconf 87' lang='lat' dir='ltr'>persuasum</span> <span class='ocrx_word' id='word_1_145' title='bbox 508 1240 738 1288; x_wconf 85' lang='lat' dir='ltr'>habemus,</span> <span class='ocrx_word' id='word_1_146' title='bbox 781 1241 831 1280; x_wconf 89' lang='lat' dir='ltr'>vt</span> <span class='ocrx_word' id='word_1_147' title='bbox 872 1252 999 1291; x_wconf 89' lang='lat' dir='ltr'>quam</span> <span class='ocrx_word' id='word_1_148' title='bbox 1047 1236 1375 1289; x_wconf 86' lang='lat' dir='ltr'>diligentissime</span> <span class='ocrx_word' id='word_1_149' title='bbox 1419 1235 1460 1276; x_wconf 92' lang='lat' dir='ltr'>id</span> <span class='ocrx_word' id='word_1_150' title='bbox 1505 1235 1653 1277; x_wconf 83' lang='lat' dir='ltr'>facere</span> <span class='ocrx_word' id='word_1_151' title='bbox 1698 1246 1965 1287; x_wconf 89' lang='lat' dir='ltr'>perseueres.</span> 
     </span>
     <span class='ocr_line' id='line_1_17' title="bbox 201 1298 1967 1359; baseline -0.006 -11"><span class='ocrx_word' id='word_1_152' title='bbox 201 1307 283 1348; x_wconf 76' lang='lat' dir='ltr'>Etp</span> <span class='ocrx_word' id='word_1_153' title='bbox 317 1306 443 1359; x_wconf 66' lang='lat' dir='ltr'>quiaq</span> <span class='ocrx_word' id='word_1_154' title='bbox 474 1305 586 1347; x_wconf 90' lang='lat' dir='ltr'>sicut</span> <span class='ocrx_word' id='word_1_155' title='bbox 617 1318 695 1358; x_wconf 91' lang='lat' dir='ltr'>pro</span> <span class='ocrx_word' id='word_1_156' title='bbox 718 1307 795 1345; x_wconf 86' lang='lat' dir='ltr'>tua</span> <span class='ocrx_word' id='word_1_157' title='bbox 827 1303 1057 1357; x_wconf 88' lang='lat' dir='ltr'>prudentia</span> <span class='ocrx_word' id='word_1_158' title='bbox 1089 1301 1296 1353; x_wconf 84' lang='lat' dir='ltr'>intelligis</span> <span class='ocrx_word' id='word_1_159' title='bbox 1317 1300 1491 1354; x_wconf 87' lang='lat' dir='ltr'>Imperij</span> <span class='ocrx_word' id='word_1_160' title='bbox 1526 1314 1613 1353; x_wconf 79' lang='lat' dir='ltr'>pax</span> <span class='ocrx_word' id='word_1_161' title='bbox 1646 1298 1688 1339; x_wconf 90' lang='lat' dir='ltr'>in</span> <span class='ocrx_word' id='word_1_162' title='bbox 1716 1298 1866 1352; x_wconf 90' lang='lat' dir='ltr'>primis</span> <span class='ocrx_word' id='word_1_163' title='bbox 1890 1298 1967 1339; x_wconf 85' lang='lat' dir='ltr'>adr</span> 
     </span>
     <span class='ocr_line' id='line_1_18' title="bbox 200 1365 1967 1426; baseline -0.006 -13"><span class='ocrx_word' id='word_1_164' title='bbox 200 1371 338 1426; x_wconf 85' lang='lat' dir='ltr'>ipsam</span> <span class='ocrx_word' id='word_1_165' title='bbox 371 1370 625 1423; x_wconf 86' lang='lat' dir='ltr'>religionem</span> <span class='ocrx_word' id='word_1_166' title='bbox 658 1369 862 1411; x_wconf 85' lang='lat' dir='ltr'>tuendam</span> <span class='ocrx_word' id='word_1_167' title='bbox 898 1371 942 1409; x_wconf 86' lang='lat' dir='ltr'>et</span> <span class='ocrx_word' id='word_1_168' title='bbox 975 1366 1289 1409; x_wconf 85' lang='lat' dir='ltr'>defendendam</span> <span class='ocrx_word' id='word_1_169' title='bbox 1321 1365 1568 1407; x_wconf 87' lang='lat' dir='ltr'>necessaria</span> <span class='ocrx_word' id='word_1_170' title='bbox 1601 1367 1669 1406; x_wconf 89' lang='lat' dir='ltr'>est</span> <span class='ocrx_word' id='word_1_171' title='bbox 1700 1365 1750 1404; x_wconf 87' lang='lat' dir='ltr'>vt</span> <span class='ocrx_word' id='word_1_172' title='bbox 1781 1377 1858 1417; x_wconf 87' lang='lat' dir='ltr'>pro</span> <span class='ocrx_word' id='word_1_173' title='bbox 1890 1366 1967 1405; x_wconf 90' lang='lat' dir='ltr'>tua</span> 
     </span>
     <span class='ocr_line' id='line_1_19' title="bbox 201 1427 1966 1490; baseline -0.006 -12"><span class='ocrx_word' id='word_1_174' title='bbox 201 1437 313 1478; x_wconf 88' lang='lat' dir='ltr'>virili</span> <span class='ocrx_word' id='word_1_175' title='bbox 356 1439 481 1490; x_wconf 90' lang='lat' dir='ltr'>parte</span> <span class='ocrx_word' id='word_1_176' title='bbox 521 1435 602 1489; x_wconf 90' lang='lat' dir='ltr'>ipsi</span> <span class='ocrx_word' id='word_1_177' title='bbox 635 1434 732 1488; x_wconf 91' lang='lat' dir='ltr'>paci</span> <span class='ocrx_word' id='word_1_178' title='bbox 765 1447 892 1486; x_wconf 89' lang='lat' dir='ltr'>quam</span> <span class='ocrx_word' id='word_1_179' title='bbox 927 1431 1242 1475; x_wconf 88' lang='lat' dir='ltr'>studiosissime</span> <span class='ocrx_word' id='word_1_180' title='bbox 1275 1431 1475 1472; x_wconf 85' lang='lat' dir='ltr'>consulas</span> <span class='ocrx_word' id='word_1_181' title='bbox 1515 1429 1838 1471; x_wconf 44' lang='lat' dir='ltr'>adhortamur?</span> <span class='ocrx_word' id='word_1_182' title='bbox 1902 1427 1966 1469; x_wconf 92' lang='lat' dir='ltr'>De</span> 
     </span>
     <span class='ocr_line' id='line_1_20' title="bbox 202 1491 1967 1554; baseline -0.006 -11"><span class='ocrx_word' id='word_1_183' title='bbox 202 1501 358 1544; x_wconf 87' lang='lat' dir='ltr'>ceteris</span> <span class='ocrx_word' id='word_1_184' title='bbox 392 1514 503 1554; x_wconf 87' lang='lat' dir='ltr'>quae</span> <span class='ocrx_word' id='word_1_185' title='bbox 535 1500 612 1543; x_wconf 92' lang='lat' dir='ltr'>tibi</span> <span class='ocrx_word' id='word_1_186' title='bbox 645 1499 808 1541; x_wconf 88' lang='lat' dir='ltr'>referet</span> <span class='ocrx_word' id='word_1_187' title='bbox 840 1498 1027 1552; x_wconf 90' lang='lat' dir='ltr'>petimus</span> <span class='ocrx_word' id='word_1_188' title='bbox 1060 1499 1109 1538; x_wconf 91' lang='lat' dir='ltr'>vt</span> <span class='ocrx_word' id='word_1_189' title='bbox 1141 1510 1288 1550; x_wconf 92' lang='lat' dir='ltr'>parem</span> <span class='ocrx_word' id='word_1_190' title='bbox 1323 1496 1360 1537; x_wconf 91' lang='lat' dir='ltr'>ei</span> <span class='ocrx_word' id='word_1_191' title='bbox 1394 1496 1520 1537; x_wconf 89' lang='lat' dir='ltr'>fidem</span> <span class='ocrx_word' id='word_1_192' title='bbox 1559 1495 1720 1536; x_wconf 87' lang='lat' dir='ltr'>habeas</span> <span class='ocrx_word' id='word_1_193' title='bbox 1753 1507 1803 1535; x_wconf 86' lang='lat' dir='ltr'>ac</span> <span class='ocrx_word' id='word_1_194' title='bbox 1844 1491 1967 1534; x_wconf 91' lang='lat' dir='ltr'>nobis</span> 
     </span>
     <span class='ocr_line' id='line_1_21' title="bbox 200 1558 1967 1621; baseline -0.006 -13"><span class='ocrx_word' id='word_1_195' title='bbox 200 1566 305 1621; x_wconf 90' lang='lat' dir='ltr'>ipsis</span> <span class='ocrx_word' id='word_1_196' title='bbox 347 1580 465 1608; x_wconf 91' lang='lat' dir='ltr'>esses</span> <span class='ocrx_word' id='word_1_197' title='bbox 505 1565 746 1607; x_wconf 88' lang='lat' dir='ltr'>habiturus.</span> <span class='ocrx_word' id='word_1_198' title='bbox 811 1564 992 1606; x_wconf 77' lang='lat' dir='ltr'>DatumS</span> <span class='ocrx_word' id='word_1_199' title='bbox 1036 1563 1171 1604; x_wconf 85' lang='lat' dir='ltr'>Rome</span> <span class='ocrx_word' id='word_1_200' title='bbox 1214 1561 1326 1615; x_wconf 88' lang='lat' dir='ltr'>apud</span> <span class='ocrx_word' id='word_1_201' title='bbox 1368 1564 1567 1602; x_wconf 88' lang='lat' dir='ltr'>sanctum</span> <span class='ocrx_word' id='word_1_202' title='bbox 1609 1558 1822 1600; x_wconf 67' lang='lat' dir='ltr'>marcum²</span> <span class='ocrx_word' id='word_1_203' title='bbox 1862 1558 1967 1599; x_wconf 84' lang='lat' dir='ltr'>subu</span> 
     </span>
     <span class='ocr_line' id='line_1_22' title="bbox 202 1624 1965 1685; baseline -0.006 -12"><span class='ocrx_word' id='word_1_204' title='bbox 202 1631 360 1673; x_wconf 89' lang='lat' dir='ltr'>annulo</span> <span class='ocrx_word' id='word_1_205' title='bbox 404 1630 630 1685; x_wconf 88' lang='lat' dir='ltr'>piscatoris</span> <span class='ocrx_word' id='word_1_206' title='bbox 673 1629 739 1670; x_wconf 90' lang='lat' dir='ltr'>die</span> <span class='ocrx_word' id='word_1_207' title='bbox 783 1630 833 1669; x_wconf 84' lang='lat'>19</span> <span class='ocrx_word' id='word_1_208' title='bbox 867 1627 1126 1682; x_wconf 86' lang='lat' dir='ltr'>septembris</span> <span class='ocrx_word' id='word_1_209' title='bbox 1171 1628 1282 1668; x_wconf 83' lang='lat'>1565</span> <span class='ocrx_word' id='word_1_210' title='bbox 1317 1626 1469 1668; x_wconf 80' lang='lat' dir='ltr'>Pont.v</span> <span class='ocrx_word' id='word_1_211' title='bbox 1500 1624 1638 1666; x_wconf 88' lang='lat' dir='ltr'>nostri</span> <span class='ocrx_word' id='word_1_212' title='bbox 1680 1637 1792 1665; x_wconf 90' lang='lat' dir='ltr'>anno</span> <span class='ocrx_word' id='word_1_213' title='bbox 1825 1625 1965 1664; x_wconf 84' lang='lat' dir='ltr'>sexto.</span> 
     </span>
    </p>
   </div>
   <div class='ocr_carea' id='block_1_3' title="bbox 203 1694 1968 1952">
    <p class='ocr_par' dir='ltr' id='par_1_3' title="bbox 203 1694 1968 1952">
     <span class='ocr_line' id='line_1_23' title="bbox 1007 1694 1846 1739; baseline -0.004 0"><span class='ocrx_word' id='word_1_214' title='bbox 1007 1697 1254 1739; x_wconf 82' lang='lat' dir='ltr'>AntoniusW</span> <span class='ocrx_word' id='word_1_215' title='bbox 1286 1696 1554 1738; x_wconf 84' lang='lat' dir='ltr'>Florebellus</span> <span class='ocrx_word' id='word_1_216' title='bbox 1586 1694 1846 1736; x_wconf 85' lang='lat' dir='ltr'>Lauellinus.</span> 
     </span>
     <span class='ocr_line' id='line_1_24' title="bbox 320 1767 1433 1823; baseline -0.004 -9"><span class='ocrx_word' id='word_1_217' title='bbox 320 1771 593 1814; x_wconf 69' lang='lat' dir='ltr'>VenerabiliX</span> <span class='ocrx_word' id='word_1_218' title='bbox 625 1771 751 1813; x_wconf 86' lang='lat' dir='ltr'>fratri</span> <span class='ocrx_word' id='word_1_219' title='bbox 785 1769 1121 1823; x_wconf 84' lang='lat' dir='ltr'>Archiepisoopo</span> <span class='ocrx_word' id='word_1_220' title='bbox 1153 1767 1433 1810; x_wconf 57' lang='lat' dir='ltr'>treuerensiy.</span> 
     </span>
     <span class='ocr_line' id='line_1_25' title="bbox 322 1834 1968 1893; baseline -0.005 -8"><span class='ocrx_word' id='word_1_221' title='bbox 322 1843 570 1885; x_wconf 88' lang='lat' dir='ltr'>Venerabili</span> <span class='ocrx_word' id='word_1_222' title='bbox 602 1842 730 1884; x_wconf 87' lang='lat' dir='ltr'>fratri</span> <span class='ocrx_word' id='word_1_223' title='bbox 763 1840 913 1883; x_wconf 92' lang='lat' dir='ltr'>Ioanni</span> <span class='ocrx_word' id='word_1_224' title='bbox 942 1839 1279 1893; x_wconf 90' lang='lat' dir='ltr'>Archiepiscopo</span> <span class='ocrx_word' id='word_1_225' title='bbox 1303 1837 1550 1879; x_wconf 88' lang='lat' dir='ltr'>Trevirensi</span> <span class='ocrx_word' id='word_1_226' title='bbox 1584 1838 1625 1879; x_wconf 79' lang='lat' dir='ltr'>S.</span> <span class='ocrx_word' id='word_1_227' title='bbox 1650 1837 1699 1879; x_wconf 86' lang='lat' dir='ltr'>R.</span> <span class='ocrx_word' id='word_1_228' title='bbox 1724 1837 1757 1878; x_wconf 89' lang='grc' dir='ltr'>Ι.</span> <span class='ocrx_word' id='word_1_229' title='bbox 1781 1834 1968 1889; x_wconf 91' lang='lat' dir='ltr'>Principi</span> 
     </span>
     <span class='ocr_line' id='line_1_26' title="bbox 203 1908 407 1952; baseline 0.005 -1"><span class='ocrx_word' id='word_1_230' title='bbox 203 1908 407 1952; x_wconf 87' lang='lat' dir='ltr'>Electori.</span> 
     </span>
    </p>
   </div>
   <div class='ocr_carea' id='block_1_4' title="bbox 202 1979 1969 2843">
    <p class='ocr_par' dir='ltr' id='par_1_4' title="bbox 202 1979 1969 2457">
     <span class='ocr_line' id='line_1_27' title="bbox 325 1979 1969 2031; baseline -0.005 -9"><span class='ocrx_word' id='word_1_231' title='bbox 325 1990 502 2023; x_wconf 71' lang='lat' dir='ltr'>Polancecs</span> <span class='ocrx_word' id='word_1_232' title='bbox 527 1987 593 2021; x_wconf 90' lang='lat' dir='ltr'>hoc</span> <span class='ocrx_word' id='word_1_233' title='bbox 621 1987 736 2020; x_wconf 84' lang='lat' dir='ltr'>Breve</span> <span class='ocrx_word' id='word_1_234' title='bbox 765 1987 923 2031; x_wconf 84' lang='lat' dir='ltr'>(praeter</span> <span class='ocrx_word' id='word_1_235' title='bbox 949 1985 1034 2028; x_wconf 84' lang='lat' dir='ltr'>alia)</span> <span class='ocrx_word' id='word_1_236' title='bbox 1063 1984 1294 2028; x_wconf 78' lang='lat' dir='ltr'>significavit.</span> <span class='ocrx_word' id='word_1_237' title='bbox 1333 1995 1413 2017; x_wconf 87' lang='lat' dir='ltr'>cum</span> <span class='ocrx_word' id='word_1_238' title='bbox 1445 1983 1480 2016; x_wconf 91' lang='lat' dir='ltr'>in</span> <span class='ocrx_word' id='word_1_239' title='bbox 1506 1982 1637 2015; x_wconf 79' lang='lat' dir='ltr'>litteris</span> <span class='ocrx_word' id='word_1_240' title='bbox 1664 1981 1776 2014; x_wconf 85' lang='lat' dir='ltr'>Roma</span> <span class='ocrx_word' id='word_1_241' title='bbox 1804 1980 1857 2014; x_wconf 89' lang='lat'>15.</span> <span class='ocrx_word' id='word_1_242' title='bbox 1885 1979 1969 2023; x_wconf 82' lang='lat' dir='ltr'>Sep-</span> 
     </span>
     <span class='ocr_line' id='line_1_28' title="bbox 204 2034 1968 2083; baseline -0.006 -7"><span class='ocrx_word' id='word_1_243' title='bbox 204 2043 353 2077; x_wconf 88' lang='lat' dir='ltr'>tembris</span> <span class='ocrx_word' id='word_1_244' title='bbox 375 2042 465 2075; x_wconf 84' lang='lat'>1565</span> <span class='ocrx_word' id='word_1_245' title='bbox 485 2040 679 2074; x_wconf 86' lang='lat' dir='ltr'>Bononiam</span> <span class='ocrx_word' id='word_1_246' title='bbox 707 2040 751 2073; x_wconf 85' lang='lat' dir='ltr'>ad</span> <span class='ocrx_word' id='word_1_247' title='bbox 779 2040 816 2073; x_wconf 82' lang='lat' dir='ltr'>P.</span> <span class='ocrx_word' id='word_1_248' title='bbox 836 2039 1095 2073; x_wconf 77' lang='lat' dir='ltr'>Anton.Vinck</span> <span class='ocrx_word' id='word_1_249' title='bbox 1123 2038 1365 2083; x_wconf 81' lang='lat' dir='ltr'>praepositum</span> <span class='ocrx_word' id='word_1_250' title='bbox 1390 2035 1645 2081; x_wconf 84' lang='lat' dir='ltr'>provincialem</span> <span class='ocrx_word' id='word_1_251' title='bbox 1666 2034 1779 2068; x_wconf 82' lang='lat' dir='ltr'>Rheni</span> <span class='ocrx_word' id='word_1_252' title='bbox 1802 2034 1861 2076; x_wconf 86' lang='lat' dir='ltr'>(ex</span> <span class='ocrx_word' id='word_1_253' title='bbox 1888 2044 1968 2066; x_wconf 82' lang='lat' dir='ltr'>eon-</span> 
     </span>
     <span class='ocr_line' id='line_1_29' title="bbox 203 2087 1967 2139; baseline -0.006 -10"><span class='ocrx_word' id='word_1_254' title='bbox 203 2096 413 2139; x_wconf 85' lang='lat' dir='ltr'>gregatione</span> <span class='ocrx_word' id='word_1_255' title='bbox 440 2094 599 2137; x_wconf 84' lang='lat' dir='ltr'>generali</span> <span class='ocrx_word' id='word_1_256' title='bbox 626 2096 884 2135; x_wconf 79' lang='lat' dir='ltr'>revertentem)</span> <span class='ocrx_word' id='word_1_257' title='bbox 912 2092 1034 2125; x_wconf 88' lang='lat' dir='ltr'>missis</span> <span class='ocrx_word' id='word_1_258' title='bbox 1061 2091 1278 2125; x_wconf 86' lang='lat' dir='ltr'>*scriberet:</span> <span class='ocrx_word' id='word_1_259' title='bbox 1311 2090 1441 2134; x_wconf 83' lang='lat' dir='ltr'>„Spero</span> <span class='ocrx_word' id='word_1_260' title='bbox 1467 2089 1496 2122; x_wconf 91' lang='lat' dir='ltr'>si</span> <span class='ocrx_word' id='word_1_261' title='bbox 1523 2088 1695 2122; x_wconf 77' lang='lat' dir='ltr'>mandara</span> <span class='ocrx_word' id='word_1_262' title='bbox 1721 2089 1782 2131; x_wconf 78' lang='lat' dir='ltr'>qui</span> <span class='ocrx_word' id='word_1_263' title='bbox 1808 2087 1832 2120; x_wconf 92' lang='lat' dir='ltr'>il</span> <span class='ocrx_word' id='word_1_264' title='bbox 1852 2087 1967 2119; x_wconf 88' lang='lat' dir='ltr'>Breue</span> 
     </span>
     <span class='ocr_line' id='line_1_30' title="bbox 202 2139 1965 2194; baseline -0.006 -12"><span class='ocrx_word' id='word_1_265' title='bbox 202 2161 266 2194; x_wconf 90' lang='lat' dir='ltr'>per</span> <span class='ocrx_word' id='word_1_266' title='bbox 292 2149 446 2188; x_wconf 86' lang='lat' dir='ltr'>Colonia,</span> <span class='ocrx_word' id='word_1_267' title='bbox 488 2147 512 2181; x_wconf 93' lang='lat' dir='ltr'>li</span> <span class='ocrx_word' id='word_1_268' title='bbox 547 2147 631 2181; x_wconf 85' lang='lat' dir='ltr'>altri</span> <span class='ocrx_word' id='word_1_269' title='bbox 666 2159 729 2191; x_wconf 87' lang='lat' dir='ltr'>per</span> <span class='ocrx_word' id='word_1_270' title='bbox 764 2146 787 2179; x_wconf 92' lang='lat' dir='ltr'>il</span> <span class='ocrx_word' id='word_1_271' title='bbox 815 2146 1025 2189; x_wconf 86' lang='lat' dir='ltr'>Mogantino</span> <span class='ocrx_word' id='word_1_272' title='bbox 1052 2147 1088 2178; x_wconf 83' lang='lat' dir='ltr'>et</span> <span class='ocrx_word' id='word_1_273' title='bbox 1114 2145 1346 2180; x_wconf 87' lang='lat' dir='ltr'>Treuerense.</span> <span class='ocrx_word' id='word_1_274' title='bbox 1383 2154 1494 2177; x_wconf 88' lang='lat' dir='ltr'>senon</span> <span class='ocrx_word' id='word_1_275' title='bbox 1529 2141 1735 2176; x_wconf 86' lang='lat' dir='ltr'>andaranno</span> <span class='ocrx_word' id='word_1_276' title='bbox 1769 2140 1906 2181; x_wconf 85' lang='lat' dir='ltr'>adesso,</span> <span class='ocrx_word' id='word_1_277' title='bbox 1942 2139 1965 2172; x_wconf 88' lang='lat' dir='ltr'>li</span> 
     </span>
     <span class='ocr_line' id='line_1_31' title="bbox 202 2191 1965 2247; baseline -0.006 -11"><span class='ocrx_word' id='word_1_278' title='bbox 202 2204 346 2247; x_wconf 77' lang='lat' dir='ltr'>portara</span> <span class='ocrx_word' id='word_1_279' title='bbox 381 2201 405 2234; x_wconf 93' lang='lat' dir='ltr'>il</span> <span class='ocrx_word' id='word_1_280' title='bbox 433 2201 547 2234; x_wconf 89' lang='lat' dir='ltr'>Padre</span> <span class='ocrx_word' id='word_1_281' title='bbox 575 2199 736 2233; x_wconf 54' lang='lat' dir='ltr'>camisio*</span> <span class='ocrx_word' id='word_1_282' title='bbox 778 2199 837 2242; x_wconf 83' lang='lat' dir='ltr'>(ex</span> <span class='ocrx_word' id='word_1_283' title='bbox 869 2210 990 2243; x_wconf 83' lang='lat' dir='ltr'>apogr.</span> <span class='ocrx_word' id='word_1_284' title='bbox 1019 2198 1128 2232; x_wconf 85' lang='lat' dir='ltr'>eiusd.</span> <span class='ocrx_word' id='word_1_285' title='bbox 1162 2200 1281 2241; x_wconf 71' lang='lat' dir='ltr'>temp,</span> <span class='ocrx_word' id='word_1_286' title='bbox 1319 2196 1402 2230; x_wconf 89' lang='lat' dir='ltr'>Cod.</span> <span class='ocrx_word' id='word_1_287' title='bbox 1435 2195 1543 2239; x_wconf 81' lang='lat' dir='ltr'>„Epp</span> <span class='ocrx_word' id='word_1_288' title='bbox 1571 2195 1614 2228; x_wconf 88' lang='lat' dir='ltr'>It.</span> <span class='ocrx_word' id='word_1_289' title='bbox 1643 2194 1808 2238; x_wconf 82' lang='lat' dir='ltr'>[Praepp.</span> <span class='ocrx_word' id='word_1_290' title='bbox 1837 2191 1965 2235; x_wconf 65' lang='lat' dir='ltr'>Genu]</span> 
     </span>
     <span class='ocr_line' id='line_1_32' title="bbox 204 2245 1962 2295; baseline -0.007 -5"><span class='ocrx_word' id='word_1_291' title='bbox 204 2255 456 2290; x_wconf 71' lang='grc' dir='ltr'>1565-1567“ι</span> <span class='ocrx_word' id='word_1_292' title='bbox 488 2254 511 2287; x_wconf 89' lang='lat' dir='ltr'>f.</span> <span class='ocrx_word' id='word_1_293' title='bbox 540 2253 632 2295; x_wconf 74' lang='lat'>18³).</span> <span class='ocrx_word' id='word_1_294' title='bbox 686 2253 780 2287; x_wconf 82' lang='lat' dir='ltr'>Idem</span> <span class='ocrx_word' id='word_1_295' title='bbox 816 2254 994 2285; x_wconf 70' lang='lat' dir='ltr'>Polancns</span> <span class='ocrx_word' id='word_1_296' title='bbox 1028 2251 1143 2284; x_wconf 87' lang='lat' dir='ltr'>Roma</span> <span class='ocrx_word' id='word_1_297' title='bbox 1181 2251 1234 2284; x_wconf 85' lang='lat'>14.</span> <span class='ocrx_word' id='word_1_298' title='bbox 1269 2249 1435 2284; x_wconf 86' lang='lat' dir='ltr'>Octobris</span> <span class='ocrx_word' id='word_1_299' title='bbox 1474 2249 1563 2282; x_wconf 83' lang='lat'>1565</span> <span class='ocrx_word' id='word_1_300' title='bbox 1590 2247 1744 2281; x_wconf 84' lang='lat' dir='ltr'>Vinckio</span> <span class='ocrx_word' id='word_1_301' title='bbox 1771 2245 1962 2289; x_wconf 75' lang='lat' dir='ltr'>*scripsitz</span> 
     </span>
     <span class='ocr_line' id='line_1_33' title="bbox 206 2298 1963 2351; baseline -0.006 -9"><span class='ocrx_word' id='word_1_302' title='bbox 206 2308 319 2350; x_wconf 81' lang='lat' dir='ltr'>„Delli</span> <span class='ocrx_word' id='word_1_303' title='bbox 347 2307 452 2341; x_wconf 84' lang='lat' dir='ltr'>Breui</span> <span class='ocrx_word' id='word_1_304' title='bbox 479 2305 666 2351; x_wconf 89' lang='lat' dir='ltr'>apostolici</span> <span class='ocrx_word' id='word_1_305' title='bbox 694 2308 794 2350; x_wconf 83' lang='lat' dir='ltr'>parte</span> <span class='ocrx_word' id='word_1_306' title='bbox 821 2305 934 2339; x_wconf 88' lang='lat' dir='ltr'>hebbe</span> <span class='ocrx_word' id='word_1_307' title='bbox 960 2305 985 2338; x_wconf 92' lang='lat' dir='ltr'>il</span> <span class='ocrx_word' id='word_1_308' title='bbox 1016 2305 1129 2338; x_wconf 75' lang='lat' dir='ltr'>padre</span> <span class='ocrx_word' id='word_1_309' title='bbox 1149 2303 1302 2344; x_wconf 89' lang='lat' dir='ltr'>Canisio‚</span> <span class='ocrx_word' id='word_1_310' title='bbox 1329 2303 1355 2336; x_wconf 90' lang='lat' dir='ltr'>il</span> <span class='ocrx_word' id='word_1_311' title='bbox 1382 2301 1487 2346; x_wconf 85' lang='lat' dir='ltr'>quale</span> <span class='ocrx_word' id='word_1_312' title='bbox 1514 2301 1665 2335; x_wconf 86' lang='lat' dir='ltr'>uisitara</span> <span class='ocrx_word' id='word_1_313' title='bbox 1690 2302 1811 2344; x_wconf 88' lang='lat' dir='ltr'>presto</span> <span class='ocrx_word' id='word_1_314' title='bbox 1837 2299 1863 2332; x_wconf 89' lang='lat' dir='ltr'>li</span> <span class='ocrx_word' id='word_1_315' title='bbox 1887 2298 1963 2332; x_wconf 91' lang='lat' dir='ltr'>Col-</span> 
     </span>
     <span class='ocr_line' id='line_1_34' title="bbox 202 2353 1963 2405; baseline -0.006 -10"><span class='ocrx_word' id='word_1_316' title='bbox 202 2361 286 2405; x_wconf 85' lang='lat' dir='ltr'>legij</span> <span class='ocrx_word' id='word_1_317' title='bbox 315 2361 349 2395; x_wconf 88' lang='lat' dir='ltr'>di</span> <span class='ocrx_word' id='word_1_318' title='bbox 368 2360 422 2395; x_wconf 89' lang='lat' dir='ltr'>.V.</span> <span class='ocrx_word' id='word_1_319' title='bbox 442 2360 482 2393; x_wconf 89' lang='lat' dir='ltr'>R.</span> <span class='ocrx_word' id='word_1_320' title='bbox 511 2362 547 2393; x_wconf 87' lang='lat' dir='ltr'>et</span> <span class='ocrx_word' id='word_1_321' title='bbox 573 2360 615 2393; x_wconf 80' lang='lat' dir='ltr'>(le</span> <span class='ocrx_word' id='word_1_322' title='bbox 642 2359 690 2392; x_wconf 85' lang='lat' dir='ltr'>lui</span> <span class='ocrx_word' id='word_1_323' title='bbox 717 2359 903 2392; x_wconf 82' lang='lat' dir='ltr'>intendera</span> <span class='ocrx_word' id='word_1_324' title='bbox 930 2358 1013 2402; x_wconf 89' lang='lat' dir='ltr'>quel</span> <span class='ocrx_word' id='word_1_325' title='bbox 1039 2358 1073 2391; x_wconf 90' lang='lat' dir='ltr'>di</span> <span class='ocrx_word' id='word_1_326' title='bbox 1100 2357 1161 2402; x_wconf 77' lang='lat' dir='ltr'>piu</span> <span class='ocrx_word' id='word_1_327' title='bbox 1187 2357 1251 2390; x_wconf 88' lang='lat' dir='ltr'>che</span> <span class='ocrx_word' id='word_1_328' title='bbox 1278 2356 1450 2390; x_wconf 76' lang='lat' dir='ltr'>conuera“</span> <span class='ocrx_word' id='word_1_329' title='bbox 1485 2355 1545 2398; x_wconf 85' lang='lat' dir='ltr'>(ex</span> <span class='ocrx_word' id='word_1_330' title='bbox 1564 2365 1686 2398; x_wconf 80' lang='lat' dir='ltr'>apogr.</span> <span class='ocrx_word' id='word_1_331' title='bbox 1706 2353 1815 2386; x_wconf 89' lang='lat' dir='ltr'>eiusd.</span> <span class='ocrx_word' id='word_1_332' title='bbox 1834 2354 1963 2396; x_wconf 68' lang='lat' dir='ltr'>temp:</span> 
     </span>
     <span class='ocr_line' id='line_1_35' title="bbox 205 2412 730 2457; baseline -0.006 -9"><span class='ocrx_word' id='word_1_333' title='bbox 205 2414 288 2448; x_wconf 87' lang='lat' dir='ltr'>Cod.</span> <span class='ocrx_word' id='word_1_334' title='bbox 320 2414 460 2457; x_wconf 83' lang='lat' dir='ltr'>„Germ.</span> <span class='ocrx_word' id='word_1_335' title='bbox 490 2414 553 2447; x_wconf 79' lang='lat'>65“</span> <span class='ocrx_word' id='word_1_336' title='bbox 584 2413 608 2446; x_wconf 88' lang='lat' dir='ltr'>f.</span> <span class='ocrx_word' id='word_1_337' title='bbox 636 2412 730 2455; x_wconf 76' lang='lat'>24¹³).</span> 
     </span>
    </p>

    <p class='ocr_par' dir='ltr' id='par_1_5' title="bbox 204 2458 1963 2617">
     <span class='ocr_line' id='line_1_36' title="bbox 322 2458 1963 2509; baseline -0.006 -9"><span class='ocrx_word' id='word_1_338' title='bbox 322 2467 361 2502; x_wconf 90' lang='lat' dir='ltr'>P.</span> <span class='ocrx_word' id='word_1_339' title='bbox 389 2468 621 2500; x_wconf 73' lang='lat' dir='ltr'>Hermamzus</span> <span class='ocrx_word' id='word_1_340' title='bbox 640 2466 824 2509; x_wconf 71' lang='lat' dir='ltr'>Thyraeus</span> <span class='ocrx_word' id='word_1_341' title='bbox 844 2466 878 2498; x_wconf 83' lang='lat' dir='ltr'>S.</span> <span class='ocrx_word' id='word_1_342' title='bbox 896 2466 944 2508; x_wconf 61' lang='lat' dir='ltr'>J„</span> <span class='ocrx_word' id='word_1_343' title='bbox 972 2464 1112 2507; x_wconf 85' lang='lat' dir='ltr'>collegii</span> <span class='ocrx_word' id='word_1_344' title='bbox 1139 2462 1360 2496; x_wconf 83' lang='lat' dir='ltr'>treverensis</span> <span class='ocrx_word' id='word_1_345' title='bbox 1386 2463 1514 2504; x_wconf 82' lang='lat' dir='ltr'>rector,</span> <span class='ocrx_word' id='word_1_346' title='bbox 1543 2460 1793 2501; x_wconf 78' lang='lat' dir='ltr'>schoneberga</span> <span class='ocrx_word' id='word_1_347' title='bbox 1820 2458 1873 2492; x_wconf 85' lang='lat'>15.</span> <span class='ocrx_word' id='word_1_348' title='bbox 1892 2458 1963 2491; x_wconf 87' lang='lat' dir='ltr'>Au—</span> 
     </span>
     <span class='ocr_line' id='line_1_37' title="bbox 205 2510 1963 2564; baseline -0.007 -9"><span class='ocrx_word' id='word_1_349' title='bbox 205 2520 301 2564; x_wconf 84' lang='lat' dir='ltr'>gusti</span> <span class='ocrx_word' id='word_1_350' title='bbox 330 2521 417 2554; x_wconf 80' lang='lat'>1567</span> <span class='ocrx_word' id='word_1_351' title='bbox 448 2520 486 2554; x_wconf 83' lang='lat' dir='ltr'>P.</span> <span class='ocrx_word' id='word_1_352' title='bbox 515 2519 638 2553; x_wconf 88' lang='lat' dir='ltr'>Ioanni</span> <span class='ocrx_word' id='word_1_353' title='bbox 665 2519 707 2552; x_wconf 91' lang='lat' dir='ltr'>de</span> <span class='ocrx_word' id='word_1_354' title='bbox 733 2518 888 2552; x_wconf 87' lang='lat' dir='ltr'>Polanco</span> <span class='ocrx_word' id='word_1_355' title='bbox 915 2518 1105 2562; x_wconf 68' lang='lat' dir='ltr'>*sci-ipsit:</span> <span class='ocrx_word' id='word_1_356' title='bbox 1146 2516 1337 2558; x_wconf 83' lang='lat' dir='ltr'>„Dominus</span> <span class='ocrx_word' id='word_1_357' title='bbox 1365 2514 1530 2548; x_wconf 88' lang='lat' dir='ltr'>Canisius</span> <span class='ocrx_word' id='word_1_358' title='bbox 1562 2514 1597 2546; x_wconf 92' lang='lat' dir='ltr'>in</span> <span class='ocrx_word' id='word_1_359' title='bbox 1623 2524 1689 2546; x_wconf 87' lang='lat' dir='ltr'>sua</span> <span class='ocrx_word' id='word_1_360' title='bbox 1714 2511 1893 2554; x_wconf 83' lang='lat' dir='ltr'>legatione</span> <span class='ocrx_word' id='word_1_361' title='bbox 1920 2510 1963 2544; x_wconf 80' lang='lat' dir='ltr'>ad</span> 
     </span>
     <span class='ocr_line' id='line_1_38' title="bbox 204 2565 1962 2617; baseline -0.006 -10"><span class='ocrx_word' id='word_1_362' title='bbox 204 2573 400 2617; x_wconf 81' lang='lat' dir='ltr'>Episcopos</span> <span class='ocrx_word' id='word_1_363' title='bbox 427 2573 542 2606; x_wconf 88' lang='lat' dir='ltr'>Breue</span> <span class='ocrx_word' id='word_1_364' title='bbox 577 2571 813 2616; x_wconf 84' lang='lat' dir='ltr'>apostolicum</span> <span class='ocrx_word' id='word_1_365' title='bbox 849 2571 890 2604; x_wconf 89' lang='lat' dir='ltr'>de</span> <span class='ocrx_word' id='word_1_366' title='bbox 926 2569 1211 2614; x_wconf 81' lang='lat' dir='ltr'>incorporatione</span> <span class='ocrx_word' id='word_1_367' title='bbox 1247 2568 1280 2602; x_wconf 82' lang='lat' dir='ltr'>S.</span> <span class='ocrx_word' id='word_1_368' title='bbox 1311 2568 1489 2601; x_wconf 83' lang='lat' dir='ltr'>Barbarae</span> <span class='ocrx_word' id='word_1_369' title='bbox 1524 2566 1666 2600; x_wconf 78' lang='lat' dir='ltr'>attulit“</span> <span class='ocrx_word' id='word_1_370' title='bbox 1708 2565 1768 2608; x_wconf 87' lang='lat' dir='ltr'>(ex</span> <span class='ocrx_word' id='word_1_371' title='bbox 1804 2566 1962 2606; x_wconf 63' lang='lat' dir='ltr'>autogr:</span> 
     </span>
    </p>

    <p class='ocr_par' dir='ltr' id='par_1_6' title="bbox 205 2639 1963 2843">
     <span class='ocr_line' id='line_1_39' title="bbox 323 2639 1962 2679; baseline -0.006 -6"><span class='ocrx_word' id='word_1_372' title='bbox 323 2649 349 2679; x_wconf 82' lang='lat' dir='ltr'>a)</span> <span class='ocrx_word' id='word_1_373' title='bbox 371 2647 402 2672; x_wconf 77' lang='lat' dir='ltr'>et</span> <span class='ocrx_word' id='word_1_374' title='bbox 421 2649 455 2673; x_wconf 87' lang='grc' dir='ltr'>Β.</span> <span class='ocrx_word' id='word_1_375' title='bbox 521 2647 551 2678; x_wconf 90' lang='lat' dir='ltr'>b)</span> <span class='ocrx_word' id='word_1_376' title='bbox 573 2647 603 2672; x_wconf 91' lang='lat' dir='ltr'>et</span> <span class='ocrx_word' id='word_1_377' title='bbox 617 2648 669 2672; x_wconf 85' lang='grc' dir='ltr'>Ηο.</span> <span class='ocrx_word' id='word_1_378' title='bbox 735 2648 762 2677; x_wconf 88' lang='lat' dir='ltr'>c)</span> <span class='ocrx_word' id='word_1_379' title='bbox 783 2652 855 2672; x_wconf 85' lang='lat' dir='ltr'>suae</span> <span class='ocrx_word' id='word_1_380' title='bbox 875 2645 1008 2671; x_wconf 83' lang='lat' dir='ltr'>nationis</span> <span class='ocrx_word' id='word_1_381' title='bbox 1024 2647 1076 2670; x_wconf 88' lang='lat' dir='ltr'>Ho.</span> <span class='ocrx_word' id='word_1_382' title='bbox 1142 2643 1172 2675; x_wconf 84' lang='lat' dir='ltr'>d)</span> <span class='ocrx_word' id='word_1_383' title='bbox 1194 2643 1328 2668; x_wconf 87' lang='lat' dir='ltr'>eiusdem</span> <span class='ocrx_word' id='word_1_384' title='bbox 1348 2641 1482 2667; x_wconf 82' lang='lat' dir='ltr'>nationis</span> <span class='ocrx_word' id='word_1_385' title='bbox 1496 2643 1530 2666; x_wconf 91' lang='lat' dir='ltr'>B.</span> <span class='ocrx_word' id='word_1_386' title='bbox 1596 2642 1623 2671; x_wconf 86' lang='lat' dir='ltr'>e)</span> <span class='ocrx_word' id='word_1_387' title='bbox 1645 2648 1678 2665; x_wconf 83' lang='lat' dir='ltr'>ac</span> <span class='ocrx_word' id='word_1_388' title='bbox 1693 2641 1745 2665; x_wconf 88' lang='grc' dir='ltr'>Ηο.</span> <span class='ocrx_word' id='word_1_389' title='bbox 1811 2639 1839 2670; x_wconf 84' lang='lat' dir='ltr'>f)</span> <span class='ocrx_word' id='word_1_390' title='bbox 1861 2639 1892 2664; x_wconf 88' lang='lat' dir='ltr'>et</span> <span class='ocrx_word' id='word_1_391' title='bbox 1909 2640 1962 2664; x_wconf 88' lang='lat' dir='ltr'>Ho.</span> 
     </span>
     <span class='ocr_line' id='line_1_40' title="bbox 205 2679 1962 2720; baseline -0.006 -6"><span class='ocrx_word' id='word_1_392' title='bbox 205 2690 233 2720; x_wconf 77' lang='lat' dir='ltr'>g)</span> <span class='ocrx_word' id='word_1_393' title='bbox 254 2690 284 2713; x_wconf 86' lang='lat' dir='ltr'>et</span> <span class='ocrx_word' id='word_1_394' title='bbox 305 2691 337 2714; x_wconf 90' lang='grc' dir='ltr'>Β.</span> <span class='ocrx_word' id='word_1_395' title='bbox 410 2688 441 2719; x_wconf 85' lang='grc' dir='ltr'>Ιι)</span> <span class='ocrx_word' id='word_1_396' title='bbox 462 2688 545 2713; x_wconf 87' lang='lat' dir='ltr'>Jtem</span> <span class='ocrx_word' id='word_1_397' title='bbox 563 2690 598 2713; x_wconf 89' lang='lat' dir='ltr'>B.</span> <span class='ocrx_word' id='word_1_398' title='bbox 672 2688 692 2719; x_wconf 86' lang='lat' dir='ltr'>i)</span> <span class='ocrx_word' id='word_1_399' title='bbox 715 2686 888 2712; x_wconf 87' lang='lat' dir='ltr'>Treuirensi</span> <span class='ocrx_word' id='word_1_400' title='bbox 909 2689 943 2712; x_wconf 88' lang='grc' dir='ltr'>Β.</span> <span class='ocrx_word' id='word_1_401' title='bbox 1012 2686 1043 2715; x_wconf 87' lang='lat' dir='ltr'>k)</span> <span class='ocrx_word' id='word_1_402' title='bbox 1065 2685 1182 2711; x_wconf 83' lang='lat' dir='ltr'>reditus</span> <span class='ocrx_word' id='word_1_403' title='bbox 1203 2686 1237 2710; x_wconf 87' lang='lat' dir='ltr'>B.</span> <span class='ocrx_word' id='word_1_404' title='bbox 1310 2684 1331 2715; x_wconf 87' lang='lat'>1)</span> <span class='ocrx_word' id='word_1_405' title='bbox 1353 2683 1482 2708; x_wconf 80' lang='lat' dir='ltr'>Sanctae</span> <span class='ocrx_word' id='word_1_406' title='bbox 1502 2681 1656 2708; x_wconf 81' lang='lat' dir='ltr'>Barbarae</span> <span class='ocrx_word' id='word_1_407' title='bbox 1676 2683 1710 2707; x_wconf 91' lang='grc' dir='ltr'>Β.</span> <span class='ocrx_word' id='word_1_408' title='bbox 1784 2683 1824 2711; x_wconf 90' lang='lat' dir='ltr'>m)</span> <span class='ocrx_word' id='word_1_409' title='bbox 1845 2679 1962 2705; x_wconf 86' lang='lat' dir='ltr'>audivi-</span> 
     </span>
     <span class='ocr_line' id='line_1_41' title="bbox 206 2722 1961 2761; baseline -0.005 -6"><span class='ocrx_word' id='word_1_410' title='bbox 206 2737 272 2754; x_wconf 84' lang='lat' dir='ltr'>mus</span> <span class='ocrx_word' id='word_1_411' title='bbox 293 2731 345 2755; x_wconf 84' lang='lat' dir='ltr'>Ho.</span> <span class='ocrx_word' id='word_1_412' title='bbox 366 2731 416 2754; x_wconf 86' lang='lat' dir='ltr'>Bo.</span> <span class='ocrx_word' id='word_1_413' title='bbox 491 2732 520 2761; x_wconf 89' lang='lat' dir='ltr'>n)</span> <span class='ocrx_word' id='word_1_414' title='bbox 542 2729 702 2754; x_wconf 84' lang='lat' dir='ltr'>catolicam</span> <span class='ocrx_word' id='word_1_415' title='bbox 722 2731 756 2754; x_wconf 74' lang='lat' dir='ltr'>A.</span> <span class='ocrx_word' id='word_1_416' title='bbox 822 2730 851 2757; x_wconf 85' lang='grc' dir='ltr'>ο)</span> <span class='ocrx_word' id='word_1_417' title='bbox 872 2729 919 2753; x_wconf 78' lang='lat' dir='ltr'>Sic</span> <span class='ocrx_word' id='word_1_418' title='bbox 938 2729 1024 2753; x_wconf 76' lang='lat' dir='ltr'>etiam</span> <span class='ocrx_word' id='word_1_419' title='bbox 1046 2729 1089 2757; x_wconf 88' lang='lat' dir='ltr'>B;</span> <span class='ocrx_word' id='word_1_420' title='bbox 1110 2725 1242 2752; x_wconf 80' lang='lat' dir='ltr'>dioecesi</span> <span class='ocrx_word' id='word_1_421' title='bbox 1262 2727 1316 2750; x_wconf 86' lang='grc' dir='ltr'>Ηο.</span> <span class='ocrx_word' id='word_1_422' title='bbox 1391 2725 1420 2757; x_wconf 90' lang='lat' dir='ltr'>p)</span> <span class='ocrx_word' id='word_1_423' title='bbox 1442 2725 1488 2749; x_wconf 78' lang='lat' dir='ltr'>Ita.</span> <span class='ocrx_word' id='word_1_424' title='bbox 1509 2725 1580 2754; x_wconf 88' lang='lat' dir='ltr'>Ho.;</span> <span class='ocrx_word' id='word_1_425' title='bbox 1601 2723 1631 2748; x_wconf 89' lang='lat' dir='ltr'>in</span> <span class='ocrx_word' id='word_1_426' title='bbox 1651 2724 1721 2748; x_wconf 78' lang='grc' dir='ltr'>ΑΒ.</span> <span class='ocrx_word' id='word_1_427' title='bbox 1797 2723 1827 2754; x_wconf 87' lang='lat' dir='ltr'>q)</span> <span class='ocrx_word' id='word_1_428' title='bbox 1849 2728 1907 2754; x_wconf 84' lang='lat' dir='ltr'>qua</span> <span class='ocrx_word' id='word_1_429' title='bbox 1926 2722 1961 2746; x_wconf 87' lang='lat' dir='ltr'>B.</span> 
     </span>
     <span class='ocr_line' id='line_1_42' title="bbox 206 2764 1961 2802; baseline -0.005 -7"><span class='ocrx_word' id='word_1_430' title='bbox 206 2772 230 2800; x_wconf 87' lang='lat' dir='ltr'>r)</span> <span class='ocrx_word' id='word_1_431' title='bbox 251 2771 298 2795; x_wconf 80' lang='lat' dir='ltr'>Sic</span> <span class='ocrx_word' id='word_1_432' title='bbox 318 2772 388 2802; x_wconf 88' lang='lat' dir='ltr'>H0.;</span> <span class='ocrx_word' id='word_1_433' title='bbox 409 2771 440 2795; x_wconf 86' lang='lat' dir='ltr'>et</span> <span class='ocrx_word' id='word_1_434' title='bbox 459 2773 483 2795; x_wconf 68' lang='lat' dir='ltr'><strong><em>A</em></strong></span> <span class='ocrx_word' id='word_1_435' title='bbox 495 2773 529 2796; x_wconf 89' lang='lat' dir='ltr'>B.</span> <span class='ocrx_word' id='word_1_436' title='bbox 613 2772 638 2801; x_wconf 82' lang='lat' dir='ltr'>s)</span> <span class='ocrx_word' id='word_1_437' title='bbox 660 2770 755 2796; x_wconf 86' lang='lat' dir='ltr'>Datae</span> <span class='ocrx_word' id='word_1_438' title='bbox 776 2771 828 2795; x_wconf 83' lang='lat' dir='ltr'>Ho.</span> <span class='ocrx_word' id='word_1_439' title='bbox 911 2769 935 2799; x_wconf 90' lang='lat' dir='ltr'>t)</span> <span class='ocrx_word' id='word_1_440' title='bbox 958 2769 986 2796; x_wconf 84' lang='lat' dir='ltr'>S.</span> <span class='ocrx_word' id='word_1_441' title='bbox 1006 2769 1139 2794; x_wconf 84' lang='lat' dir='ltr'>Marcum</span> <span class='ocrx_word' id='word_1_442' title='bbox 1160 2769 1194 2792; x_wconf 94' lang='lat' dir='ltr'>B.</span> <span class='ocrx_word' id='word_1_443' title='bbox 1215 2768 1288 2797; x_wconf 88' lang='lat' dir='ltr'>Ho.;</span> <span class='ocrx_word' id='word_1_444' title='bbox 1309 2766 1336 2791; x_wconf 83' lang='lat' dir='ltr'>S.</span> <span class='ocrx_word' id='word_1_445' title='bbox 1357 2765 1460 2791; x_wconf 83' lang='lat' dir='ltr'>Marcii</span> <span class='ocrx_word' id='word_1_446' title='bbox 1480 2766 1567 2796; x_wconf 79' lang='lat' dir='ltr'>Reiff.</span> <span class='ocrx_word' id='word_1_447' title='bbox 1648 2766 1677 2791; x_wconf 81' lang='lat' dir='ltr'>u)</span> <span class='ocrx_word' id='word_1_448' title='bbox 1699 2765 1758 2788; x_wconf 80' lang='lat' dir='ltr'>Hoc</span> <span class='ocrx_word' id='word_1_449' title='bbox 1778 2771 1801 2788; x_wconf 84' lang='lat' dir='ltr'>v.</span> <span class='ocrx_word' id='word_1_450' title='bbox 1822 2766 1848 2787; x_wconf 80' lang='lat' dir='ltr'>et</span> <span class='ocrx_word' id='word_1_451' title='bbox 1867 2764 1884 2787; x_wconf 81' lang='lat'><em>2</em></span> <span class='ocrx_word' id='word_1_452' title='bbox 1903 2770 1961 2793; x_wconf 72' lang='lat' dir='ltr'>sqq.</span> 
     </span>
     <span class='ocr_line' id='line_1_43' title="bbox 206 2804 1963 2843; baseline -0.005 -8"><span class='ocrx_word' id='word_1_453' title='bbox 206 2812 308 2836; x_wconf 75' lang='lat' dir='ltr'>desunt</span> <span class='ocrx_word' id='word_1_454' title='bbox 328 2813 356 2836; x_wconf 76' lang='lat' dir='ltr'>in</span> <span class='ocrx_word' id='word_1_455' title='bbox 373 2814 397 2836; x_wconf 69' lang='lat' dir='ltr'><em>A</em></span> <span class='ocrx_word' id='word_1_456' title='bbox 410 2814 452 2843; x_wconf 87' lang='lat' dir='ltr'>B;</span> <span class='ocrx_word' id='word_1_457' title='bbox 471 2820 544 2843; x_wconf 73' lang='lat' dir='ltr'>quae</span> <span class='ocrx_word' id='word_1_458' title='bbox 563 2813 698 2843; x_wconf 69' lang='lat' dir='ltr'>supplevi</span> <span class='ocrx_word' id='word_1_459' title='bbox 711 2820 746 2837; x_wconf 75' lang='lat' dir='ltr'>ex</span> <span class='ocrx_word' id='word_1_460' title='bbox 760 2813 812 2836; x_wconf 89' lang='lat' dir='ltr'>Ho.</span> <span class='ocrx_word' id='word_1_461' title='bbox 871 2814 902 2839; x_wconf 89' lang='lat' dir='ltr'>v)</span> <span class='ocrx_word' id='word_1_462' title='bbox 917 2810 965 2836; x_wconf 86' lang='lat' dir='ltr'>die</span> <span class='ocrx_word' id='word_1_463' title='bbox 982 2811 1012 2835; x_wconf 81' lang='grc'>19</span> <span class='ocrx_word' id='word_1_464' title='bbox 1028 2808 1180 2842; x_wconf 77' lang='lat' dir='ltr'>Septemb.</span> <span class='ocrx_word' id='word_1_465' title='bbox 1197 2808 1265 2833; x_wconf 82' lang='grc'>1565</span> <span class='ocrx_word' id='word_1_466' title='bbox 1278 2807 1391 2833; x_wconf 81' lang='lat' dir='ltr'>Pontis:</span> <span class='ocrx_word' id='word_1_467' title='bbox 1406 2809 1440 2832; x_wconf 90' lang='grc' dir='ltr'>Β.</span> <span class='ocrx_word' id='word_1_468' title='bbox 1505 2808 1544 2836; x_wconf 84' lang='lat' dir='ltr'>w)</span> <span class='ocrx_word' id='word_1_469' title='bbox 1560 2805 1735 2831; x_wconf 75' lang='lat' dir='ltr'>Antlxonius</span> <span class='ocrx_word' id='word_1_470' title='bbox 1749 2806 1783 2830; x_wconf 88' lang='lat' dir='ltr'>B.</span> <span class='ocrx_word' id='word_1_471' title='bbox 1848 2804 1879 2834; x_wconf 81' lang='lat' dir='ltr'>x)</span> <span class='ocrx_word' id='word_1_472' title='bbox 1894 2804 1963 2834; x_wconf 78' lang='lat' dir='ltr'><em>Hoc,</em></span> 
     </span>
    </p>
   </div>
   <div class='ocr_carea' id='block_1_5' title="bbox 202 2845 1961 2925">
    <p class='ocr_par' dir='ltr' id='par_1_7' title="bbox 202 2845 1961 2925">
     <span class='ocr_line' id='line_1_44' title="bbox 202 2845 1961 2885; baseline -0.004 -9"><span class='ocrx_word' id='word_1_473' title='bbox 202 2856 283 2882; x_wconf 72' lang='lat' dir='ltr'>puto,</span> <span class='ocrx_word' id='word_1_474' title='bbox 304 2861 328 2877; x_wconf 78' lang='lat' dir='ltr'>v.</span> <span class='ocrx_word' id='word_1_475' title='bbox 343 2856 368 2877; x_wconf 75' lang='lat' dir='ltr'>et</span> <span class='ocrx_word' id='word_1_476' title='bbox 381 2855 397 2877; x_wconf 84' lang='lat'><em>3</em></span> <span class='ocrx_word' id='word_1_477' title='bbox 410 2861 468 2884; x_wconf 75' lang='lat' dir='ltr'>sqq.</span> <span class='ocrx_word' id='word_1_478' title='bbox 483 2854 513 2877; x_wconf 79' lang='lat' dir='ltr'>in</span> <span class='ocrx_word' id='word_1_479' title='bbox 530 2854 629 2884; x_wconf 77' lang='lat' dir='ltr'>infima</span> <span class='ocrx_word' id='word_1_480' title='bbox 646 2856 733 2885; x_wconf 79' lang='lat' dir='ltr'>parte</span> <span class='ocrx_word' id='word_1_481' title='bbox 753 2854 921 2877; x_wconf 76' lang='lat' dir='ltr'>litterarum</span> <span class='ocrx_word' id='word_1_482' title='bbox 941 2853 1086 2883; x_wconf 74' lang='lat' dir='ltr'>ipsarum,</span> <span class='ocrx_word' id='word_1_483' title='bbox 1106 2859 1140 2876; x_wconf 78' lang='lat' dir='ltr'>ea</span> <span class='ocrx_word' id='word_1_484' title='bbox 1160 2853 1265 2881; x_wconf 80' lang='lat' dir='ltr'>autem,</span> <span class='ocrx_word' id='word_1_485' title='bbox 1285 2857 1358 2881; x_wconf 74' lang='lat' dir='ltr'>quae</span> <span class='ocrx_word' id='word_1_486' title='bbox 1379 2851 1549 2879; x_wconf 72' lang='lat' dir='ltr'>sequuntur,</span> <span class='ocrx_word' id='word_1_487' title='bbox 1572 2848 1603 2872; x_wconf 79' lang='lat' dir='ltr'>in</span> <span class='ocrx_word' id='word_1_488' title='bbox 1623 2854 1724 2871; x_wconf 74' lang='lat' dir='ltr'>earum</span> <span class='ocrx_word' id='word_1_489' title='bbox 1745 2846 1831 2870; x_wconf 82' lang='lat' dir='ltr'>dorso</span> <span class='ocrx_word' id='word_1_490' title='bbox 1850 2845 1961 2876; x_wconf 76' lang='lat' dir='ltr'>scripta</span> 
     </span>
     <span class='ocr_line' id='line_1_45' title="bbox 207 2893 652 2925; baseline 0.004 -8"><span class='ocrx_word' id='word_1_491' title='bbox 207 2897 299 2917; x_wconf 74' lang='lat' dir='ltr'>erant.</span> <span class='ocrx_word' id='word_1_492' title='bbox 371 2896 403 2925; x_wconf 85' lang='lat' dir='ltr'>y)</span> <span class='ocrx_word' id='word_1_493' title='bbox 425 2893 599 2919; x_wconf 83' lang='lat' dir='ltr'>Treuirensi</span> <span class='ocrx_word' id='word_1_494' title='bbox 619 2895 652 2919; x_wconf 87' lang='lat' dir='ltr'>B.</span> 
     </span>
    </p>
   </div>
   <div class='ocr_carea' id='block_1_6' title="bbox 207 2984 1962 3239">
    <p class='ocr_par' dir='ltr' id='par_1_8' title="bbox 329 2984 1221 3029">
     <span class='ocr_line' id='line_1_46' title="bbox 329 2984 1221 3029; baseline 0 -12"><span class='ocrx_word' id='word_1_495' title='bbox 329 2986 337 3004; x_wconf 88' lang='lat'>¹</span> <span class='ocrx_word' id='word_1_496' title='bbox 365 2985 698 3025; x_wconf 81' lang='lat' dir='ltr'>Doniinicanarum;</span> <span class='ocrx_word' id='word_1_497' title='bbox 726 2986 807 3019; x_wconf 88' lang='lat' dir='ltr'>vide</span> <span class='ocrx_word' id='word_1_498' title='bbox 833 2997 942 3029; x_wconf 84' lang='lat' dir='ltr'>supra</span> <span class='ocrx_word' id='word_1_499' title='bbox 969 2997 1000 3029; x_wconf 90' lang='lat' dir='ltr'>p.</span> <span class='ocrx_word' id='word_1_500' title='bbox 1024 2984 1221 3018; x_wconf 80' lang='lat'>115—117.</span> 
     </span>
    </p>

    <p class='ocr_par' dir='ltr' id='par_1_9' title="bbox 207 3030 1962 3239">
     <span class='ocr_line' id='line_1_47' title="bbox 326 3030 1959 3081; baseline -0.004 -11"><span class='ocrx_word' id='word_1_501' title='bbox 326 3037 338 3056; x_wconf 76' lang='lat'>2</span> <span class='ocrx_word' id='word_1_502' title='bbox 366 3038 513 3071; x_wconf 88' lang='lat' dir='ltr'>Civibus</span> <span class='ocrx_word' id='word_1_503' title='bbox 547 3039 816 3072; x_wconf 86' lang='lat' dir='ltr'>treverensibus</span> <span class='ocrx_word' id='word_1_504' title='bbox 852 3050 931 3072; x_wconf 88' lang='lat' dir='ltr'>cum</span> <span class='ocrx_word' id='word_1_505' title='bbox 968 3036 1248 3081; x_wconf 87' lang='lat' dir='ltr'>archiepiscopis</span> <span class='ocrx_word' id='word_1_506' title='bbox 1283 3047 1352 3069; x_wconf 91' lang='lat' dir='ltr'>non</span> <span class='ocrx_word' id='word_1_507' title='bbox 1388 3035 1477 3069; x_wconf 89' lang='lat' dir='ltr'>bene</span> <span class='ocrx_word' id='word_1_508' title='bbox 1504 3031 1758 3071; x_wconf 72' lang='lat' dir='ltr'>conveniebat:</span> <span class='ocrx_word' id='word_1_509' title='bbox 1795 3030 1831 3064; x_wconf 92' lang='lat' dir='ltr'>hi</span> <span class='ocrx_word' id='word_1_510' title='bbox 1866 3030 1959 3064; x_wconf 89' lang='lat' dir='ltr'>enim</span> 
     </span>
     <span class='ocr_line' id='line_1_48' title="bbox 208 3083 1962 3135; baseline -0.003 -14"><span class='ocrx_word' id='word_1_511' title='bbox 208 3089 331 3121; x_wconf 84' lang='lat' dir='ltr'>urbem</span> <span class='ocrx_word' id='word_1_512' title='bbox 358 3090 464 3122; x_wconf 88' lang='lat' dir='ltr'>etiam</span> <span class='ocrx_word' id='word_1_513' title='bbox 491 3090 525 3122; x_wconf 94' lang='lat' dir='ltr'>in</span> <span class='ocrx_word' id='word_1_514' title='bbox 552 3091 657 3124; x_wconf 91' lang='lat' dir='ltr'>rebus</span> <span class='ocrx_word' id='word_1_515' title='bbox 677 3091 843 3124; x_wconf 85' lang='lat' dir='ltr'>civilibus</span> <span class='ocrx_word' id='word_1_516' title='bbox 870 3090 1017 3135; x_wconf 86' lang='lat' dir='ltr'>imperio</span> <span class='ocrx_word' id='word_1_517' title='bbox 1044 3101 1107 3123; x_wconf 90' lang='lat' dir='ltr'>suo</span> <span class='ocrx_word' id='word_1_518' title='bbox 1126 3089 1324 3123; x_wconf 87' lang='lat' dir='ltr'>subiectam</span> <span class='ocrx_word' id='word_1_519' title='bbox 1351 3099 1430 3122; x_wconf 89' lang='lat' dir='ltr'>esse</span> <span class='ocrx_word' id='word_1_520' title='bbox 1455 3085 1732 3124; x_wconf 85' lang='lat' dir='ltr'>asseverabant;</span> <span class='ocrx_word' id='word_1_521' title='bbox 1760 3083 1859 3117; x_wconf 90' lang='lat' dir='ltr'>cives</span> <span class='ocrx_word' id='word_1_522' title='bbox 1876 3094 1962 3116; x_wconf 90' lang='lat' dir='ltr'>vero</span> 
     </span>
     <span class='ocr_line' id='line_1_49' title="bbox 207 3135 1961 3182; baseline -0.003 -9"><span class='ocrx_word' id='word_1_523' title='bbox 207 3141 331 3173; x_wconf 87' lang='lat' dir='ltr'>urbem</span> <span class='ocrx_word' id='word_1_524' title='bbox 366 3152 466 3174; x_wconf 85' lang='lat' dir='ltr'>suam</span> <span class='ocrx_word' id='word_1_525' title='bbox 502 3142 650 3175; x_wconf 87' lang='lat' dir='ltr'>liberam</span> <span class='ocrx_word' id='word_1_526' title='bbox 686 3155 764 3176; x_wconf 88' lang='lat' dir='ltr'>esse</span> <span class='ocrx_word' id='word_1_527' title='bbox 800 3143 1071 3176; x_wconf 87' lang='lat' dir='ltr'>contendebant.</span> <span class='ocrx_word' id='word_1_528' title='bbox 1122 3141 1224 3175; x_wconf 84' lang='lat' dir='ltr'>Unde</span> <span class='ocrx_word' id='word_1_529' title='bbox 1250 3141 1380 3175; x_wconf 87' lang='lat' dir='ltr'>Ioanne</span> <span class='ocrx_word' id='word_1_530' title='bbox 1407 3151 1476 3173; x_wconf 91' lang='lat' dir='ltr'>von</span> <span class='ocrx_word' id='word_1_531' title='bbox 1503 3139 1565 3172; x_wconf 89' lang='lat' dir='ltr'>der</span> <span class='ocrx_word' id='word_1_532' title='bbox 1590 3137 1710 3182; x_wconf 84' lang='lat' dir='ltr'>Leyen</span> <span class='ocrx_word' id='word_1_533' title='bbox 1736 3137 1813 3170; x_wconf 85' lang='lat' dir='ltr'>vita</span> <span class='ocrx_word' id='word_1_534' title='bbox 1838 3135 1961 3169; x_wconf 87' lang='lat' dir='ltr'>functo</span> 
     </span>
     <span class='ocr_line' id='line_1_50' title="bbox 207 3192 1502 3239; baseline -0.002 -12"><span class='ocrx_word' id='word_1_535' title='bbox 207 3192 338 3227; x_wconf 85' lang='lat' dir='ltr'>bellum</span> <span class='ocrx_word' id='word_1_536' title='bbox 366 3193 501 3226; x_wconf 84' lang='lat' dir='ltr'>exarsit</span> <span class='ocrx_word' id='word_1_537' title='bbox 529 3194 656 3236; x_wconf 64' lang='lat' dir='ltr'>(Marx</span> <span class='ocrx_word' id='word_1_538' title='bbox 681 3195 703 3228; x_wconf 97' lang='lat' dir='ltr'>l.</span> <span class='ocrx_word' id='word_1_539' title='bbox 731 3206 760 3228; x_wconf 89' lang='lat' dir='ltr'>c.</span> <span class='ocrx_word' id='word_1_540' title='bbox 788 3194 847 3237; x_wconf 84' lang='lat' dir='ltr'>[cf.</span> <span class='ocrx_word' id='word_1_541' title='bbox 875 3206 983 3239; x_wconf 86' lang='lat' dir='ltr'>supra</span> <span class='ocrx_word' id='word_1_542' title='bbox 1010 3207 1043 3239; x_wconf 92' lang='lat' dir='ltr'>p.</span> <span class='ocrx_word' id='word_1_543' title='bbox 1066 3194 1146 3238; x_wconf 88' lang='lat'>115]</span> <span class='ocrx_word' id='word_1_544' title='bbox 1175 3195 1199 3235; x_wconf 91' lang='lat' dir='ltr'>I,</span> <span class='ocrx_word' id='word_1_545' title='bbox 1230 3195 1258 3235; x_wconf 86' lang='lat' dir='ltr'>l,</span> <span class='ocrx_word' id='word_1_546' title='bbox 1285 3193 1502 3235; x_wconf 82' lang='lat'>387—395).</span> 
     </span>
    </p>
   </div>
  </div>
 </body>
</html>
