2045 3471
209 203 293 244 280
673 204 775 239 1337.
802 204 942 239 Natalis
969 207 1005 239 et
1031 205 1194 240 Canisius
1220 205 1309 241 Iulio
1335 207 1499 242 Pavesio.

207 319 378 352 accadera
404 319 520 353 finirle
545 321 650 361 tutte,
676 332 734 356 ma
760 322 919 356 uenendo
946 323 993 357 fin
1019 323 1045 356 h
1071 325 1278 367 peccatores
1304 326 1339 358 te
1365 337 1533 369 rogamus
1559 327 1641 362 audi
1666 340 1740 370 nos,
1767 329 1797 363 si
1824 329 1900 364 dira
1925 331 1963 374 gl

205 382 310 405 uerso
336 374 376 405 ut
401 372 561 407 inimicos
588 373 741 409 Sanctae
767 374 952 409 Ecclesiae
974 375 1164 410 humiliare
1190 377 1349 420 digneris
1368 405 1375 412 .
1395 390 1460 412 con
1486 379 1510 413 li
1535 379 1578 414 ,3.
1605 381 1700 415 uersi
1726 383 1902 426 seguenti,
1929 386 1964 418 et

205 435 321 466 agnus
347 425 403 458 dei
430 427 466 459 et
490 437 537 460 un
564 429 666 470 pater
690 429 822 469 nostro,
851 431 886 462 et
912 429 994 472 quel
1019 429 1143 470 salnm,
1169 429 1267 464 Deus
1292 434 1468 466 uenerunt
1493 434 1619 475 gentes
1643 434 1677 468 in
1703 434 1963 471 haereditatem

205 479 314 516 tuam,
341 477 406 511 che
433 480 451 512 e
477 478 502 512 il
528 480 595 514 .78.
623 482 659 514 et
683 480 708 514 il
735 481 772 515 2?
798 483 816 514 ὸ
843 481 880 515 6⁰
905 481 963 515 nel
988 482 1150 526 sabbato,
1177 484 1213 516 et
1238 484 1352 528 doppo
1379 484 1496 528 quello
1520 488 1575 519 tre
1602 487 1761 528 orationi,
1787 487 1822 522 la
1847 489 1964 534 prima

206 532 330 564 contra
357 531 489 575 pagani
514 531 550 566 la
576 533 613 568 25²
639 533 682 567 de
708 533 884 568 Trinitate
905 561 911 568 .
931 534 966 568 la
992 535 1029 569 32²
1055 546 1075 568 a
1102 535 1252 577 cunctis,
1289 539 1324 570 et
1349 549 1420 571 una
1445 537 1544 572 uolta
1579 538 1650 573 alla
1684 541 1877 576 settimana
1910 542 1962 576 fa-

206 594 318 617 ranno
337 583 454 619 alcuni
474 585 673 630 disciplina,
700 587 837 620 intanto
857 586 921 620 che
948 587 978 621 si
1005 588 1082 622 dice
1108 588 1133 622 il
1158 588 1270 622 salmo
1297 590 1357 633 gia
1383 590 1491 631 detto,
1518 602 1624 625 onero
1642 604 1690 626 un
1708 593 1750 627 de
1776 594 1963 638 profundis

203 635 293 680 dopo
319 636 352 670 le
378 639 433 671 tre
460 638 621 680 orationi,
649 641 685 673 et
710 641 836 683 questo
864 640 978 674 faccia
1004 641 1046 676 V.
1070 641 1111 676 R.
1139 641 1323 676 intendere
1348 643 1411 677 alli
1438 643 1587 689 Collegij
1622 645 1657 679 di
1682 657 1747 680 sua
1773 646 1962 682 Prouincia

203 691 338 733 quanto
373 690 498 735 prima.
550 691 585 725 Si
621 692 699 726 dica
734 692 847 726 anche
883 692 1034 737 qualche
1069 706 1188 729 messa
1213 695 1309 730 nella
1335 696 1528 731 settimana
1554 700 1575 731 a
1601 700 1728 742 questa
1754 699 1962 742 intentione,

203 743 356 776 secondo
383 743 448 777 che
473 756 601 789 parera
626 745 700 779 aV.
724 746 766 780 R.
794 748 910 780 atteso
936 746 961 780 il
987 759 1134 781 numero
1161 748 1204 782 de
1230 749 1427 783 sacerdoti⁴⁴
1461 749 1521 793 (ex
1547 762 1670 795 apogr.
1697 752 1807 787 eiusd.
1834 756 1960 799 temp.;

207 795 316 840 „Epp.
344 796 386 831 lt.
417 797 579 842 [Praepp.
609 797 734 842 Genu]
765 799 1017 834 1565—1567“
1048 800 1071 835 f.
1093 800 1189 844 199).

320 849 471 893 Borgias
499 850 641 885 Canisio
665 852 848 896 respondit
875 853 906 887 3.
926 852 1146 897 Septembris
1174 855 1275 889 1566.

202 944 352 982 1337.
450 947 520 983 PP.
547 948 749 983 NATALIS
776 952 811 984 et
839 949 1054 986 CANISIUS
1082 949 1273 987 IULIO
1301 952 1602 990 PAVESIO
1632 954 1691 991 0.
1710 955 1818 999 Pr„
1845 957 1957 992 archi-

367 1000 530 1045 episcopo
556 1002 771 1037 surrentino.
986 1004 1132 1047 Dilinga
1157 1005 1264 1050 paulo
1290 1008 1373 1040 ante
1400 1008 1555 1042 medium
1581 1020 1626 1042 m.
1651 1009 1780 1043 Iulium
1809 1011 1910 1046 1566.

318 1058 372 1092 Ex
399 1059 554 1102 imagine
588 1061 872 1107 photographica
897 1063 1104 1108 apographi,
1141 1065 1234 1108 quod
1261 1066 1383 1099 eodem
1410 1068 1569 1111 tempore
1595 1068 1760 1112 Dilingae
1786 1081 1806 1103 a
1833 1069 1871 1104 P.
1899 1070 1957 1103 Di—

199 1110 286 1145 daco
304 1111 474 1146 Ximenez
495 1113 686 1157 (Jimenez)
709 1115 742 1149 S.
758 1116 802 1155 J..
820 1115 962 1150 Natalis
981 1116 1136 1157 librario,
1164 1118 1337 1162 scriptum
1365 1121 1399 1152 et
1417 1119 1461 1153 ab
1480 1119 1556 1165 ipso
1574 1120 1703 1155 Natale
1721 1124 1956 1166 recognitum,

198 1163 242 1197 ab
261 1164 383 1198 eodem
402 1165 550 1200 Romam
570 1167 614 1200 ad
633 1167 667 1201 S.
686 1168 914 1203 Franciscum
934 1169 1104 1213 Borgiam
1122 1171 1270 1205 missum
1290 1174 1364 1211 est:
1393 1172 1485 1216 quod
1504 1174 1749 1218 apographum
1770 1174 1841 1218 (2⁰;
1872 1176 1887 1210 1
1905 1176 1956 1221 p.)

197 1228 292 1251 nunc
318 1219 438 1252 exstat
464 1219 499 1252 in
526 1219 610 1254 cod.
641 1221 700 1262 „E.
721 1221 757 1255 C.
778 1222 829 1255 11“
860 1234 892 1256 n.
913 1222 991 1257 311.
1043 1223 1199 1257 Litteras
1225 1236 1270 1258 ex
1297 1225 1419 1259 eadem
1447 1226 1603 1269 imagine
1629 1228 1780 1271 primum
1808 1229 1956 1273 vulgavi

198 1268 233 1303 in
265 1271 528 1312 „Historisches
554 1274 759 1307 Jahffmdst
789 1275 890 1309 XXX
917 1276 972 1310 64.

317 1335 498 1370 Pac-esium
527 1344 666 1382 royant,
702 1340 833 1381 efficiat
868 1342 965 1383 apud
992 1341 1095 1374 Pium
1125 1343 1172 1384 12,
1209 1345 1238 1375 1.
1269 1348 1303 1375 nt
1331 1344 1445 1376 Sociis
1478 1345 1511 1377 in
1545 1345 1740 1378 Germania
1772 1347 1957 1389 pontificis

197 1398 258 1430 ope
284 1389 407 1423 (Zonms
434 1391 660 1433 probationis
695 1395 952 1435 constituatur,·
986 1397 1018 1427 2.
1048 1399 1083 1427 nt
1110 1397 1258 1428 nuntius
1292 1397 1503 1438 apostolicus
1542 1399 1578 1430 ίη
1610 1398 1806 1431 Germania
1832 1400 1956 1443 deqens

195 1442 346 1484 sinqule‘s
371 1445 478 1477 annis
517 1446 552 1477 ἱη
579 1446 882 1489 typoyraphormn
909 1447 1163 1481 catholicorum
1188 1449 1384 1482 subsidium
1412 1451 1588 1492 pecunias
1613 1452 1824 1492 distribuam
1858 1456 1889 1486 3.
1919 1459 1955 1486 ut

198 1495 235 1527 ἰη
265 1496 460 1529 Germania
496 1499 726 1541 typographis
762 1500 942 1533 catholicis
977 1501 1077 1534 liceat
1111 1501 1220 1534 libros
1245 1502 1378 1535 Romae
1412 1504 1521 1535 editos
1555 1505 1739 1545 recndere;
1773 1507 1804 1538 4.
1839 1510 1878 1538 ut
1912 1517 1955 1539 ez·

196 1547 409 1581 bibliothecis
426 1551 590 1583 vaticana
608 1552 657 1584 vel
674 1552 847 1585 sz'rletana
866 1553 997 1586 codices
1015 1555 1215 1597 mittantur,
1234 1555 1296 1598 qui
1312 1557 1405 1598 typc's
1424 1556 1460 1588 in
1483 1557 1675 1590 Germania
1695 1558 1952 1593 exscribantur.

989 1624 1161 1668 JhesuS.

517 1685 891 1729 Reuerendissime
921 1687 965 1730 in
998 1689 1166 1731 Christo
1200 1689 1332 1733 Pater
1363 1704 1413 1732 ac
1445 1691 1638 1735 Domine.

315 1748 498 1790 Oramus
531 1753 662 1803 atque
695 1752 971 1794 obsecramus
1002 1754 1054 1796 D.
1079 1753 1130 1796 V.
1164 1754 1585 1798 Reuerendissimam
1626 1771 1704 1811 per
1736 1757 1951 1800 Christum

194 1811 373 1855 IESVM
406 1816 450 1856 et
480 1814 744 1867 singularem
785 1816 905 1859 illam
939 1818 1197 1862 charitatem
1232 1822 1275 1862 et
1307 1821 1459 1871 zelum,
1502 1836 1586 1875 quo
1619 1822 1949 1865 afflictissimam

193 1876 236 1918 in
261 1877 492 1921 Germania
513 1879 781 1933 Religionem
804 1882 1091 1935 prosequitur,
1116 1885 1163 1925 ut
1187 1885 1300 1938 apud
1323 1885 1364 1927 S.
1384 1885 1435 1928 D.
1455 1885 1508 1929 N.
1534 1900 1644 1939 quae
1666 1887 1953 1942 subijciuntur

193 1941 248 1983 ad
280 1943 485 1985 maiorem
518 1944 596 1986 Dei
630 1945 812 1998 gloriam
844 1946 1080 2000 impetrare
1113 1949 1326 2001 dignetur.

311 2007 514 2060 Primum,
548 2012 596 2052 ut
618 2010 658 2052 S.
683 2011 734 2054 D.
758 2011 812 2053 N.
838 2014 1061 2054 extremae
1094 2013 1323 2056 Societatis
1355 2015 1488 2057 IESV
1509 2015 1551 2057 in
1576 2016 1807 2059 Germania
1838 2031 1950 2060 nunc

191 2071 430 2115 laborantis
462 2074 715 2117 necessitati
747 2076 987 2119 subueniat.
1051 2077 1164 2120 Nam
1198 2092 1327 2131 quum
1369 2080 1576 2133 plurimos
1617 2095 1841 2135 possemus
1873 2097 1949 2124 no-

192 2135 320 2179 uitios
352 2138 406 2180 ad
438 2141 633 2181 nostrum
666 2139 927 2192 institutum,
970 2141 1055 2183 imo
1088 2142 1143 2184 ad
1183 2143 1413 2186 iuuandam
1456 2145 1566 2187 hanc
1607 2145 1826 2188 nationem
1857 2146 1949 2188 ido-

191 2215 295 2243 neos
335 2202 403 2244 hic
434 2203 641 2257 recipere,
684 2205 878 2258 cogimur
918 2209 1064 2248 tamen
1101 2207 1261 2250 multos
1292 2208 1450 2251 idcirco
1483 2210 1676 2264 reijcere,
1719 2211 1831 2264 quod
1863 2226 1948 2253 non

190 2264 425 2309 habeamus
465 2268 578 2310 unde
618 2268 716 2310 illos
757 2270 874 2311 alere
916 2273 960 2312 et
1000 2274 1249 2314 sustentare
1292 2273 1517 2327 possimus.
1582 2275 1657 2316 Cui
1696 2276 1947 2318 necessitati

191 2334 529 2383 succurreretur,
564 2333 601 2374 si
628 2333 668 2376 S.
693 2334 744 2377 D.
768 2334 824 2377 N.
856 2349 934 2388 pro
967 2349 1046 2377 sua
1077 2350 1245 2378 summa
1276 2337 1440 2391 pietate
1472 2338 1643 2381 iuuaret
1669 2339 1945 2390 Societatem,

190 2397 238 2437 ut
279 2395 450 2438 domum
491 2397 758 2450 probationis
799 2402 947 2453 posset
988 2400 1154 2454 erigere
1198 2401 1241 2443 in
1283 2402 1514 2445 Germania
1556 2417 1610 2445 ex
1649 2405 1944 2457 prouentibus,

190 2473 296 2511 quos
330 2460 416 2503 Sua
448 2462 669 2505 Sanctitas
700 2463 883 2517 benigne
915 2465 1167 2518 applicaret.

308 2525 564 2578 Secundum,
598 2527 653 2569 ad
685 2527 992 2582 imprimendos
1024 2529 1194 2572 facilius
1217 2544 1289 2572 eos
1321 2532 1466 2581 libros,
1501 2532 1571 2585 qui
1603 2532 1810 2574 aduersus
1842 2534 1945 2576 hae-

189 2588 346 2631 reticos
378 2605 489 2633 nunc
520 2592 708 2634 maxime
741 2593 1042 2636 desiderantur
1073 2595 1116 2636 in
1149 2595 1215 2637 his
1249 2596 1498 2651 prouinciis,
1542 2597 1739 2651 petimus,
1783 2600 1831 2640 ut
1872 2613 1943 2641 ac-

191 2652 322 2706 cipiat
362 2654 619 2698 facultatem
660 2657 1060 2700 Reuerendissimus
1101 2659 1297 2702 Nuncius
1339 2661 1647 2703 Germanicus1
1688 2675 1714 2703 a
1746 2661 1787 2704 S.
1811 2663 1863 2706 D.
1887 2663 1942 2707 N.

189 2716 244 2757 ad
275 2718 559 2762 sufficientem
583 2721 772 2774 aliquam
794 2722 1001 2776 pecuniae
1023 2737 1234 2766 summam
1257 2724 1437 2778 singulis
1460 2725 1582 2768 annis
1605 2725 1940 2768 distribuendam

190 2783 409 2824 commode
441 2784 485 2825 in
517 2785 753 2827 subsidium
786 2786 1170 2841 Typographorum
1206 2789 1536 2839 Catholicorum,
1579 2803 1706 2842 quum
1745 2790 1854 2832 alias
1886 2791 1943 2834 sit

190 2846 456 2897 experientia
501 2854 790 2904 compertum,
838 2855 1016 2906 propter
1058 2853 1316 2907 scriptorum
1362 2857 1406 2896 et
1447 2854 1833 2908 Typographorum
1877 2856 1941 2897 in-

191 2907 345 2960 opiam,
387 2913 523 2954 multa
555 2915 762 2968 supprimi
803 2918 847 2957 et
887 2916 1116 2959 intermitti
1150 2932 1294 2972 opera,
1336 2932 1446 2971 quae
1479 2918 1756 2960 uehementer
1787 2922 1831 2961 et
1862 2919 1942 2961 Ca—

188 2970 371 3014 tholicos
404 2978 708 3021 confirmarent
740 2983 784 3022 et
815 2980 1058 3023 haereticos
1089 2982 1387 3036 reprimerent,
1421 2982 1456 3023 si
1488 2981 1604 3024 edita
1636 2985 1839 3025 extarent
1851 2985 1879 3025 2.

310 3070 318 3089 ¹
345 3069 499 3106 Nuntius
521 3075 773 3119 „ordinarius“,
801 3089 906 3121 quem
932 3090 1112 3121 vocamus,
1139 3080 1232 3124 apud
1259 3080 1509 3124 imperatorem
1536 3078 1706 3122 degebat;
1735 3091 1802 3123 quo
1822 3081 1940 3114 officio

187 3120 254 3154 hoc
280 3123 437 3165 tempore
462 3125 636 3161 Melchior
662 3128 754 3162 Bilia
779 3130 1007 3173 fungebatur.

305 3173 318 3193 ²
344 3173 444 3216 Vide,
471 3187 561 3219 quae
588 3179 630 3212 de
656 3179 722 3214 hoc
749 3182 865 3226 capite
891 3183 957 3217 sub
984 3185 1082 3228 ipsas
1107 3183 1173 3218 has
1199 3183 1339 3218 litteras
1366 3184 1538 3221 dicentur,
1564 3183 1599 3217 in
1625 3195 1657 3217 n.
1686 3184 1718 3218 2.
