2077 3461
201 207 301 241 1241.
328 205 570 240 Theudoricus
597 205 762 240 Canisius
789 204 943 239 Canisio.
996 203 1097 238 1242.
1126 201 1290 236 Canisius
1318 201 1496 236 Stanislao
1525 201 1645 235 Hosio.
1754 202 1808 242 95

43 323 328 359 Confessionis“:
368 323 499 368 „Typis
532 325 588 357 est
612 323 817 365 mandata“,
853 321 989 366 inquit,
1029 320 1212 363 ‚Lugduni
1240 330 1261 353 a
1287 318 1490 353 Guilhelmo
1516 317 1655 352 Rouilio
1671 318 1690 359 ¹,
1726 320 1761 352 et
1788 329 1808 352 a

41 376 253 421 quibusdam
279 376 360 421 alijs
385 376 540 410 fortasse
567 376 714 420 quater“
748 374 1008 418 (Confessionis
1035 373 1262 408 Christianae
1290 371 1497 406 Catholicae
1522 371 1604 405 fidei
1631 382 1651 405 a
1670 371 1711 404 D.
1731 370 1808 404 Sta-

42 430 155 464 nislao
191 429 300 463 Hosio
335 430 559 474 conscriptae
585 429 717 463 Tomus
752 429 900 474 primus,
937 427 1103 462 Coloniae
1132 426 1233 467 1573,
1259 425 1284 459 f.
1303 426 1324 466 †
1343 425 1408 468 3³).
1459 425 1596 459 Paulus
1620 425 1809 458 Manutius

40 481 289 527 typographus
322 493 490 516 romanus
525 482 562 516 in
596 481 751 522 litteris,
790 493 879 526 quas
914 481 1026 515 Roma
1064 480 1118 514 18.
1144 478 1358 513 Novembris
1388 478 1477 512 1565
1514 477 1728 520 Lugdunum
1763 478 1807 511 ad

41 535 188 569 Petrum
206 535 373 569 Ioannem
392 535 646 580 Perpinianum
665 534 699 568 S.
715 535 747 569 J.
766 534 884 569 misit:
907 533 1157 577 „Rovillium“,
1184 531 1309 575 inquit,
1341 531 1560 575 „praestanti
1584 530 1807 564 humanitate

43 588 160 622 virum
194 588 338 632 egregie
373 588 415 622 de
450 588 623 631 religione
658 588 893 628 sentientem,
933 587 963 621 si
998 598 1077 620 meo
1111 585 1252 620 nomine
1287 584 1524 625 salutaveris;
1562 584 1807 627 gratissimum

42 641 213 675 fece1·is“:
252 641 354 675 Pauli
382 641 535 675 Manutii
562 640 805 685 Epistolarum
832 640 928 675 Libri
954 640 1033 674 XII.
1073 639 1126 673 ed.
1162 640 1234 674 Iac.
1267 638 1494 678 Thomasias‚
1535 636 1678 681 Lipsiae
1706 636 1806 671 1669.

41 694 240 729 440—441.
291 694 458 728 Ceterum
493 694 753 737 lugdunensem
790 693 886 728 illam
923 693 1113 738 epistulam
1141 691 1283 726 Canisio
1318 690 1528 735 inscriptam
1561 701 1640 724 esse
1667 689 1807 723 omnino

44 749 142 782 certo
168 759 236 781 non
264 750 414 781 constat.

43 863 185 901 1241.
283 863 345 899 P.
373 860 866 898 THEODORICUS
904 858 1221 897 CANISIUS
1259 859 1311 895 S.
1340 858 1421 901 J.‚
1458 858 1670 893 Germaniae
1705 869 1806 903 supe-

185 917 289 952 rioris
315 915 641 961 viceprovinciahs,
669 914 870 949 CANISIO.

244 971 410 1013 Augusta
428 969 696 1004 Vindelicorum
725 968 933 1012 (Dihnga‘P)
962 968 1107 1002 ineunte
1132 966 1192 1001 vel
1217 966 1333 1001 medio
1359 977 1407 999 m.
1428 965 1629 1010 Septembri
1657 964 1758 998 1565.

162 1040 216 1075 Ex
242 1040 453 1075 Theodorici
480 1039 635 1084 epistula
664 1039 716 1072 12.
744 1038 824 1073 Oct.
854 1039 943 1073 1565
971 1038 1064 1078 data,
1091 1038 1134 1071 de
1161 1049 1231 1081 qua
1257 1037 1351 1071 infra
1377 1048 1414 1070 n.
1443 1036 1545 1070 1249.

161 1112 356 1155 Epistulae.
408 1112 564 1144 Pecunia
590 1111 707 1143 missa.

163 1182 200 1216 P.
228 1182 467 1215 Theodorz‘cns
487 1181 656 1214 Cauz'sius
674 1181 821 1222 Dile'nya
850 1181 905 1213 12.
929 1180 1086 1212 Octobris
1104 1181 1196 1212 1565
1216 1178 1319 1211 Petro
1341 1178 1484 1211 Canisio
1507 1177 1622 1219 fratri
1646 1177 1788 1218 scripsit
1798 1190 1808 1210 .-

46 1236 206 1279 „Rarius
231 1246 288 1279 eqo
314 1236 385 1268 iam
411 1235 547 1278 aliquot
571 1234 777 1277 septimanis
800 1233 940 1276 scripsi,
969 1234 1061 1276 quod
1087 1233 1127 1265 cle.
1153 1233 1310 1265 aduentu
1335 1232 1566 1264 Reuereutiae
1596 1230 1634 1263 T.
1654 1231 1807 1262 incertus

44 1299 158 1322 essem.
207 1289 358 1330 Venetiy‘s
391 1298 493 1330 spero
530 1292 670 1320 nostras
695 1287 927 1319 Reuerentiae
961 1291 1042 1319 tusce
1077 1286 1236 1318 redditas
1271 1295 1339 1317 esse
1364 1295 1432 1317 eua-
1459 1294 1537 1316 cum
1565 1286 1632 1316 150
1657 1283 1807 1324 ducatis,

43 1342 106 1375 hoc
132 1346 178 1375 esc
204 1344 294 1375 225.
321 1342 477 1384 florenis,
513 1351 598 1383 quos
624 1351 646 1372 a
671 1340 829 1372 Domina
854 1340 1020 1383 Fayyera
1055 1344 1176 1372 mutuo
1202 1342 1368 1381 acceptos,
1407 1337 1553 1379 Venelijs
1580 1347 1648 1379 per
1672 1335 1806 1378 Fuyye-

45 1406 169 1429 rorum
196 1399 376 1428 curatores
404 1395 440 1428 P.
472 1392 643 1427 Caesari²
670 1393 910 1425 numerandos
935 1393 1144 1426 curauimus
1171 1394 1208 1425 iu
1234 1402 1331 1424 esum
1357 1392 1399 1423 R.
1432 1388 1493 1423 T.“

164 1470 266 1504 Hanc
297 1470 482 1515 pecuniam
511 1470 554 1504 ab
581 1469 716 1504 Ursula
742 1470 784 1503 de
811 1469 1067 1510 Lichtenstein,
1104 1468 1250 1512 Georgii
1276 1467 1434 1510 Fuggeri
1460 1478 1582 1506 uxore,
1619 1467 1728 1509 atque
1763 1464 1806 1498 ab

45 1524 122 1568 ipso
150 1523 304 1566 Georgio
330 1525 489 1557 mutuam
517 1523 636 1557 datam
664 1534 742 1557 esse
778 1522 1005 1566 cognoscitur
1032 1534 1076 1556 ex
1104 1521 1237 1556 Canisii
1271 1521 1404 1555 litteris
1442 1520 1495 1554 12.
1523 1518 1688 1553 Octobris
1717 1518 1806 1552 1565

45 1577 89 1611 ad
116 1576 310 1620 Georgium
336 1576 541 1619 Fuggerum
568 1576 672 1610 datis.
722 1575 904 1610 Canisium
922 1575 1086 1609 Venetiis
1111 1577 1250 1619 partem
1277 1573 1437 1608 eiusdem
1463 1573 1634 1617 pecuniae
1660 1570 1761 1605 libris
1787 1582 1806 1604 a

45 1630 274 1664 Tramezzino
301 1631 337 1663 et
363 1629 443 1663 aliis
462 1629 621 1663 emendis
646 1629 852 1673 impendere
871 1628 1027 1662 voluisse
1047 1628 1192 1662 conicio.
1236 1628 1482 1670 Fuggerorum
1501 1627 1711 1670 procurator
1729 1623 1807 1658 sive

51 1683 207 1725 „factost
237 1683 450 1727 praecipuus
475 1682 640 1716 Venetiis
667 1684 745 1716 erat
769 1682 887 1716 David
915 1681 978 1715 Ott
1005 1684 1199 1721 mercator:
1237 1680 1338 1714 cuius
1373 1679 1511 1713 familia
1536 1678 1703 1721 Augusta
1730 1681 1807 1710 erat

46 1739 124 1772 orta
154 1736 321 1779 (G.Lill‚
356 1736 457 1769 Hans
483 1736 627 1779 Fugger
661 1735 732 1769 und
768 1735 824 1769 die
859 1736 988 1776 Kunst,
1025 1734 1171 1779 Leipzig
1209 1733 1310 1774 1908,
1348 1734 1407 1767 10⁶
1443 1732 1515 1776 13).
1565 1731 1807 1765 Theodericus

48 1790 213 1825 Canisius
239 1789 339 1823 initio
367 1801 411 1823 m.
440 1788 660 1834 Septembris
688 1789 778 1822 1565
806 1800 886 1823 cum
913 1788 1044 1822 Ottone
1070 1787 1241 1822 cardinali
1269 1786 1469 1821 Truchsess
1494 1786 1682 1828 Augustae
1718 1784 1807 1824 fuit;

46 1843 128 1877 vide
153 1843 247 1877 infra
273 1854 365 1876 mon.
392 1854 474 1886 aug.
504 1842 540 1885 (a
559 1842 616 1886 7);
647 1853 757 1886 quare
790 1841 986 1876 verisimile
1021 1843 1087 1882 est,
1123 1841 1224 1874 illum
1251 1852 1291 1874 eo
1325 1841 1485 1884 tempore
1511 1840 1546 1872 et
1574 1837 1760 1883 pecuniam
1788 1849 1807 1871 a

47 1896 222 1940 Fuggeris
260 1898 461 1929 mutuatum
500 1906 578 1929 esse
618 1896 653 1928 et
689 1894 830 1928 litteras
867 1895 910 1928 ad
949 1894 1096 1928 Petrum
1138 1894 1286 1928 fratrem
1326 1893 1479 1927 dedisse.
1530 1891 1628 1933 Quae
1665 1890 1807 1924 litterae

47 1950 183 1995 perisse
210 1949 388 1983 videntur.

52 2063 202 2100 1242.
301 2063 518 2098 CANISIUS
546 2063 805 2098 CARDINALI
833 2060 1218 2099 STANISLAO
1246 2060 1476 2104 HOSIO,
1514 2062 1678 2106 episcopo
1714 2060 1807 2104 prin-

214 2118 284 2162 cipi
310 2117 516 2151 varmiensi.
1187 2115 1299 2150 Roma
1328 2117 1381 2149 17.
1410 2115 1630 2160 Septembris
1660 2114 1760 2147 1565.

167 2188 221 2222 Ex
247 2187 469 2231 autographo
499 2187 551 2229 (20
576 2187 672 2228 min.,
699 2187 719 2220 2
739 2199 815 2231 pp.;
843 2186 878 2220 in
906 2199 937 2231 p.
957 2186 989 2220 4.
1017 2187 1123 2220 inscr.
1151 2189 1187 2220 et
1212 2186 1310 2230 sig),
1338 2186 1431 2229 quod
1459 2187 1580 2219 exstat
1607 2184 1745 2219 Gothae
1772 2183 1806 2217 in

48 2241 264 2276 bibliotheca
299 2240 431 2280 ducali,
468 2240 551 2274 Cod.
588 2240 685 2283 goth.
717 2240 775 2281 „1⁴2
803 2240 847 2274 H.
876 2240 915 2273 3⁸
954 2240 979 2274 f.
1015 2240 1211 2274 116—117.
1270 2239 1470 2284 Epistulam
1505 2250 1551 2272 ex
1584 2236 1807 2281 autographo

47 2295 182 2340 primus
218 2294 328 2327 edidit
356 2294 561 2337 Cyprianus
596 2294 617 2327 l.
645 2305 674 2327 c.
701 2293 899 2327 398—400.
950 2293 1078 2326 Partes
1114 2293 1289 2337 epistulae
1325 2294 1540 2337 posuerunt:
1570 2290 1804 2334 (germanice)

49 2349 148 2385 Is'lor.
168 2349 268 2381 Riese
286 2347 317 2381 S.
335 2347 380 2390 J„
409 2346 480 2380 Der
497 2346 610 2390 selige
629 2346 757 2380 Petrus
778 2345 952 2385 Canisius,
979 2346 1154 2389 Freiburg
1173 2346 1192 2380 i.
1208 2346 1266 2379 ΒΓ.
1288 2346 1388 2386 1865,
1416 2345 1482 2379 347
1497 2345 1509 2364 2
1522 2346 1533 2365 ³
1552 2347 1588 2378 et
1608 2344 1667 2386 (ex
1687 2343 1806 2385 Riess)

50 2403 162 2435 ΚνϋὸὸἸ
187 2400 209 2434 l.
229 2412 258 2434 c.
280 2400 483 2439 173—174;
514 2399 665 2442 (italice)
690 2401 788 2433 Gc'us.
808 2401 922 2433 Boero
950 2398 983 2433 S.
1004 2400 1048 2439 J.‚
1066 2398 1153 2433 Vita
1171 2399 1226 2432 del
1247 2399 1357 2433 Beato
1378 2399 1497 2432 Pietro
1517 2397 1669 2438 Canisio,
1696 2396 1808 2430 Roma

52 2454 152 2495 1864,
170 2453 377 2492 283—284;
406 2452 566 2496 (gallice)
589 2454 630 2486 L.
650 2453 777 2486 Michel
795 2452 829 2486 S.
849 2452 893 2489 J..
914 2452 980 2486 Vie
999 2453 1044 2486 du
1066 2452 1317 2486 Bienheureux
1335 2452 1457 2485 Pierrc
1477 2451 1651 2490 Canisius,
1671 2449 1808 2483 Societe

50 2508 92 2541 de
128 2506 426 2549 Saint-Augustin
465 2506 564 2546 1897,
601 2505 799 2539 293-294.
850 2505 982 2539 Eadem
1010 2505 1164 2550 epistula
1191 2517 1256 2548 ego
1283 2517 1369 2539 usus
1404 2516 1482 2538 sum
1519 2504 1664 2547 eiusque
1700 2503 1808 2547 parti-

50 2560 166 2595 culam
192 2559 395 2604 germanice
413 2559 514 2603 posui
541 2559 575 2591 in
594 2559 847 2592 commentario
871 2558 977 2599 „Eine
997 2558 1158 2601 geheime
1176 2557 1377 2603 papstliche
1397 2557 1565 2600 Sondung
1584 2557 1646 2590 des
1664 2556 1726 2589 sel.
1745 2556 1808 2589 Ca-

50 2613 183 2648 nisius“
213 2613 249 2646 in
277 2614 467 2657 „Stcmmeu
494 2624 559 2645 aas
585 2611 873 2645 Maria·Laaeh“
902 2611 1015 2645 LXXI
1043 2612 1085 2645 59
1113 2612 1158 2646 60
1186 2612 1264 2645 321.

169 2689 274 2722 Brevi
310 2689 444 2722 redibit.
510 2688 667 2730 Gaudet,
708 2687 877 2729 Bormam
914 2688 1054 2720 electum
1090 2698 1159 2720 esse
1188 2687 1430 2729 praepositum
1465 2686 1672 2727 yeueralem.
1732 2685 1810 2728 Ipse

52 2742 293 2775 cardinalium
312 2742 474 2783 Dolerae,
499 2741 647 2783 Amulii,
676 2741 809 2783 sirleti,
841 2741 998 2783 Gislerii,
1027 2741 1207 2782 reliyiouis
1231 2740 1579 2780 stzaliosissimorum,
1606 2739 1809 2771 commercio

52 2795 251 2837 fruebatur.
305 2795 427 2828 Caroli
453 2795 663 2827 Borromaei
690 2795 812 2827 virtus.
862 2794 1011 2827 Hosiam
1039 2793 1217 2834 hortatur,
1256 2797 1291 2825 a(
1316 2803 1418 2834 saepe
1442 2802 1506 2833 per
1532 2792 1667 2824 litteras
1694 2791 1809 2824 cardi-

58 2849 154 2880 nales
179 2848 227 2880 ad
252 2849 434 2890 reqionum
459 2847 786 2890 septen(rioualiam
813 2858 937 2879 euram
963 2850 1095 2879 arella.
1147 2846 1233 2878 I’e'as
1259 2846 1318 2878 11'.
1350 2845 1494 2878 Cam'sz'o
1527 2855 1631 2877 saum
1658 2846 1694 2877 in
1725 2845 1809 2877 Ger-

53 2901 210 2933 maniam
245 2912 399 2934 (nitorem
430 2900 621 2933 declararit
656 2910 799 2942 eamque
835 2900 956 2932 iza-are
990 2900 1111 2932 studet.
1166 2901 1261 2940 Quae
1287 2899 1421 2931 Hosius
1446 2898 1591 2931 Amulio
1622 2898 1663 2930 cle
1688 2898 1810 2930 calicis

177 3026 186 3045 ¹
213 3024 376 3069 Epistula
402 3024 574 3068 Lugduno
610 3035 639 3057 a.
670 3023 759 3057 1565
787 3034 806 3056 a
837 3022 1059 3064 „Guillaume
1085 3021 1244 3055 Roville⁴
1274 3020 1499 3066 typographo
1525 3020 1739 3064 lugdunensi
1766 3020 1808 3054 ad

56 3077 349 3122 Christophorum
385 3078 589 3111 Plantinum
625 3075 890 3121 typographum
924 3075 1213 3119 antverpiensem
1250 3074 1334 3108 data
1366 3076 1487 3108 exstat
1512 3075 1547 3108 in
1578 3074 1809 3118 „Correspon-

56 3130 165 3165 dance
183 3131 226 3164 de
241 3130 623 3175 ChristophePlantin,
642 3129 780 3174 publice
799 3140 863 3173 par
878 3129 965 3162 Mam
978 3129 1123 3162 Rooses‘
1147 3128 1172 3169 1,
1191 3127 1519 3172 Antwerpen—Gent
1541 3127 1640 3168 1883,
1658 3126 1809 3161 47—48.

175 3183 187 3203 ²
214 3183 331 3217 Helmi
359 3182 392 3217 S.
421 3184 464 3224 J„
493 3182 633 3226 collegii
661 3182 778 3216 veneti
805 3181 945 3215 rectori.
