2045 3471
624 202 790 246 Augusta
809 203 914 238 Vind.
934 203 990 238 26.
1009 203 1091 238 Iulii
1119 204 1220 238 1567.
1718 207 1802 248 529

155 319 212 361 Jn
229 320 431 374 Collegijs
454 321 616 364 nostris
639 321 876 365 communis
898 322 1005 364 haec
1026 325 1094 364 est
1111 323 1344 365 Rectorum
1368 323 1556 376 querela,
1581 322 1804 365 Ministros

36 383 188 426 deesse
220 384 314 434 sibi,
348 387 479 438 atque
510 386 672 428 idcirco
704 387 899 440 grauiter
930 401 1036 429 sane
1060 388 1275 437 laborant,
1308 387 1565 441 praesertim
1589 387 1803 441 Dilingae,

36 448 274 502 Monachij.
321 449 566 504 Oeniponti.
634 452 730 505 Ego
774 466 877 493 uero
922 466 1029 505 quos
1072 452 1158 494 illis
1203 452 1421 495 adiutores
1465 453 1535 494 uel
1578 453 1803 495 Ministros

35 513 281 567 praebeam,
314 513 507 557 inuenire
530 530 615 557 non
636 530 825 570 possum.
871 516 1006 558 Video
1029 516 1201 559 interim
1226 520 1270 559 et
1293 517 1415 559 doleo
1438 517 1648 560 Rectores
1671 532 1803 571 supra

34 577 151 620 uires
182 578 382 620 laborare
424 583 468 622 et
499 594 635 632 graue
668 581 747 623 hoc
780 595 934 623 munus
965 582 1147 624 moleste
1185 582 1314 625 ferre.
1377 583 1515 624 Deum
1548 596 1712 636 precor,
1756 584 1804 625 ut

35 643 326 684 necessariam
358 643 443 685 illis
475 645 640 688 tribuat
673 646 1026 689 consolationem.

155 707 512 750 Commendamus
554 723 631 751 nos
672 713 716 751 et
748 710 1022 752 Prouinciam
1064 725 1232 752 omnem
1266 711 1489 765 sacrificijs
1529 714 1573 754 et
1604 712 1803 766 precibus

35 772 322 814 Paternitatis
352 775 456 815 tuae
497 788 548 815 ac
586 775 770 817 fratrum
811 776 1004 818 aliorum.
1068 775 1195 817 Nunc
1227 778 1348 818 recta
1381 776 1669 831 Oenipontum
1702 791 1801 831 pro-

34 836 215 888 ficiscor,
258 840 307 880 ut
347 837 517 880 initium
560 840 637 881 fiat
670 840 945 882 Visitationis
986 840 1029 881 in
1070 840 1151 882 hac
1183 841 1425 892 Prouincia,
1468 841 1607 883 iturus
1650 841 1802 883 deinde

35 901 309 943 Monachium
343 904 388 945 et
419 903 755 956 Jngolstadium.
819 904 1027 946 Dominus
1060 905 1294 949 nobiscum.

154 967 270 1010 Mitti
302 968 356 1009 ad
389 982 466 1010 nos
500 968 693 1022 cupimus
716 969 886 1011 Bullam
910 969 1131 1012 Pontificis
1163 971 1338 1021 editam,
1372 973 1421 1013 ut
1443 971 1654 1022 audimus,
1687 971 1802 1013 circa

36 1034 309 1074 contractum
331 1036 379 1075 ut
412 1033 599 1086 quinque
630 1048 708 1088 pro
732 1037 904 1077 centum
928 1035 1065 1089 accipi
1097 1036 1306 1089 possintl.
1351 1036 1503 1078 Priora
1525 1036 1599 1078 illa
1625 1036 1801 1090 scripta,

37 1111 147 1150 quae
178 1097 221 1138 in
254 1097 364 1140 hanc
395 1112 486 1140 rem
519 1099 642 1140 nobis
675 1099 806 1140 missa
838 1099 1027 1150 fuerunt,
1071 1100 1409 1143 consolationem
1448 1101 1608 1143 nostris
1641 1102 1802 1143 attule-

35 1165 150 1212 runt,
174 1162 257 1204 etsi
278 1177 332 1205 ne
354 1163 415 1205 sic
438 1163 608 1216 quidem
632 1164 746 1205 omni
764 1165 963 1219 scrupulo
982 1165 1234 1216 liberantur,
1258 1166 1515 1219 praesertim
1531 1166 1758 1218 Augustae
1771 1167 1801 1208 2.

36 1226 245 1269 Dominus
277 1228 512 1279 nobiscum,
546 1243 673 1282 quem
705 1243 782 1283 pro
812 1229 1055 1283 Fuggerica
1077 1230 1259 1272 Familia
1291 1231 1479 1273 iuuanda
1512 1231 1704 1285 cupimus
1736 1231 1801 1273 in-

36 1292 197 1334 uocari.
261 1294 489 1346 Augustae
523 1296 576 1335 26
609 1294 713 1347 Julij
752 1296 877 1337 1567.

155 1357 198 1399 Si
231 1358 401 1411 quando
435 1358 573 1400 uisum
607 1363 723 1401 esset
757 1359 816 1402 .P.
842 1359 888 1402 T.
923 1362 972 1401 vt
1004 1360 1058 1402 ad
1091 1361 1335 1414 praesulem
1367 1361 1553 1413 aliquem
1587 1375 1668 1414 ego
1700 1361 1797 1403 mit-

35 1424 166 1473 terer,
209 1423 321 1465 sicut
362 1437 498 1477 nuper
539 1424 593 1465 ad
635 1424 1058 1466 Reuerendissimum
1092 1425 1486 1479 Argentinensem3
1527 1426 1683 1468 missus
1726 1426 1799 1476 fui,

36 1501 195 1541 operae
236 1488 421 1542 pretium
464 1489 557 1531 fore
597 1490 800 1543 putarim,
847 1493 895 1533 vt
936 1489 1091 1532 literae
1133 1505 1239 1544 quas
1282 1493 1453 1541 uocant,
1500 1491 1800 1539 credentiales,

35 1566 121 1593 non
153 1553 366 1603 deessent,
399 1555 656 1608 praesertim
689 1555 743 1596 ad
776 1555 1040 1609 suspiciones
1072 1556 1339 1609 quorundam
1372 1556 1736 1610 praescindendas
1757 1556 1800 1598 in

36 1617 267 1660 Germania
299 1622 343 1661 et
376 1620 485 1661 aulis
517 1620 776 1674 Principum.

919 1681 1078 1722 Seruus
1109 1679 1312 1733 indignus
1345 1680 1436 1723 Pet.
1472 1680 1680 1724 Canisius.

155 1771 237 1813 Pro
270 1773 466 1815 uenturis
499 1774 553 1815 ad
586 1788 664 1815 nos
696 1773 904 1816 fratribus
936 1774 1160 1828 pecuniam
1191 1774 1438 1828 expendent
1469 1774 1676 1816 haeredes
1699 1775 1799 1816 Bal-

35 1835 171 1879 tasari
205 1836 409 1890 Olgiati4‚
455 1839 491 1879 si
524 1853 618 1880 eam
652 1839 697 1881 P.
734 1839 946 1881 Polancus
991 1839 1154 1893 exigat.
1219 1839 1287 1881 Sic
1320 1839 1431 1881 enim
1465 1840 1634 1881 Velseri
1678 1840 1801 1881 nobis

35 1901 338 1955 promiserunt.

154 1966 276 2008 Circa
316 1971 502 2017 nostros,‚
546 1967 617 2020 qui
658 1969 711 2010 ab
745 1968 971 2022 Episcopis
1013 1968 1201 2010 ordinari
1233 1971 1423 2022 possent,
1467 1968 1548 2010 nisi
1583 1969 1623 2011 S.
1658 1969 1708 2011 D.
1743 1968 1797 2011 N.

36 2031 264 2085 prohibitio
297 2046 448 2073 recens
481 2033 535 2074 ad
568 2047 646 2074 nos
678 2033 810 2075 missa
841 2033 1070 2087 impediret
1083 2035 1111 2085 5,
1145 2033 1284 2075 uisum
1318 2037 1385 2076 est
1418 2033 1520 2074 mihi
1553 2036 1596 2075 et
1630 2034 1799 2075 consul-

34 2096 201 2138 toribus
232 2097 340 2138 meis
353 2098 380 2147 6,
415 2097 456 2139 in
490 2098 571 2140 hoc
602 2100 696 2140 toto
730 2098 918 2152 negotio,
954 2099 1066 2152 quod
1098 2099 1403 2152 grauissimum
1431 2112 1525 2140 esse
1548 2099 1798 2149 iudicamus,

34 2161 120 2203 tria
152 2176 278 2215 posse
311 2163 587 2206 considerari.

154 2226 345 2268 Primum
379 2228 491 2280 quod
524 2228 578 2269 ad
615 2228 859 2282 prouintiae
892 2231 1067 2271 nostrae
1100 2229 1289 2270 Clericos
1321 2228 1581 2270 ordinandos
1614 2228 1797 2271 attinet:

36 2293 81 2332 et
106 2291 189 2333 hos
222 2292 392 2345 quidem
425 2293 479 2334 ab
512 2293 654 2346 aliquo
678 2294 892 2347 Episcopo
918 2293 1187 2344 Germanico,
1220 2293 1478 2347 praesertim
1513 2307 1615 2334 uero
1648 2307 1673 2334 a
1696 2293 1798 2334 Car-

35 2356 177 2399 dinale
210 2358 480 2410 Augustam,
523 2358 559 2399 si
591 2359 636 2400 P.
671 2359 718 2401 T.
753 2359 991 2413 permittat,
1035 2359 1095 2400 sic
1138 2358 1327 2400 ordinari
1368 2372 1507 2412 posse,
1551 2360 1599 2399 ut
1639 2358 1799 2400 nostris

35 2421 87 2463 de
119 2421 199 2463 hoc
231 2423 336 2464 nihil
369 2424 565 2477 conscijs,
600 2424 835 2465 Ordinator
867 2425 1000 2466 tacite
1039 2424 1161 2465 nobis
1193 2423 1421 2477 promittat
1454 2423 1505 2464 de
1539 2437 1616 2464 sua
1648 2437 1798 2465 mensa

35 2486 105 2528 uel
137 2487 383 2529 necessaria
409 2489 728 2531 sustentatione
750 2489 935 2540 illorum,
970 2489 1041 2542 qui
1073 2492 1173 2543 post
1195 2488 1509 2530 ordinationem
1533 2502 1557 2529 a
1581 2488 1798 2530 Societate

33 2554 186 2594 nostra
218 2552 406 2595 fortasse
439 2554 669 2607 aliquando
702 2568 757 2596 ex
789 2555 914 2607 graui
947 2569 1078 2596 causa
1110 2554 1443 2595 dimitterentur.

159 2710 166 2728 ¹
193 2708 326 2743 Rumor
351 2709 410 2743 hic
436 2709 550 2743 falsus
576 2712 663 2743 erat.
707 2710 793 2744 Pius
813 2710 854 2743 V.
883 2710 925 2743 de
952 2710 1118 2744 censibus
1145 2709 1286 2743 Bullam
1314 2709 1424 2742 edidit
1452 2709 1504 2743 19.
1524 2708 1678 2742 Ianuarii
1708 2709 1797 2743 1569

38 2760 259 2804 (Bullarezmz
285 2763 482 2796 Romanum
512 2763 577 2796 VII
606 2764 802 2797 736—739.
854 2764 1078 2796 Laderchms
1103 2762 1125 2796 l.
1154 2774 1182 2796 (τ.
1211 2763 1244 2795 in
1272 2774 1302 2795 a.
1334 2764 1421 2796 1569
1448 2774 1481 2795 n.
1509 2761 1583 2804 46).

154 2814 167 2834 2
193 2814 440 2856 Quaerebatur
468 2815 662 2858 Augustae,
698 2827 781 2848 num
809 2815 994 2858 Fuggcris,
1022 2815 1192 2855 Velseris,
1229 2815 1309 2848 aliis
1336 2815 1537 2848 hominibus
1564 2814 1735 2849 divitibus
1763 2817 1798 2848 et

36 2865 222 2901 industriis
247 2867 372 2902 liceret
398 2869 474 2911 5⁴70
501 2880 652 2901 sumere.
702 2868 754 2901 De
786 2868 969 2912 „scriptis“
999 2868 1070 2901 illis
1098 2867 1179 2901 vidc
1205 2879 1315 2912 supra
1342 2880 1373 2912 p.
1392 2868 1472 2902 487.

156 2922 168 2940 ³
194 2920 381 2954 Erasmum
408 2932 428 2954 a
456 2921 636 2964 Limburg.

156 2975 167 2993 ⁴
194 2973 246 3007 De
272 2974 428 3008 romanis
455 2974 552 3008 hisce
579 2968 795 3017 argentariis
822 2986 855 3008 v.
880 2974 965 3007 Can.
986 2974 1034 3007 IV
1062 2974 1145 3007 342¹
1171 2974 1252 3007 412.
1291 2975 1445 3017 Borysas
1470 2973 1657 3015 *HoffaeQ
1684 2973 1797 3008 Roma

38 3024 93 3059 27.
113 3026 247 3070 Aprilis
269 3027 379 3061 1568:
411 3027 468 3069 ,Li
497 3027 622 3070 ogliati
649 3029 709 3070 qui
730 3054 736 3060 .
758 3054 764 3060 .
786 3054 792 3061 .
821 3027 851 3060 ci
877 3038 963 3060 sono
991 3027 1096 3061 amici
1123 3028 1158 3060 et
1185 3027 1419 3061 benefatt01i‘
1455 3028 1514 3070 (ex
1541 3039 1663 3072 apogr.
1684 3028 1796 3062 einsd.

36 3079 164 3122 temp.;
196 3080 335 3121 „Gai-m.
363 3081 425 3114 67⁴
456 3082 480 3114 f.
510 3081 622 3123 135³).

156 3132 169 3151 ⁵
194 3133 246 3166 De
272 3133 340 3167 hac
365 3133 602 3178 prohibitione
628 3133 711 3167 vide
737 3144 845 3177 supra
871 3145 904 3177 p.
923 3132 1122 3168 487-488.

159 3185 172 3204 ⁰
198 3185 268 3220 PP.
286 3185 504 3220 Theodorico
524 3186 664 3220 Canisio
693 3188 728 3219 et
754 3186 938 3230 Alphonso
966 3186 1106 3228 Pisano,
1134 3189 1230 3230 puto,

107 3247 414 3281 Braunsberger,
435 3249 546 3275 Canisii
568 3249 721 3283 Epistulae
742 3250 772 3275 et
792 3250 876 3276 Acta.
896 3249 932 3275 V.
1468 3246 1513 3280 34
