2045 3471
206 207 291 248 540
658 203 753 237 Mon.
772 202 840 236 636
866 201 944 236 sive
971 212 1053 244 aug.
1075 200 1111 244 (a
1127 201 1198 245 11).
1239 200 1270 236 3.
1289 201 1380 235 Nov.
1400 200 1502 235 1565.

321 322 537 355 [mercedem
578 321 775 354 conabatur
812 320 851 353 P.
889 320 1128 353 Theodora-us
1169 319 1345 361 Canisz'us,
1388 320 1603 353 Germaniae
1642 321 1839 363 superioris
1874 321 1960 354 vice-

199 375 443 419 provincialz's.
499 373 567 415 Qut
592 374 742 415 Dilinya
771 375 825 406 11.
857 373 1014 406 Octobris
1040 374 1133 405 1565
1158 373 1313 416 Borqiae
1337 373 1502 415 scripsit.-
1526 371 1740 406 Audiuimus
1765 374 1960 407 tractatum

202 428 315 461 fuisse
340 427 434 460 inter
458 428 580 471 patres
606 425 648 459 de
675 425 874 468 ablegando
900 425 1067 468 Augusta
1092 425 1200 459 Patre
1228 424 1418 458 Guilielmo
1445 424 1626 466 Eldrense,
1653 425 1787 459 Verum
1812 425 1960 460 difficile

201 481 268 514 1100
294 480 368 513 fore
387 479 530 513 videtur
554 479 700 523 propter
725 478 935 522 praecipuos
954 478 1187 521 Augustanos
1213 478 1274 522 qui
1300 477 1352 511 illi
1378 477 1537 512 confiteri
1555 477 1681 520 solent,
1709 480 1745 512 et
1762 479 1960 521 aegerrime

202 534 279 567 eius
314 533 511 566 discessum
546 531 675 565 ferent.
727 531 883 565 Stabiles
920 530 1013 564 enim
1040 531 1165 565 volunt
1191 530 1361 565 Germani
1396 530 1521 571 nostri,
1557 530 1703 565 ditiores
1737 532 1959 576 praesertim,

201 597 284 620 suos
312 585 568 619 Confessarios.
620 584 772 628 Propter
808 583 1005 618 Canonicos
1039 595 1109 618 non
1144 586 1249 628 putat
1276 583 1477 618 Cardinalis
1511 595 1577 617 nec
1611 583 1712 618 illum
1750 595 1816 618 1100
1850 583 1960 617 alium

201 650 247 672 ex
281 638 415 672 nostris
451 637 725 678 amandandum,
761 636 851 670 nihil
886 636 979 670 enim
1016 636 1083 670 hac
1120 637 1260 670 ratione
1298 637 1392 680 apud
1431 647 1491 670 eos
1527 636 1744 681 proficietur.
1795 638 1961 670 Attamen

200 693 291 725 idem
317 692 425 724 eidem
454 692 602 735 Dilinya
629 693 661 724 8.
687 691 894 723 Novembris
919 692 1012 723 1565
1038 691 1078 723 de
1104 691 1173 724 PP.
1197 691 1386 723 Gailz’elmo
1406 690 1558 723 Elderen
1584 694 1614 723 et
1638 691 1838 723 Wendelino
1855 691 1961 723 Valck-

201 756 242 778 ac
267 745 308 777 de
324 745 367 778 F.
387 745 564 787 Stephano
582 744 763 776 Krestzler
789 744 850 784 (de
876 754 943 786 qao
961 754 1073 786 supra
1085 755 1125 786 p.
1148 744 1232 783 118)
1253 744 1411 776 rettulit:
1436 742 1474 776 P.
1495 742 1709 776 Guiliehnus
1735 742 1812 776 sine
1829 753 1960 785 magna

201 797 493 840 Augustanorum
520 796 713 830 offensione
740 795 952 829 discessisse
978 795 1132 835 videtur,
1159 796 1251 839 quod
1279 795 1479 829 authoritas
1505 796 1704 840 praesentis
1730 795 1962 840 prouincialis

201 850 330 891 effecit,
357 852 397 883 vt
423 850 564 883 dicitur.
615 848 797 883 Successit
832 848 884 882 illi
910 848 958 883 M.
981 848 1241 892 Vuendelinus,
1277 849 1337 892 qui
1364 848 1526 882 difficilia
1552 848 1737 893 experitur
1770 849 1841 882 ista
1865 848 1960 893 prin-

200 903 303 948 cipia,
329 903 391 937 sed
417 903 588 947 temporis
614 913 808 946 progressu
834 913 901 935 non
930 902 1047 935 minus
1074 902 1188 935 altero
1215 903 1340 945 gratus
1367 902 1444 942 erit,
1472 901 1614 935 Christo
1640 901 1805 946 propitio.
1837 901 1959 944 Jngol-

200 956 401 990 stadienses
419 956 584 989 Ministro
610 966 705 988 nunc
723 957 858 996 carent,
885 955 946 988 sed
974 954 1118 988 dabitur
1143 954 1225 994 illis,
1252 957 1293 988 vt
1318 957 1414 998 puto,
1441 954 1542 988 breui
1568 954 1771 999 Stephanus
1798 953 1959 996 Salanus,

201 1010 261 1053 qui
289 1010 475 1051 Augustae
510 1008 545 1041 111
581 1008 744 1042 absentia
780 1007 900 1041 Patris
926 1007 1165 1042 Prouincialis
1200 1009 1400 1041 curatorem
1438 1007 1563 1041 domus
1598 1007 1665 1041 hac
1700 1009 1840 1041 aestate
1875 1007 1959 1051 egit.

201 1062 312 1095 Putat
337 1062 446 1095 Pater
472 1060 709 1095 Prouincialis
736 1060 836 1094 illum
863 1061 977 1094 sacris
1004 1060 1136 1094 initiari
1164 1072 1279 1105 posse,
1306 1062 1387 1104 post
1411 1060 1520 1094 breue
1539 1060 1695 1095 Casuum
1722 1060 1960 1094 conscientiae

200 1114 377 1155 studiu1n3
407 1114 526 1148 Bonus
553 1114 646 1148 enim
674 1115 730 1147 est
756 1125 821 1147 nec
846 1113 1022 1155 indoctus,
1051 1116 1086 1147 et
1112 1113 1212 1147 valet
1237 1113 1289 1147 sic
1315 1113 1405 1147 satis
1430 1124 1525 1146 nunc
1551 1125 1707 1157 corpore.

320 1186 415 1241 Ipse
456 1187 625 1227 tandem
658 1185 845 1227 Eldcrcu
877 1185 1094 1226 Florentia
1126 1187 1197 1227 22.
1231 1185 1473 1226 Decembris
1507 1186 1620 1227 1565
1653 1186 1696 1227 S.
1730 1185 1961 1226 Francisco

203 1251 252 1292 de
292 1251 452 1306 Boryia
495 1252 685 1305 scripsit:
725 1250 858 1291 Binas
899 1263 925 1291 a
966 1249 1016 1292 R.
1050 1250 1096 1292 P.
1131 1250 1178 1293 Τ.
1213 1249 1360 1302 accepi
1400 1249 1595 1291 litteras:
1640 1263 1748 1290 unas
1789 1249 1960 1302 quidem

202 1314 430 1368 Augustae
470 1315 525 1356 ad
570 1316 638 1357 22.
673 1314 938 1368 Septembris
979 1314 1124 1364 datas,
1167 1314 1320 1367 quibus
1361 1327 1384 1355 e
1427 1314 1657 1356 Germania
1697 1314 1740 1355 in
1780 1313 1960 1356 Jtaliam

205 1394 383 1430 euocor,
432 1383 480 1422 ut
521 1393 544 1421 e
585 1379 926 1421 confessionibus
967 1379 1047 1420 sim
1081 1378 1389 1421 Serenissimae
1421 1379 1615 1432 Reginae
1647 1379 1856 1423 Joannae.
1882 1413 1889 1420 .
1916 1413 1924 1421 .
1950 1413 1959 1420 .

203 1444 323 1494 Quod
356 1447 501 1486 autem
533 1445 587 1486 ad
619 1444 703 1486 iter
728 1447 923 1486 nostrum
947 1444 1117 1494 attinet,
1151 1444 1374 1496 ingressus
1395 1443 1501 1485 illud
1522 1458 1615 1485 sum
1640 1446 1685 1486 5?
1702 1443 1962 1485 Nouembris

202 1509 263 1551 sic
294 1509 341 1552 P.
365 1509 534 1551 Cauisio
568 1509 807 1551 ordinante.
829 1543 837 1552 .
859 1543 896 1551 ..
961 1508 1192 1562 Cupiuerat
1224 1509 1270 1552 P.
1304 1508 1511 1559 Canisius‚
1554 1512 1602 1551 ut
1634 1509 1858 1550 commoda
1889 1522 1961 1550 oc-

202 1574 373 1616 casione
397 1574 452 1617 .S.
477 1573 659 1615 Mariam
692 1574 743 1615 de
765 1574 923 1616 Loreto
945 1573 1200 1615 inuiserem⁸
1232 1587 1282 1615 ac
1314 1573 1467 1627 porrob
1498 1573 1777 1616 recreationis
1809 1578 1961 1615 00111011ο

202 1639 298 1682 loca
330 1639 429 1682 alia.
487 1639 569 1681 Sed
600 1639 642 1679 id
674 1638 766 1680 fieri
798 1652 883 1680 non
914 1639 1056 1692 potuit
1087 1641 1266 1693 propter
1297 1639 1523 1692 Reginam.
1575 1639 1672 1680 Fiet
1703 1639 1817 1681 forte
1849 1641 1960 1681 tem-

202 1718 307 1758 pore
339 1702 441 1745 suo‘1
463 1704 555 1745 Deo
578 1704 763 1746 uolente.
813 1703 939 1745 Nunc
969 1704 1063 1744 uult
1086 1703 1268 1756 Regina,
1303 1707 1350 1746 ut
1371 1703 1451 1757 ipsi
1486 1707 1530 1746 et
1551 1703 1715 1745 Aulicis
1737 1703 1959 1745 Dominico

204 1768 294 1810 (11οθ
337 1768 417 1809 1100
462 1770 528 1810 est
574 1782 671 1809 cras
715 1771 759 1810 et
798 1768 928 1810 Festo
961 1767 1220 1810 Natiuitatis
1253 1767 1423 1809 Domini
1469 1767 1574 1810 etc.f
1612 1769 1959 1811 exhortationem

203 1832 374 1883 faciam,
418 1833 530 1885 quod
563 1833 778 1885 denegare
810 1832 872 1874 illi
903 1847 988 1874 non
1021 1832 1154 1886 potuj,
1189 1832 1290 1874 licet
1322 1832 1462 1874 rarius
1494 1832 1536 1874 id
1568 1832 1817 1875 faciundum
1850 1846 1958 1882 esse,

203 1897 307 1939 1111111
338 1897 635 1939 insinuauerat
666 1897 711 1940 P.
737 1897 943 1940 Canisius.

205 2010 312 2047 636
338 2011 416 2046 sive
444 2020 565 2056 aug.
594 2011 651 2056 (a
669 2011 764 2056 11).
840 2011 872 2047 3.
890 2010 1102 2047 Novembris
1127 2010 1221 2047 1565.

323 2077 379 2111 Ex
404 2077 610 2122 apographo
637 2076 748 2112 eiusd.
774 2079 881 2122 temp.
937 2076 1076 2119 „Germ.
1104 2077 1168 2110 65“
1198 2077 1222 2111 f.
1251 2077 1321 2112 31⁸.

321 2148 475 2191 Boi-yios
495 2148 719 2190 praepositus
742 2148 919 2190 yenerale's
944 2148 1125 2181 cardinali
1143 2149 1352 2189 Aaqastaao
1375 2148 1518 2180 scribit:
1543 2149 1596 2181 De
1614 2148 1755 2189 collecto
1773 2148 1958 2190 dilinyano

207 2199 390 2233 Canisiam
416 2212 493 2233 cum
519 2201 594 2243 ipso
621 2211 723 2242 aqere
742 2211 854 2243 posse.
890 2201 930 2233 P.
946 2201 1108 2233 Natalem
1136 2201 1173 2232 in
1201 2201 1346 2242 imperil
1362 2202 1513 2233 comitiis
1529 2212 1570 2233 ac
1586 2201 1730 2244 synodis
1741 2201 1960 2243 provinciali

202 2258 231 2286 et
249 2254 453 2287 dioecesana
471 2264 612 2296 operam
626 2258 815 2296 praestare
831 2264 903 2286 non
916 2264 1017 2296 posse
1035 2254 1239 2294 cardinal&
1255 2254 1350 2286 lianc
1367 2257 1482 2286 autem
1501 2253 1638 2286 Canisc'i
1655 2265 1763 2296 opera
1780 2254 1834 2287 uti
1848 2264 1957 2296 posse.

321 2325 364 2366 S.
399 2324 656 2366 Franciscus
701 2325 751 2366 de
782 2325 956 2378 Borqz‘a,
999 2325 1217 2367 Societatis
1253 2326 1522 2379 praepositus
1559 2326 1781 2380 yeyzeralv's,
1824 2326 1959 2366 Roma

204 2390 243 2430 3.
277 2388 523 2429 Novembris
556 2390 670 2430 1565
704 2389 843 2430 Ottomt
884 2390 1099 2430 cardinali
1138 2389 1375 2441 Truchsess.
1421 2391 1604 2443 episcopo
1647 2394 1882 2443 auqustano
1924 2394 1959 2430 et

202 2454 371 2507 *imperit
412 2454 623 2508 principi,
674 2455 733 2495 ita
780 2455 951 2508 scripsit
999 2455 1050 2495 dc
1096 2455 1260 2508 collcyio
1305 2455 1522 2495 Societatis
1570 2455 1788 2507 dilinyaao
1836 2459 1959 2508 atque

204 2517 252 2558 (Ze
304 2519 471 2571 imperii
523 2519 698 2559 comitiis
739 2519 955 2572 Augtustae
1001 2520 1191 2573 proximo
1245 2533 1295 2560 m.
1343 2519 1553 2560 Ianuario
1604 2519 1811 2560 habendis
1864 2523 1960 2560 etc.:

204 2581 271 2622 ΗΟ
312 2581 505 2623 riceuuto
546 2583 587 2623 10
629 2583 785 2624 lettere
818 2582 870 2623 de
904 2582 954 2625 V.
990 2584 1030 2626 S.
1066 2582 1363 2625 Illustrissima
1404 2583 1456 2624 de
1490 2584 1572 2624 .11.
1607 2585 1650 2624 et
1684 2584 1751 2624 29.
1787 2582 1838 2623 de
1870 2583 1958 2624 set-

203 2646 382 2695 tembre,
426 2648 464 2694 6,
505 2649 547 2688 et
582 2648 650 2689 22.
685 2647 723 2688 d’
744 2647 915 2689 ottobre
939 2681 947 2689 .
974 2681 982 2689 .
1007 2681 1015 2690 .
1041 2647 1109 2688 del
1148 2649 1267 2688 resto
1310 2647 1387 2688 che
1428 2647 1469 2688 al
1511 2647 1684 2688 decreto
1724 2646 1776 2687 de
1809 2648 1959 2688 nostra

205 2708 576 2762 Congregati0ne1
625 2714 749 2752 tocca
795 2725 924 2765 sopra
972 2714 1126 2764 questa
1172 2711 1446 2761 fundatione,
1498 2711 1654 2764 perche
1702 2710 1771 2751 dal
1818 2710 1958 2751 Padre

323 2790 351 2819 a)
372 2790 415 2813 Ab
436 2791 467 2814 E.
488 2798 562 2815 corr.
582 2798 617 2814 ex
636 2789 819 2817 inuisissem.
911 2791 941 2823 b)
962 2792 1099 2822 Sequitur
1121 2799 1143 2816 υ.
1163 2792 1308 2823 quoddam
1328 2791 1494 2822 (Anconam
1504 2791 1526 2817 ?)
1547 2791 1581 2815 ab
1601 2791 1634 2815 E.
1655 2790 1743 2815 oblitt.
1846 2792 1872 2821 0)
1892 2790 1958 2815 Duo

208 2836 247 2852 vv.
267 2837 324 2860 sqq.
345 2831 379 2854 ab
400 2832 432 2855 E.
452 2839 547 2862 snpra
567 2839 639 2856 vers.
660 2833 771 2863 scripta
791 2835 868 2857 sunt.
942 2831 971 2863 d)
993 2834 1160 2864 Sequuntur
1178 2834 1194 2856 5
1213 2834 1276 2863 fere
1299 2840 1349 2863 vv„
1369 2833 1405 2857 ab
1424 2833 1457 2857 E.
1478 2832 1566 2857 oblitt.
1640 2833 1666 2863 e)
1691 2831 1762 2856 Tria
1782 2839 1824 2856 vv.
1844 2839 1902 2863 sqq.
1922 2832 1957 2856 ab

206 2869 238 2893 Ε.
258 2877 349 2900 supra
372 2878 442 2895 vers.
463 2872 573 2902 scripta
593 2876 669 2897 sunt.
738 2872 766 2903 f)
789 2874 911 2898 Verbum
931 2874 966 2898 ab
986 2874 1018 2898 E.
1040 2881 1132 2905 supra
1155 2881 1225 2898 vers.
1245 2874 1395 2904 scriptzmz.

207 2955 303 2998 cipes
337 2956 456 2990 fuesse
492 2958 653 2991 almodo
689 2970 753 2992 con
781 2970 849 3003 que
882 2958 917 2992 la
942 2970 1046 2992 mano
1073 2959 1258 2992 advertida
1291 2961 1387 2992 trata
1418 2958 1471 2992 los
1498 2957 1669 3002 Aspides“
1705 2957 1769 3001 (La
1804 2957 1958 3003 heroyca

208 3007 310 3047 vida,
337 3008 517 3050 Virtudes‚
543 3022 567 3054 y
594 3011 766 3053 Milagros
792 3012 849 3045 del
875 3013 1009 3054 grande
1037 3012 1071 3046 S.
1098 3012 1287 3046 Francisco
1314 3012 1356 3045 de
1383 3010 1497 3055 Bor-ja,
1526 3010 1719 3044 Barcelona
1740 3012 1839 3050 1754,
1858 3011 1956 3053 324).

329 3060 339 3079 ¹
366 3060 554 3095 Societatis
573 3062 812 3106 congregatio
831 3064 1010 3106 generalis
1028 3065 1072 3098 Π.
1092 3065 1193 3098 initio
1219 3076 1264 3098 m.
1283 3063 1438 3107 Augusti
1458 3064 1548 3097 1565
1568 3063 1720 3106 Borgiae
1746 3063 1957 3097 facultatem

207 3111 384 3145 tribuerat
410 3113 550 3156 collegii
576 3114 759 3158 dilingani,
786 3116 816 3149 si
844 3117 1035 3150 cardinalis
1061 3117 1091 3150 ei
1118 3128 1186 3150 non
1213 3117 1419 3161 provideret
1444 3115 1581 3156 melius,
1608 3115 1844 3156 dissolvendi;
1876 3116 1958 3150 vide

208 3163 303 3197 infra
328 3175 420 3198 mon.
446 3165 484 3199 it.
513 3166 602 3208 (26).
