2045 3471
353 207 449 241 Mon.
473 207 542 241 644
569 207 647 241 sive
673 218 754 250 aug.
778 206 813 247 (b
835 207 882 249 1).
923 207 951 239 A
978 206 1010 240 4.
1030 205 1150 240 Martii
1177 206 1221 240 ad
1248 206 1304 241 24.
1324 206 1458 251 Aprilis
1480 206 1580 241 1565.
1769 208 1852 248 549

93 325 300 379 collegiis,
344 326 427 368 erit
465 330 610 369 autem
651 326 694 367 in
736 325 915 367 arbitrio
949 324 1232 367 Prouincialis
1265 325 1451 379 positum
1484 328 1533 368 ut
1565 324 1745 379 singulis
1777 339 1854 379 ap-

91 394 278 445 ponatur
310 404 388 432 sua
420 391 574 444 portio,
609 393 842 444 antequam
874 390 1053 432 veniant
1085 390 1139 431 ad
1172 390 1342 431 domum
1377 404 1504 443 quam
1536 390 1755 444 pollicitus
1788 392 1855 432 est

93 455 343 505 Cardinalis,
386 456 456 497 vel
496 458 543 498 ut
584 469 668 497 non
700 457 999 509 apponantura
1032 453 1108 509 [?],
1151 454 1228 496 sed
1270 455 1397 496 simul
1435 469 1584 496 omnes
1616 469 1671 496 ex
1704 455 1854 496 eodem

94 520 208 562 disco
242 520 482 562 comedant.
505 555 513 563 .
533 554 571 563 ..
637 521 864 573 Augustae
896 519 1045 562 videat
1076 519 1361 561 Prouincialis
1403 521 1616 572 quatenus
1649 519 1855 573 expediat

92 584 342 638 dispensare
375 599 470 626 cum
504 584 675 635 nostris,
709 587 758 626 ut
780 584 1010 638 aliquando
1033 584 1113 626 soli
1135 584 1342 637 templum
1368 584 1540 634 adeant,
1575 584 1609 625 si
1633 584 1854 626 commode

92 649 254 692 socium
287 650 447 691 habere
479 664 563 691 non
596 652 790 704 possunt.

211 726 250 759 In
285 725 442 760 ciborum
478 725 589 768 igitur
623 725 875 760 sumendorum
911 726 1048 760 ratione
1075 726 1219 760 Natalis
1245 724 1367 759 Socios
1400 726 1632 768 augustanos,
1668 724 1784 767 quoad
1820 723 1855 757 in

92 778 283 823 ampliores
308 779 390 812 illas
417 777 598 813 Gebhardi
624 778 824 813 Truchsess
850 779 956 813 aedes
984 778 1082 822 (vide
1108 790 1217 823 supra
1252 790 1284 823 p.
1314 778 1397 821 545)
1427 777 1685 821 immigmrent,
1717 788 1737 810 a
1764 787 1854 810 com-

91 833 189 865 muni
224 843 321 866 more
356 831 539 876 paulisper
564 832 741 872 recedere,
776 832 806 866 si
835 831 977 866 Canisio
1003 832 1216 876 provinciali
1242 832 1293 865 ita
1319 831 1438 865 visum
1465 832 1571 870 esset,
1603 829 1775 874 permisit,
1803 831 1855 862 at-

92 896 161 929 que
196 885 246 919 ita
281 887 512 929 praeceptum
547 885 774 930 temperavit,
814 886 907 929 quod
944 887 975 919 6.
1004 885 1217 919 Novembris
1254 885 1345 919 1566
1381 884 1568 926 Augustae
1606 883 1650 916 iis
1689 882 1853 916 dederat:

97 938 259 980 „Certam
286 937 459 972 rationem
486 937 555 971 cibi
575 938 772 981 quotidiani
792 937 959 972 habeant.
1003 937 1054 972 Ea
1081 938 1150 972 erit
1167 950 1259 982 quae
1285 938 1321 971 in
1340 936 1503 982 collegijs
1529 936 1636 970 huius
1654 935 1855 981 prouintiae

92 991 314 1029 obseruatur,
341 991 384 1024 de
402 1002 472 1034 qua
490 990 635 1034 Dilinga
654 990 879 1035 [Dilingae'?]
907 991 977 1025 cito
1003 991 1200 1025 scribetur‘
1234 991 1294 1033 (ex
1320 990 1476 1024 indiculo
1504 1001 1523 1023 a
1543 989 1687 1025 Canisio
1709 988 1854 1033 scripto,

92 1044 135 1077 de
161 1055 230 1087 quo
256 1055 364 1089 supra
390 1055 423 1088 p.
451 1044 537 1083 547;
575 1044 683 1078 etiam
720 1044 754 1077 in
783 1044 869 1089 Epp.
898 1045 1020 1078 Nadal
1046 1044 1095 1079 IV
1121 1044 1219 1087 256).
1271 1043 1463 1077 Habebant
1497 1045 1618 1077 autem
1649 1041 1783 1085 singuli
1817 1041 1855 1075 in

92 1108 216 1131 mensa
240 1097 422 1131 refectorii
457 1108 561 1131 suum
588 1096 805 1137 orbiculum;
843 1097 878 1131 in
905 1109 974 1141 quo
1001 1097 1103 1142 panis
1129 1099 1208 1131 erat
1234 1098 1392 1142 positus;
1430 1095 1675 1141 apponebatur
1700 1094 1855 1138 singulis

92 1151 246 1194 primum
280 1150 316 1183 in
351 1162 415 1184 suo
441 1150 539 1184 disco
571 1150 828 1194 „antipastus“,
866 1162 970 1194 quem
997 1151 1186 1191 vocabant,
1223 1150 1350 1184 deinde
1385 1150 1420 1183 in
1456 1160 1522 1184 sua
1547 1148 1702 1183 scutella
1731 1147 1855 1190 „offa“,

92 1203 237 1237 tandem
270 1203 307 1237 in
333 1215 397 1237 suo
423 1203 520 1237 disco
547 1215 674 1237 carnes
702 1203 759 1237 vel
786 1203 903 1248 pisces
930 1203 986 1237 vel
1015 1215 1102 1243 ova;
1141 1204 1175 1237 in
1203 1203 1273 1237 fine
1301 1203 1485 1248 epularum
1524 1202 1575 1246 (in
1601 1202 1761 1236 rhenana
1785 1200 1855 1235 sal-

91 1259 164 1290 tem
191 1256 392 1301 provincia)
421 1267 549 1290 caseus
575 1256 822 1302 apponebatur
850 1256 955 1301 (Epp.
975 1258 1097 1290 Nadal
1115 1256 1164 1291 IV
1190 1257 1258 1291 330
1286 1257 1353 1291 334
1381 1257 1478 1299 607).
1514 1256 1566 1290 De
1589 1254 1851 1300 „portionibus“

93 1310 236 1343 Natalis
261 1321 292 1344 a.
314 1309 404 1343 1566
431 1309 467 1343 in
494 1309 646 1353 collegio
673 1310 933 1344 vindobonensi
959 1312 1156 1344 statuerat:
1198 1310 1362 1352 „Pondus
1398 1309 1559 1343 carnium
1594 1308 1686 1352 quod
1713 1307 1856 1341 dabitur

92 1362 276 1403 fratribus,
312 1362 380 1396 erit
415 1374 518 1396 mane
546 1363 576 1398 7.
604 1365 666 1396 aut
693 1365 772 1397 octo
798 1362 993 1397 Vnciarum
1029 1364 1065 1396 et
1091 1362 1122 1397 5.
1150 1365 1213 1397 aut
1239 1374 1303 1396 sex
1339 1363 1382 1396 ad
1410 1373 1555 1396 coenam
1585 1389 1592 1396 .
1620 1362 1651 1395 si
1677 1360 1760 1405 quid
1788 1360 1856 1394 erit

92 1415 293 1449 addendum
319 1418 465 1460 propter
483 1427 576 1457 ossa,
603 1416 775 1450 iudicabit
793 1415 981 1460 Superior“
1006 1416 1067 1460 (ex
1084 1418 1357 1460 praeceptorum
1377 1415 1516 1449 Natalis
1534 1414 1855 1448 vindobonensium

92 1468 256 1512 catalogo
283 1469 406 1503 eodem
441 1469 515 1502 fere
549 1471 710 1514 tempore
736 1469 881 1513 scripto,
917 1470 978 1512 qui
1011 1471 1132 1503 exstat
1167 1469 1202 1502 in
1234 1468 1355 1510 „NIG“
1386 1469 1409 1502 f.
1437 1469 1522 1508 94²;
1559 1468 1668 1502 etiam
1703 1468 1739 1500 in
1764 1466 1853 1511 Epp.

92 1522 215 1555 Nadal
242 1521 290 1555 IV
316 1521 413 1564 290).
463 1521 515 1556 Cf.
544 1522 652 1555 etiam
679 1523 797 1562 Duhr,
825 1522 899 1556 Jes.
927 1522 941 1555 Ι
969 1522 1048 1556 567.

211 1574 263 1608 De
293 1574 437 1617 „sociis“
469 1575 677 1608 exeuntium
713 1574 748 1609 S.
774 1576 994 1609 Francisczcs
1019 1576 1173 1619 Boi-,qius
1207 1574 1243 1608 in
1279 1574 1440 1608 *litteris
1468 1573 1715 1608 communibus
1742 1572 1854 1606 Roma

95 1628 146 1662 11.
176 1627 330 1661 Ianuarii
360 1628 449 1662 1566
475 1628 570 1661 datis
596 1628 634 1661 P.
663 1627 922 1662 Theodericum
951 1628 1132 1663 Canisium
1159 1627 1500 1673 viceprovincialem
1526 1628 1730 1661 monuerat:
1762 1625 1815 1668 „S’
1835 1628 1853 1659 e

91 1680 247 1715 anchora
281 1681 455 1721 ordinato,
491 1683 526 1714 et
562 1681 775 1715 cominciato
811 1683 831 1715 a
858 1681 1097 1726 pratticarsib
1133 1682 1191 1725 qui
1228 1681 1263 1715 in
1290 1681 1412 1723 Roma,
1440 1681 1513 1715 Che
1548 1680 1573 1714 li
1606 1679 1720 1713 nostri
1755 1677 1852 1722 [non]

90 1734 220 1768 uadino
248 1734 349 1768 fuora
375 1733 452 1774 soli,
478 1745 536 1768 ma
563 1735 836 1778 accompagnati
863 1734 1176 1774 ordinariamente,
1203 1737 1437 1779 quantunque
1463 1733 1528 1768 sin'
1547 1733 1636 1767 hora
1662 1733 1698 1766 in
1725 1735 1854 1776 questa

91 1790 192 1832 parte
217 1787 253 1821 la
279 1788 470 1828 necessita,
498 1791 533 1821 et
558 1787 580 1821 Γ
600 1799 720 1822 essere
747 1788 780 1822 le
806 1799 956 1832 persone
982 1790 1083 1822 tanto
1110 1789 1325 1829 conosciute,
1359 1787 1490 1822 habbia
1515 1787 1607 1821 fatto
1633 1788 1853 1831 sopportare,

91 1840 155 1874 che
182 1840 252 1874 alle
278 1839 376 1874 volte
402 1840 594 1874 andassino
621 1841 706 1874 soli*
733 1841 793 1884 (ex
812 1853 934 1886 apogr.
955 1841 1066 1875 eiusd.
1085 1841 1161 1875 fere
1179 1843 1306 1886 temp.;
1331 1842 1498 1885 „Antiqu.
1519 1840 1688 1884 [ngolstf
1710 1840 1734 1874 f.
1755 1839 1799 1874 90
1809 1840 1852 1882 ⁴⁷²).

92 1896 213 1938 Atque
239 1894 289 1927 ita
306 1895 453 1928 Natalis
478 1906 522 1928 m.
542 1894 643 1928 Iunio
665 1895 753 1929 1566
780 1895 816 1928 in
835 1895 987 1939 collegio
1005 1895 1210 1929 monacensi
1234 1896 1489 1939 praeceperat:
1521 1893 1711 1936 „Seruetur
1729 1891 1855 1935 regula

90 1958 182 1991 quae
208 1946 382 1981 hactenus
408 1949 464 1981 est
489 1950 634 1982 seruata
659 1949 696 1982 in
721 1948 906 1986 societate.
932 1951 972 1982 ut
998 1948 1119 1982 nullus
1146 1948 1249 1982 domo
1276 1950 1382 1982 exeat
1407 1947 1542 1991 absque
1561 1946 1662 1980 Socio
1689 1957 1796 1990 quem
1822 1945 1855 1978 ci

90 2000 296 2034 adiunxerit
328 2001 509 2045 superior:
546 2004 582 2035 et
617 2001 714 2035 dicat
738 2002 914 2047 superiorj
942 2013 1012 2045 quo
1038 2003 1180 2043 exeant,
1217 2003 1254 2035 et
1279 2013 1350 2045 qua
1389 2001 1431 2035 de
1458 2001 1598 2035 causa.“
1654 1999 1700 2033 Et
1727 2000 1757 2033 6.
1785 1998 1854 2032 No-

90 2053 249 2088 vembris
277 2054 367 2088 1566
402 2054 438 2087 in
464 2054 542 2099 ipsa
569 2054 759 2089 Societatis
786 2055 888 2089 domo
916 2058 1140 2098 augustana:
1181 2054 1330 2096 „Nullus
1357 2055 1458 2088 domo
1486 2053 1692 2097 egrediatur
1718 2053 1853 2096 absque

90 2106 264 2141 facultate
291 2108 327 2140 et
352 2108 459 2149 socio,
487 2119 593 2151 quem
620 2109 782 2153 superior
800 2108 1021 2151 ‘assignabit‘
1055 2108 1115 2151 (ex
1135 2111 1408 2153 praeceptorum
1426 2106 1568 2141 Natalis
1588 2105 1853 2140 monacensium

91 2160 266 2202 catalogo,
293 2160 473 2194 Monachii
499 2161 623 2195 eodem
650 2161 726 2195 fere
751 2164 913 2206 tempore
940 2173 960 2195 a
987 2161 1025 2196 P.
1053 2161 1239 2195 Dominico
1265 2161 1434 2203 Mengino
1462 2160 1496 2194 S.
1516 2160 1547 2194 J.
1575 2159 1719 2203 scripto,
1747 2161 1782 2192 et
1809 2170 1854 2192 ex

92 2213 247 2247 indiculo
273 2224 293 2246 a
321 2213 460 2247 Canisio
487 2214 632 2258 scripto,
660 2214 702 2248 de
729 2226 798 2258 quo
826 2226 934 2259 supra
960 2226 992 2259 p.
1019 2215 1100 2248 547.
1153 2214 1236 2248 Cod.
1267 2214 1390 2256 „N1G“
1422 2214 1445 2247 f.
1473 2213 1541 2247 201³
1568 2213 1653 2252 36b;
1682 2212 1789 2246 etiam
1817 2211 1853 2244 in

92 2266 178 2311 Epp.
206 2267 328 2300 Nadal
356 2266 403 2299 IV
431 2267 499 2301 ‘240
526 2267 623 2307 256).

209 2334 262 2370 Aa
288 2334 375 2370 haee
403 2336 636 2371 monumenta
661 2335 848 2382 pertinent
874 2335 986 2372 etiam
1014 2336 1139 2382 aliqua
1166 2335 1311 2372 ratione
1338 2346 1431 2371 mou.
1452 2335 1514 2371 891
1540 2336 1576 2370 et
1604 2334 1685 2370 900.

812 2453 855 2506 b)
890 2455 1130 2497 contiones.

91 2544 196 2581 644
222 2547 299 2581 sive
327 2555 449 2590 aug.
478 2543 534 2591 (b
555 2546 622 2590 1).
697 2545 723 2580 A
751 2545 785 2581 4.
804 2545 929 2582 Martii
956 2545 1001 2581 ad
1028 2545 1086 2582 24.
1105 2545 1246 2592 Aprilis
1272 2545 1366 2581 1565.

208 2617 261 2650 De
279 2617 501 2650 contionibus
519 2617 700 2659 Auyzcstae
725 2621 876 2660 tempore
897 2618 1196 2661 Quadi-aqesimcce
1222 2623 1251 2651 e(
1269 2619 1390 2651 (liebus
1413 2617 1639 2660 paschalibus
1665 2628 1685 2650 α
1709 2618 1853 2651 Cam’sio

88 2669 228 2703 habitis.
283 2670 415 2712 Qm'bus
440 2670 560 2703 diebus
594 2670 719 2713 quibus
744 2671 786 2702 <le
812 2671 913 2704 rebus
938 2671 1080 2704 dixerit.
1134 2672 1186 2704 De
1209 2676 1305 2704 seoeto
1335 2671 1499 2714 Decaloyi
1521 2676 1706 2713 praecepto
1734 2672 1851 2714 (poly-

85 2724 218 2766 yamt'a,
245 2725 433 2765 adulterio,
460 2724 611 2756 divortio
638 2724 740 2764 etc.);
765 2724 805 2755 de
823 2725 1010 2766 ecanyeliis
1027 2725 1177 2766 dierum,
1204 2726 1244 2757 cle
1262 2725 1392 2767 leyibus
1411 2725 1537 2757 1'e1'um72‘
1563 2729 1591 2756 et
1610 2725 1851 2768 abstinentiae,

90 2778 260 2819 oratione,
293 2779 457 2820 passione
486 2776 630 2819 Chris-ti,
665 2776 880 2809 eucharistia
908 2782 965 2810 etc.
1018 2778 1070 2810 De
1097 2779 1306 2820 yrcwz'ssimo
1333 2778 1523 2820 „mandato
1550 2776 1760 2820 episcopalff‘
1782 2789 1851 2821 per

91 2830 274 2863 Canisium
296 2831 534 2873 promulyato.

206 2901 255 2943 In
288 2902 432 2944 codice
465 2901 710 2943 contionum
750 2915 775 2942 a
807 2900 975 2942 Canisio
1008 2901 1235 2955 Augustae
1277 2916 1301 2943 a
1334 2901 1559 2943 Dominica
1592 2901 1728 2955 prima
1761 2903 1850 2943 Ad-

88 2969 245 3008 ventus
286 2980 323 3009 a.
364 2968 472 3008 1564
517 2965 568 3007 ad
612 2965 878 3007 Dominicam
919 2966 1163 3007 Palmaruin
1207 2980 1244 3008 a.
1284 2968 1393 3008 1565
1437 2966 1710 3008 habitaruml
1751 2970 1850 3021 post

207 3048 234 3076 a)
256 3047 320 3076 Sic:
339 3047 544 3079 corrigffenclum
567 3054 626 3071 usse
649 3047 779 3071 ridetur:
800 3045 980 3079 apponatur.
1054 3045 1084 3077 b)
1105 3045 1262 3079 pratticasi
1283 3055 1381 3079 apogr.

210 3142 219 3161 ¹
246 3140 448 3175 Cardinalis
474 3141 672 3175 Truchsess
698 3141 843 3184 Dilinga
869 3142 925 3174 29.
953 3141 1074 3175 Martii
1106 3142 1193 3176 1559
1223 3142 1347 3176 Iacobo
1375 3142 1496 3176 Lainio
1523 3142 1714 3177 Societatis
1748 3154 1847 3187 prae-

88 3194 202 3237 posito
221 3195 378 3237 generali
397 3195 552 3239 scripsit,
573 3195 758 3238 Augustae
777 3194 851 3228 fere
872 3194 963 3229 7000
981 3194 1237 3229 catholicorum
1257 3195 1418 3229 babitare
1434 3195 1538 3240 (Epp.
1554 3197 1674 3229 Nadal
1691 3196 1846 3238 111595).
