2045 3471
272 204 374 239 1355.
402 202 436 236 S.
455 200 670 235 Franciscus
697 197 739 232 de
766 196 897 240 Borgia
924 193 1077 228 Canisio.
1115 192 1228 226 Roma
1256 190 1311 224 12.
1330 189 1427 234 Sept.
1456 187 1559 222 1566.
1737 186 1820 227 311

59 327 208 365 1355.
318 321 623 361 SANCTUS
663 315 1091 356 FRANGISCUS
1130 313 1222 350 DE
1262 309 1559 352 BORGIA,
1597 307 1824 354 praepositus

225 378 404 424 generalis
431 376 621 412 societatis
649 376 747 416 Jesu,
775 371 976 408 CANISIO.
1208 367 1322 401 Roma
1351 367 1405 401 12.
1425 362 1646 409 Septembris
1674 361 1777 396 1566.

179 457 234 491 Ex
260 454 467 500 apographo
494 452 654 486 eiusdem
681 449 872 495 temporis;
900 449 936 482 in
954 446 1136 490 margine:
1169 443 1227 486 „P.
1246 442 1376 476 Nat-ale
1397 442 1434 476 P.
1451 439 1595 475 Canisio
1614 438 1654 472 P.
1673 436 1825 471 Antonio

62 511 179 547 Vinck
196 537 203 545 .
217 512 272 543 tre
299 508 398 553 copie
417 518 502 541 sene
520 505 674 539 fecero“.
707 504 790 538 Cod.
814 502 954 545 „Germ.
973 501 1038 535 65¹⁴
1060 499 1086 533 f.
1103 498 1180 532 180.
1220 495 1387 541 Epistula
1406 505 1452 528 ex
1478 493 1600 527 eodem
1620 488 1826 536 apographo

61 565 213 611 primum
239 562 338 608 typis
365 560 545 605 descripta
572 561 628 592 est
654 561 689 592 in
715 557 805 601 Epp.
833 556 955 589 Nadaz
980 553 1031 587 111
1057 550 1258 586 232—234.

184 639 376 674 Cardinali
406 637 618 671 Granrellae
645 635 850 667 nuntiatum
879 637 947 666 est:
973 630 1201 664 Fridericum
1219 627 1438 667 Palatinum,
1468 623 1764 657 Calm'nianorum
1789 620 1825 652 iu

68 694 264 730 Germania
296 697 511 736 patronum,
551 699 628 722 cum
663 688 758 720 Beza
794 686 1028 725 consultasse;
1066 693 1118 725 ac,
1153 681 1322 724 quoniam
1359 679 1396 711 in
1432 677 1584 710 comitiis
1619 675 1829 716 cucqustanc's

65 753 206 783 cautum
232 750 325 788 esset,
360 756 403 778 ne
428 746 465 777 iu
492 743 641 786 ‘imperio
678 741 863 774 consistere
887 738 1151 781 permitteretur
1175 734 1246 767 nisi
1280 733 1336 776 iis,
1373 733 1433 775 qui
1459 734 1521 763 aut
1549 727 1734 770 Catholici,
1768 730 1829 758 aut

65 804 297 844 Augyastauae
323 798 554 841 confessionis
580 798 698 837 essent,
726 794 871 826 eundem
890 791 1098 824 Palatinum
1124 789 1162 821 id
1187 797 1299 830 ayere,
1325 789 1364 818 ‘ut
1389 785 1425 817 iu
1447 785 1615 816 concentu
1633 779 1831 822 Erfordiae

66 856 160 890 brevi
195 853 354 887 habendo
393 850 612 884 Lutheram's
647 847 896 891 persuaderet,
933 856 967 877 se
1004 853 1141 887 quoque
1178 852 1220 874 ac
1255 850 1338 873 suos
1376 839 1608 879 Auqustanae
1646 844 1714 866 esse
1752 843 1830 865 con-

64 910 239 952 fessionis.
285 908 505 948 Quamquam
534 908 649 936 autem
685 905 836 943 utraque
866 910 958 941 pars
978 908 1049 940 pro
1074 907 1171 929 more
1195 905 1259 927 suo
1294 894 1333 926 in
1368 892 1534 935 opinione
1567 899 1634 922 sua
1664 897 1831 931 perman-

67 964 143 1006 ebit,
177 961 371 995 timendum
396 962 454 1001 est,
489 968 532 990 *ne
561 956 766 990 Calviniani
792 957 939 986 eaeterna
966 951 1121 994 quadam
1146 949 1257 992 specie
1282 945 1503 980 Lutlaeram's
1527 954 1563 976 se
1588 943 1761 984 iunyant;
1798 939 1833 972 id

67 1016 161 1060 quod
189 1014 380 1048 Catholicis
406 1010 766 1045 incommodissimnm
790 1008 893 1049 foret.
940 1005 1059 1046 Qua-re
1089 1001 1282 1035 Granrella
1307 999 1507 1043 pontificem
1532 996 1679 1038 monuit,
1710 992 1833 1026 Catho-

67 1070 218 1103 licorum
243 1068 391 1100 multum
417 1066 593 1105 interesse,
629 1062 838 1104 efficeretur,
874 1063 911 1091 ut
937 1057 1137 1100 Erfordiae
1166 1053 1373 1088 Calriuiam‘
1399 1056 1428 1084 et
1454 1049 1657 1084 Lutherarii
1682 1049 1776 1080 mter
1800 1056 1834 1077 se

68 1123 368 1164 disimzqerentur.
419 1118 559 1151 Placuit
594 1115 779 1149 eonsilium
800 1112 974 1156 pontifici,
1000 1121 1110 1153 neque
1134 1113 1251 1141 tamen
1277 1107 1352 1139 eius
1377 1106 1424 1138 ad
1450 1105 1608 1146 effectum
1634 1099 1835 1134 adducendi

68 1177 164 1210 ratio
189 1175 265 1208 alia
300 1174 331 1206 ei
366 1172 534 1211 occurrit,
574 1179 676 1213 quam
713 1172 753 1200 ut
786 1176 843 1199 res
877 1164 1183 1198 commendaretur
1209 1161 1394 1194 Societatis
1419 1156 1619 1190 hominibus
1642 1153 1834 1197 ⁴aei-mauis,

70 1231 131 1273 qui
157 1232 187 1261 et
211 1228 283 1270 ipsi
317 1230 347 1259 et
371 1236 436 1269 per
461 1225 550 1256 alios
575 1233 652 1255 eam
678 1223 857 1254 curarent.
913 1218 1063 1260 Operam
1099 1216 1262 1257 conferre
1292 1216 1460 1256 poterunt
1486 1208 1688 1242 cardinalis
1713 1207 1834 1248 Anqu-

69 1288 203 1324 starum,
230 1280 517 1322 archiepiscopus
542 1276 781 1318 moqzmtinus,
808 1273 884 1305 dux
910 1271 1101 1312 Barariae,
1129 1269 1271 1310 amicos,
1299 1267 1361 1309 qui
1387 1266 1474 1307 ipsis
1499 1265 1593 1296 inter
1611 1260 1836 1294 Lutheranos

69 1340 161 1378 suut,
200 1333 382 1375 edocendo,
423 1330 743 1364 Calciniane'smum
782 1338 803 1358 a
839 1325 1117 1358 Lutlzerauismo
1153 1321 1304 1354 mzdtum
1342 1319 1494 1361 differre
1532 1327 1573 1349 ac
1608 1313 1837 1348 calvinianos

72 1388 291 1423 Lutheranis
316 1387 355 1419 in
381 1394 522 1419 errores
543 1393 626 1417 suos
642 1380 892 1424 pertrahendis
918 1388 1061 1420 operam
1080 1377 1177 1409 dare.
1221 1373 1392 1416 Expediet
1418 1371 1523 1404 etiam
1541 1368 1739 1412 epistulam,
1766 1376 1837 1409 qua

72 1443 189 1476 eadem
215 1441 459 1481 ostendantur,
485 1437 646 1479 componi
672 1439 701 1468 et
728 1433 825 1476 apud
852 1432 1089 1473 Lutheratzos,
1126 1428 1266 1461 *noniine
1292 1427 1363 1459 viri
1387 1426 1476 1468 <ipsis
1501 1422 1600 1455 haud
1625 1420 1762 1463 iii-arati
1787 1419 1838 1451 ‘rel

73 1498 176 1529 etiam
202 1494 300 1527 wuito
326 1493 467 1526 nomine
498 1491 665 1532 ascripto,
701 1486 952 1526 disseminari;
986 1494 1057 1527 qua
1093 1483 1129 1515 ίη
1164 1492 1204 1515 re
1236 1481 1389 1522 fortasse.
1415 1477 1599 1510 Martinus
1625 1473 1834 1515 Eisenyrein

74 1548 214 1592 aliquid
239 1547 352 1589 officii
375 1544 582 1588 praestabit.
637 1543 751 1583 Quam
785 1540 943 1583 primum
970 1541 1085 1570 autem
1120 1536 1190 1568 ista
1224 1533 1393 1576 facienda
1419 1534 1512 1573 suut,
1549 1540 1591 1562 ue
1625 1537 1703 1560 ¹sero
1738 1526 1837 1568 fiant.

75 1603 134 1636 Ad
159 1602 198 1635 P.
226 1600 391 1634 Natalem
418 1608 554 1642 quoque
579 1601 609 1629 et
634 1596 682 1628 ad
710 1593 894 1627 Societatis
913 1589 1174 1634 provincialem
1200 1588 1402 1621 rhenanum
1428 1584 1547 1617 eadem
1571 1581 1790 1615 scribuntur.

194 1684 288 1725 Pax
320 1688 390 1724 etc.
445 1680 487 1722 Jl
522 1677 724 1721 Cardinal
758 1674 977 1718 Granuela
1008 1672 1146 1714 hebbe
1179 1670 1299 1712 auiso
1334 1681 1455 1710 come
1487 1666 1518 1707 il
1551 1665 1686 1706 Conte
1718 1661 1840 1716 pala-

75 1750 195 1793 tin01
228 1763 308 1790 con
341 1745 567 1788 Theodoro
600 1744 717 1785 Beza
749 1754 855 1795 capo
889 1739 930 1780 di
963 1735 1200 1787 Caluinisti‚
1240 1735 1452 1776 faceuano
1486 1733 1605 1772 certo
1639 1726 1841 1770 concilia-

76 1816 175 1857 bulo
207 1815 251 1856 in
283 1827 369 1855 una
400 1814 520 1853 terra
554 1809 622 1850 del
656 1808 776 1849 detto
809 1806 949 1854 conte,
991 1817 1069 1857 per
1099 1803 1264 1844 trattar
1297 1799 1365 1841 del
1397 1796 1522 1839 modo
1556 1794 1598 1836 di
1630 1792 1736 1835 farsi
1769 1805 1841 1834 ac-

78 1883 219 1923 cettar
250 1879 319 1920 nel
353 1889 531 1919 numero
566 1875 617 1915 de
650 1868 981 1918 confessionisti‚
1015 1882 1092 1922 per
1122 1866 1306 1920 rispetto
1341 1863 1381 1905 di
1405 1862 1505 1915 quel
1537 1861 1711 1902 decreto
1745 1857 1842 1899 dela

78 1946 195 1988 dieta
227 1945 486 1997 augustana,
528 1940 557 1981 il
591 1939 693 1992 qual
725 1937 964 1978 solamente
998 1935 1169 1975 accetta
1200 1931 1243 1972 la
1274 1928 1475 1981 Religion
1508 1924 1723 1968 catholica
1755 1922 1842 1963 Ro-

77 2024 219 2060 mana,
254 2013 298 2051 et
330 2009 372 2050 la
404 2009 522 2048 setta
554 2005 652 2046 dela
685 2000 929 2044 confession
951 1999 1224 2052 Augustam,
1259 1998 1304 2038 et
1335 2007 1441 2049 pare
1473 1992 1552 2034 che
1583 1991 1676 2033 loro
1699 2001 1842 2029 uanno

80 2075 289 2119 cercando
330 2072 456 2114 modo
491 2070 533 2112 di
568 2067 830 2123 persuadere
864 2067 890 2107 a
922 2064 1053 2117 quelli
1086 2063 1184 2104 dela
1225 2061 1349 2103 detta
1390 2056 1661 2101 confessione
1692 2054 1843 2105 Augu-

80 2144 221 2191 stana,
255 2139 332 2181 6116
366 2151 470 2179 60110
503 2149 589 2177 una
622 2147 724 2175 cosa
757 2146 837 2173 con
869 2131 975 2180 loro,
1015 2131 1060 2171 et
1091 2141 1168 2182 per
1199 2126 1263 2169 tal
1296 2126 1446 2167 effetto
1479 2136 1526 2164 se
1557 2118 1733 2163 intende
1766 2118 1843 2159 6116

80 2207 212 2249 molto
245 2205 287 2246 in
321 2204 453 2245 breue
485 2201 521 2242 si
552 2200 695 2241 hanno
719 2199 744 2239 a
766 2196 982 2239 radunare
1012 2193 1056 2235 in
1079 2191 1275 2235 Elfordia
1288 2192 1317 2241 2,
1351 2193 1395 2233 et
1417 2189 1454 2231 si
1475 2189 1631 2241 reputa
1662 2183 1844 2226 sarebbe

204 2345 212 2364 ¹
238 2341 442 2377 Fridericus
467 2339 529 2374 III.
556 2339 724 2383 princeps
751 2335 885 2369 elector
910 2333 1103 2379 palatinus.

202 2397 214 2417 ‘²
239 2397 279 2431 In
309 2394 494 2438 „recessw‘
524 2392 602 2426 sive
628 2391 782 2430 decreto,
809 2400 878 2432 quo
906 2388 1094 2430 Augustae
1121 2385 1177 2419 30.
1205 2382 1292 2417 Maii
1320 2381 1410 2416 1566
1438 2377 1583 2414 comitia
1609 2374 1749 2420 imperii
1775 2375 1845 2408 ter-

83 2451 322 2490 minabantur,
348 2446 618 2482 Maximilianus
645 2444 688 2477 11.
721 2443 916 2487 imperator
942 2439 1115 2479 edicebat,
1149 2437 1243 2471 inter
1277 2446 1315 2469 se
1351 2436 1387 2468 et
1422 2430 1560 2476 imperii
1597 2428 1738 2463 ordines
1765 2437 1845 2460 con-

82 2505 237 2544 venisse,
279 2502 380 2545 „dass
415 2499 556 2535 solcher
584 2497 711 2532 Secten
740 2495 811 2529 vnd
843 2493 982 2540 jrrigen
1010 2491 1221 2537 Opinionen‚
1256 2500 1295 2522 so
1323 2515 1330 2522 .
1350 2514 1357 2521 .
1380 2514 1386 2520 .
1419 2485 1497 2519 sich
1523 2494 1593 2517 von
1619 2480 1757 2525 heyden
1785 2479 1847 2513 der

85 2558 183 2593 alten
208 2555 385 2599 Religion,
411 2553 485 2587 vnd
511 2548 834 2596 Augspurgischen
862 2545 1073 2581 Confession
1100 2542 1312 2581 absondern,
1347 2539 1431 2574 oder
1466 2535 1658 2571 denselben
1692 2532 1850 2567 zuwider

84 2623 184 2657 seyn,
203 2613 351 2652 vermog
369 2607 452 2641 (1666
471 2605 637 2648 Religion
654 2603 836 2642 Friedens‚
864 2600 969 2634 keine
997 2598 1148 2642 gelitten
1174 2594 1266 2629 noch
1292 2592 1428 2637 gedult,
1455 2590 1586 2625 sonder
1604 2585 1848 2621 allenthalben

85 2664 148 2698 der
189 2662 310 2707 Gepiir
350 2659 449 2694 vnnd
491 2658 571 2691 dem
611 2655 777 2698 Religion
819 2652 970 2687 Frieden
1013 2654 1166 2694 gemass,
1215 2645 1396 2691 gantzlich
1439 2640 1664 2685 abgeschafft
1704 2638 1844 2672 werde“

90 2716 245 2760 (Aller..
261 2742 267 2749 .
282 2713 480 2754 Reichstiig
560 2709 733 2744 Absehted
760 2706 818 2750 [cf.
838 2716 947 2750 supra
973 2716 1006 2749 p.
1027 2702 1125 2747 2302]
1154 2701 1250 2744 555).
1293 2699 1345 2733 De
1364 2697 1481 2742 capite
1507 2694 1568 2729 illo
1594 2692 1694 2738 pacis
1713 2691 1847 2726 a.1555

86 2771 273 2814 Augustae
308 2766 344 2800 in
371 2764 524 2800 comitiis
558 2762 698 2807 imperii
726 2761 853 2799 factae,
890 2770 959 2802 quo
989 2759 1130 2790 tantum
1158 2752 1361 2788 Catholicos
1388 2752 1434 2791 et,
1470 2748 1530 2792 qui
1560 2743 1848 2789 „Confessionem

88 2820 347 2865 augustanam“
390 2818 636 2862 sequerentur,
680 2825 788 2858 „pace
826 2810 1032 2853 religionis“
1075 2805 1327 2851 comprehendi
1366 2801 1583 2840 edieebatur,
1621 2798 1703 2832 vide
1741 2808 1850 2842 supra

88 2888 121 2920 p.
148 2875 226 2909 244.
278 2874 318 2907 In
344 2872 433 2917 ipsis
459 2869 613 2904 comitiis
639 2865 854 2909 augustanis
888 2876 919 2897 a.
949 2863 1039 2897 1566
1075 2860 1209 2895 habitis
1236 2856 1437 2902 complures
1464 2853 1643 2899 principes
1669 2850 1849 2885 lutherani

89 2927 307 2962 Fridericum
333 2925 555 2963 monuerant,
594 2922 711 2966 ipsum
738 2919 837 2963 pacis
872 2918 1097 2958 augustanae
1133 2912 1345 2958 participem
1381 2919 1460 2942 esse
1498 2918 1568 2940 non
1606 2916 1731 2950 posse;
1767 2915 1849 2938 nam

90 2980 331 3016 calvinianam
357 2977 556 3012 doctrinam
583 2975 615 3008 ei
634 2970 879 3008 confessionis
897 2971 1121 3012 augustanae
1140 2965 1261 3009 capiti,
1288 2974 1357 3007 quo
1377 2960 1512 2996 Christi
1531 2969 1660 3004 corpus
1685 2957 1722 2991 in
1740 2968 1850 2991 caena

91 3033 266 3069 dominica
299 3043 385 3066 vere
419 3029 513 3065 sumi
547 3028 743 3066 doceretur,
778 3023 970 3057 manifeste
1005 3019 1210 3058 adversari;
1251 3025 1468 3061 quamquam
1506 3014 1648 3057 postea,
1686 3012 1850 3054 Augusto

93 3086 269 3121 Saxoniae
304 3085 457 3119 electore
492 3081 673 3116 Friderico
709 3077 934 3116 connivente,
970 3072 1166 3108 Lutherani
1202 3081 1277 3104 rem
1311 3066 1473 3102 nonnihil
1508 3063 1779 3100 dissimularunt
1815 3065 1851 3096 et

92 3139 310 3174 Fridericum
335 3149 399 3183 pro
426 3133 709 3171 Confessionista
734 3142 773 3166 se
800 3140 924 3173 gerere
951 3126 1047 3172 passi
1074 3126 1168 3159 sunt.
1211 3123 1410 3167 Imperator
1435 3131 1521 3154 vero
1550 3119 1603 3153 14.
1618 3117 1706 3152 Maii
1732 3116 1850 3150 Fride-

92 3192 163 3226 rico
199 3202 318 3226 coram
353 3189 568 3224 electoribus
603 3190 639 3220 et
672 3183 893 3230 principibus
919 3179 1116 3219 mandavit,
1150 3179 1190 3211 ut
1217 3174 1486 3215 Calvinismum‚
1522 3172 1654 3217 quippe
1683 3170 1744 3214 qui
1771 3180 1850 3202 cum
