<?xml version="1.0" encoding="UTF-8"?>
<!DOCTYPE html PUBLIC "-//W3C//DTD XHTML 1.0 Transitional//EN"
    "http://www.w3.org/TR/xhtml1/DTD/xhtml1-transitional.dtd">
<html xmlns="http://www.w3.org/1999/xhtml" xml:lang="en" lang="en">
 <head>
  <title>
</title>
<meta http-equiv="Content-Type" content="text/html;charset=utf-8" />
  <meta name='ocr-system' content='tesseract 3.04.00' />
  <meta name='ocr-capabilities' content='ocr_page ocr_carea ocr_par ocr_line ocrx_word'/>
</head>
<body>
  <div class='ocr_page' id='page_1' title='image "beatipetricanisi05cani_0215.png"; bbox 0 0 2077 3461; ppageno 0'>
   <div class='ocr_carea' id='block_1_1' title="bbox 666 197 1800 242">
    <p class='ocr_par' dir='ltr' id='par_1_1' title="bbox 666 197 1800 242">
     <span class='ocr_line' id='line_1_1' title="bbox 666 197 1800 242; baseline 0.002 -10"><span class='ocrx_word' id='word_1_1' title='bbox 666 199 855 242; x_wconf 82' lang='lat' dir='ltr'>Moguntia</span> <span class='ocrx_word' id='word_1_2' title='bbox 883 198 937 233; x_wconf 82' lang='lat'>15.</span> <span class='ocrx_word' id='word_1_3' title='bbox 956 197 1047 232; x_wconf 86' lang='lat' dir='ltr'>Nov.</span> <span class='ocrx_word' id='word_1_4' title='bbox 1076 197 1178 232; x_wconf 72' lang='lat'>1565.</span> <span class='ocrx_word' id='word_1_5' title='bbox 1721 197 1800 238; x_wconf 82' lang='grc'>129</span> 
     </span>
    </p>
   </div>
   <div class='ocr_carea' id='block_1_2' title="bbox 36 314 1828 2650">
    <p class='ocr_par' dir='ltr' id='par_1_2' title="bbox 36 314 1822 2260">
     <span class='ocr_line' id='line_1_2' title="bbox 38 314 1805 375; baseline -0.003 -14"><span class='ocrx_word' id='word_1_6' title='bbox 38 320 215 375; x_wconf 83' lang='lat' dir='ltr'>proinde</span> <span class='ocrx_word' id='word_1_7' title='bbox 257 319 338 360; x_wconf 91' lang='lat' dir='ltr'>huc</span> <span class='ocrx_word' id='word_1_8' title='bbox 371 317 511 360; x_wconf 88' lang='lat' dir='ltr'>rarius</span> <span class='ocrx_word' id='word_1_9' title='bbox 543 317 745 360; x_wconf 57' lang='grc' dir='ltr'>1111131601ἃ</span> <span class='ocrx_word' id='word_1_10' title='bbox 775 317 1078 360; x_wconf 81' lang='lat' dir='ltr'>instituendos,</span> <span class='ocrx_word' id='word_1_11' title='bbox 1142 315 1383 370; x_wconf 81' lang='lat' dir='ltr'>Episcopus</span> <span class='ocrx_word' id='word_1_12' title='bbox 1417 329 1442 357; x_wconf 91' lang='lat' dir='ltr'>a</span> <span class='ocrx_word' id='word_1_13' title='bbox 1474 315 1635 358; x_wconf 88' lang='lat' dir='ltr'>nostris</span> <span class='ocrx_word' id='word_1_14' title='bbox 1667 314 1805 357; x_wconf 86' lang='lat' dir='ltr'>multa</span> 
     </span>
     <span class='ocr_line' id='line_1_3' title="bbox 36 379 1806 438; baseline -0.003 -11"><span class='ocrx_word' id='word_1_15' title='bbox 36 384 229 438; x_wconf 89' lang='lat' dir='ltr'>requiret</span> <span class='ocrx_word' id='word_1_16' title='bbox 260 383 450 426; x_wconf 86' lang='lat' dir='ltr'>fortasse</span> <span class='ocrx_word' id='word_1_17' title='bbox 482 382 723 425; x_wconf 86' lang='lat' dir='ltr'>ministeria</span> <span class='ocrx_word' id='word_1_18' title='bbox 755 385 935 437; x_wconf 88' lang='lat' dir='ltr'>propter</span> <span class='ocrx_word' id='word_1_19' title='bbox 966 381 1112 423; x_wconf 86' lang='lat' dir='ltr'>varias</span> <span class='ocrx_word' id='word_1_20' title='bbox 1145 384 1189 423; x_wconf 91' lang='lat' dir='ltr'>et</span> <span class='ocrx_word' id='word_1_21' title='bbox 1220 380 1413 433; x_wconf 80' lang='lat' dir='ltr'>insignes</span> <span class='ocrx_word' id='word_1_22' title='bbox 1445 379 1668 422; x_wconf 77' lang='lat' dir='ltr'>Ecclesiae</span> <span class='ocrx_word' id='word_1_23' title='bbox 1702 392 1806 421; x_wconf 84' lang='lat' dir='ltr'>suae</span> 
     </span>
     <span class='ocr_line' id='line_1_4' title="bbox 39 444 1807 501; baseline -0.004 -9"><span class='ocrx_word' id='word_1_24' title='bbox 39 449 326 499; x_wconf 73' lang='lat' dir='ltr'>calamitates,</span> <span class='ocrx_word' id='word_1_25' title='bbox 369 448 412 490; x_wconf 88' lang='lat' dir='ltr'>in</span> <span class='ocrx_word' id='word_1_26' title='bbox 454 462 538 501; x_wconf 86' lang='lat' dir='ltr'>qua</span> <span class='ocrx_word' id='word_1_27' title='bbox 580 447 704 490; x_wconf 89' lang='lat' dir='ltr'>multi</span> <span class='ocrx_word' id='word_1_28' title='bbox 743 461 856 489; x_wconf 89' lang='lat' dir='ltr'>nunc</span> <span class='ocrx_word' id='word_1_29' title='bbox 888 446 1071 489; x_wconf 86' lang='lat' dir='ltr'>Parochi</span> <span class='ocrx_word' id='word_1_30' title='bbox 1103 444 1284 487; x_wconf 88' lang='lat' dir='ltr'>subinde</span> <span class='ocrx_word' id='word_1_31' title='bbox 1316 447 1571 499; x_wconf 71' lang='lat' dir='ltr'>apostatare</span> <span class='ocrx_word' id='word_1_32' title='bbox 1604 444 1807 486; x_wconf 86' lang='lat' dir='ltr'>videntur</span> 
     </span>
     <span class='ocr_line' id='line_1_5' title="bbox 40 508 1807 567; baseline -0.003 -11"><span class='ocrx_word' id='word_1_33' title='bbox 40 528 199 567; x_wconf 86' lang='lat' dir='ltr'>magna</span> <span class='ocrx_word' id='word_1_34' title='bbox 231 528 327 555; x_wconf 84' lang='grc'>01101</span> <span class='ocrx_word' id='word_1_35' title='bbox 348 512 483 555; x_wconf 85' lang='lat' dir='ltr'>totius</span> <span class='ocrx_word' id='word_1_36' title='bbox 514 512 661 566; x_wconf 89' lang='lat' dir='ltr'>populi</span> <span class='ocrx_word' id='word_1_37' title='bbox 684 512 932 554; x_wconf 84' lang='lat' dir='ltr'>offensione.</span> <span class='ocrx_word' id='word_1_38' title='bbox 986 511 1079 554; x_wconf 91' lang='lat' dir='ltr'>Nec</span> <span class='ocrx_word' id='word_1_39' title='bbox 1102 513 1169 553; x_wconf 89' lang='lat' dir='ltr'>est</span> <span class='ocrx_word' id='word_1_40' title='bbox 1192 510 1363 563; x_wconf 89' lang='lat' dir='ltr'>quietus</span> <span class='ocrx_word' id='word_1_41' title='bbox 1387 509 1527 552; x_wconf 87' lang='lat' dir='ltr'>adhuc</span> <span class='ocrx_word' id='word_1_42' title='bbox 1559 508 1807 564; x_wconf 84' lang='lat' dir='ltr'>prouinciae</span> 
     </span>
     <span class='ocr_line' id='line_1_6' title="bbox 40 574 1808 629; baseline -0.003 -8"><span class='ocrx_word' id='word_1_43' title='bbox 40 581 204 621; x_wconf 86' lang='lat' dir='ltr'>status:</span> <span class='ocrx_word' id='word_1_44' title='bbox 246 578 359 620; x_wconf 88' lang='lat' dir='ltr'>unde</span> <span class='ocrx_word' id='word_1_45' title='bbox 391 578 515 620; x_wconf 88' lang='lat' dir='ltr'>multi</span> <span class='ocrx_word' id='word_1_46' title='bbox 547 577 617 619; x_wconf 87' lang='lat' dir='ltr'>hic</span> <span class='ocrx_word' id='word_1_47' title='bbox 649 579 750 619; x_wconf 89' lang='lat' dir='ltr'>sunt</span> <span class='ocrx_word' id='word_1_48' title='bbox 782 577 954 628; x_wconf 89' lang='lat' dir='ltr'>milites,</span> <span class='ocrx_word' id='word_1_49' title='bbox 997 576 1089 618; x_wconf 91' lang='lat' dir='ltr'>sine</span> <span class='ocrx_word' id='word_1_50' title='bbox 1122 575 1275 629; x_wconf 88' lang='lat' dir='ltr'>quibus</span> <span class='ocrx_word' id='word_1_51' title='bbox 1306 588 1386 616; x_wconf 89' lang='lat' dir='ltr'>nec</span> <span class='ocrx_word' id='word_1_52' title='bbox 1418 575 1550 616; x_wconf 85' lang='lat' dir='ltr'>audet</span> <span class='ocrx_word' id='word_1_53' title='bbox 1580 575 1622 616; x_wconf 90' lang='lat' dir='ltr'>in</span> <span class='ocrx_word' id='word_1_54' title='bbox 1656 574 1808 615; x_wconf 84' lang='lat' dir='ltr'>Eccle-</span> 
     </span>
     <span class='ocr_line' id='line_1_7' title="bbox 40 640 1809 696; baseline -0.003 -10"><span class='ocrx_word' id='word_1_55' title='bbox 40 643 174 687; x_wconf 85' lang='lat' dir='ltr'>siamb</span> <span class='ocrx_word' id='word_1_56' title='bbox 221 642 524 686; x_wconf 83' lang='lat' dir='ltr'>Cathedralem</span> <span class='ocrx_word' id='word_1_57' title='bbox 570 642 755 696; x_wconf 83' lang='lat' dir='ltr'>prodire,</span> <span class='ocrx_word' id='word_1_58' title='bbox 805 642 875 683; x_wconf 85' lang='lat' dir='ltr'>vel</span> <span class='ocrx_word' id='word_1_59' title='bbox 922 655 1066 684; x_wconf 88' lang='lat' dir='ltr'>arcem</span> <span class='ocrx_word' id='word_1_60' title='bbox 1115 655 1237 682; x_wconf 88' lang='lat' dir='ltr'>suam</span> <span class='ocrx_word' id='word_1_61' title='bbox 1279 640 1444 690; x_wconf 74' lang='lat' dir='ltr'>exirel,</span> <span class='ocrx_word' id='word_1_62' title='bbox 1493 640 1631 681; x_wconf 87' lang='lat' dir='ltr'>bonus</span> <span class='ocrx_word' id='word_1_63' title='bbox 1675 652 1809 680; x_wconf 77' lang='lat' dir='ltr'>senex</span> 
     </span>
     <span class='ocr_line' id='line_1_8' title="bbox 41 704 1809 763; baseline -0.004 -12"><span class='ocrx_word' id='word_1_64' title='bbox 41 709 292 763; x_wconf 82' lang='lat' dir='ltr'>EpiscopuS‚</span> <span class='ocrx_word' id='word_1_65' title='bbox 333 708 432 761; x_wconf 90' lang='lat' dir='ltr'>quia</span> <span class='ocrx_word' id='word_1_66' title='bbox 463 707 618 750; x_wconf 87' lang='lat' dir='ltr'>timere</span> <span class='ocrx_word' id='word_1_67' title='bbox 650 707 783 749; x_wconf 87' lang='lat' dir='ltr'>habet</span> <span class='ocrx_word' id='word_1_68' title='bbox 813 707 1001 749; x_wconf 83' lang='lat' dir='ltr'>hostium</span> <span class='ocrx_word' id='word_1_69' title='bbox 1034 705 1212 748; x_wconf 79' lang='lat' dir='ltr'>insidias</span> <span class='ocrx_word' id='word_1_70' title='bbox 1248 704 1388 758; x_wconf 88' lang='lat' dir='ltr'>magis</span> <span class='ocrx_word' id='word_1_71' title='bbox 1421 718 1548 757; x_wconf 86' lang='lat' dir='ltr'>quam</span> <span class='ocrx_word' id='word_1_72' title='bbox 1583 704 1809 758; x_wconf 87' lang='lat' dir='ltr'>quisquam</span> 
     </span>
     <span class='ocr_line' id='line_1_9' title="bbox 42 768 1810 829; baseline -0.003 -14"><span class='ocrx_word' id='word_1_73' title='bbox 42 774 284 829; x_wconf 86' lang='lat' dir='ltr'>Episcopus</span> <span class='ocrx_word' id='word_1_74' title='bbox 306 773 428 815; x_wconf 88' lang='lat' dir='ltr'>alius.</span> <span class='ocrx_word' id='word_1_75' title='bbox 483 773 603 814; x_wconf 89' lang='lat' dir='ltr'>Haec</span> <span class='ocrx_word' id='word_1_76' title='bbox 625 772 763 814; x_wconf 85' lang='lat' dir='ltr'>fusius</span> <span class='ocrx_word' id='word_1_77' title='bbox 790 772 892 823; x_wconf 78' lang='lat' dir='ltr'>dixi,</span> <span class='ocrx_word' id='word_1_78' title='bbox 926 774 975 814; x_wconf 90' lang='lat' dir='ltr'>ut</span> <span class='ocrx_word' id='word_1_79' title='bbox 1007 774 1170 814; x_wconf 86' lang='lat' dir='ltr'>statum</span> <span class='ocrx_word' id='word_1_80' title='bbox 1202 770 1337 813; x_wconf 88' lang='lat' dir='ltr'>futuri</span> <span class='ocrx_word' id='word_1_81' title='bbox 1361 769 1538 823; x_wconf 87' lang='lat' dir='ltr'>Collegij</span> <span class='ocrx_word' id='word_1_82' title='bbox 1571 768 1810 823; x_wconf 80' lang='lat' dir='ltr'>planiorem</span> 
     </span>
     <span class='ocr_line' id='line_1_10' title="bbox 42 833 1811 890; baseline -0.003 -9"><span class='ocrx_word' id='word_1_83' title='bbox 42 839 279 889; x_wconf 85' lang='lat' dir='ltr'>redderem,</span> <span class='ocrx_word' id='word_1_84' title='bbox 314 841 359 881; x_wconf 89' lang='lat' dir='ltr'>et</span> <span class='ocrx_word' id='word_1_85' title='bbox 389 837 453 880; x_wconf 90' lang='lat' dir='ltr'>rei</span> <span class='ocrx_word' id='word_1_86' title='bbox 483 836 827 890; x_wconf 73' lang='lat' dir='ltr'>magnitudinem</span> <span class='ocrx_word' id='word_1_87' title='bbox 859 837 1021 879; x_wconf 89' lang='lat' dir='ltr'>rectius</span> <span class='ocrx_word' id='word_1_88' title='bbox 1045 835 1401 879; x_wconf 87' lang='lat' dir='ltr'>considerandam</span> <span class='ocrx_word' id='word_1_89' title='bbox 1424 836 1636 877; x_wconf 85' lang='lat' dir='ltr'>offerrem.</span> <span class='ocrx_word' id='word_1_90' title='bbox 1687 833 1811 876; x_wconf 70' lang='grc'>&lt;10111-</span> 
     </span>
     <span class='ocr_line' id='line_1_11' title="bbox 44 897 1812 957; baseline -0.005 -11"><span class='ocrx_word' id='word_1_91' title='bbox 44 904 138 947; x_wconf 84' lang='lat' dir='ltr'>caui</span> <span class='ocrx_word' id='word_1_92' title='bbox 170 903 384 957; x_wconf 84' lang='lat' dir='ltr'>Episcopo</span> <span class='ocrx_word' id='word_1_93' title='bbox 417 917 554 957; x_wconf 84' lang='lat' dir='ltr'>nuper</span> <span class='ocrx_word' id='word_1_94' title='bbox 585 905 633 945; x_wconf 88' lang='lat' dir='ltr'>ut</span> <span class='ocrx_word' id='word_1_95' title='bbox 664 901 805 944; x_wconf 90' lang='lat' dir='ltr'>iussus</span> <span class='ocrx_word' id='word_1_96' title='bbox 839 915 970 952; x_wconf 85' lang='lat' dir='ltr'>eram,</span> <span class='ocrx_word' id='word_1_97' title='bbox 1014 915 1092 943; x_wconf 89' lang='lat' dir='ltr'>nos</span> <span class='ocrx_word' id='word_1_98' title='bbox 1125 901 1178 943; x_wconf 93' lang='lat' dir='ltr'>de</span> <span class='ocrx_word' id='word_1_99' title='bbox 1210 899 1433 942; x_wconf 73' lang='lat' dir='ltr'>mittendis</span> <span class='ocrx_word' id='word_1_100' title='bbox 1465 899 1674 942; x_wconf 83' lang='lat' dir='ltr'>fratribus</span> <span class='ocrx_word' id='word_1_101' title='bbox 1707 897 1812 939; x_wconf 86' lang='lat' dir='ltr'>nihil</span> 
     </span>
     <span class='ocr_line' id='line_1_12' title="bbox 44 962 1812 1022; baseline -0.004 -12"><span class='ocrx_word' id='word_1_102' title='bbox 44 983 155 1011; x_wconf 89' lang='lat' dir='ltr'>nunc</span> <span class='ocrx_word' id='word_1_103' title='bbox 188 968 296 1010; x_wconf 90' lang='lat' dir='ltr'>certi</span> <span class='ocrx_word' id='word_1_104' title='bbox 317 967 573 1022; x_wconf 83' lang='lat' dir='ltr'>promittere</span> <span class='ocrx_word' id='word_1_105' title='bbox 595 980 737 1021; x_wconf 90' lang='lat' dir='ltr'>posse,</span> <span class='ocrx_word' id='word_1_106' title='bbox 770 980 849 1008; x_wconf 90' lang='lat' dir='ltr'>nec</span> <span class='ocrx_word' id='word_1_107' title='bbox 872 967 1009 1008; x_wconf 88' lang='lat' dir='ltr'>solum</span> <span class='ocrx_word' id='word_1_108' title='bbox 1043 965 1250 1020; x_wconf 86' lang='lat' dir='ltr'>paranda,</span> <span class='ocrx_word' id='word_1_109' title='bbox 1285 964 1360 1006; x_wconf 90' lang='lat' dir='ltr'>sed</span> <span class='ocrx_word' id='word_1_110' title='bbox 1391 964 1522 1007; x_wconf 88' lang='lat' dir='ltr'>etiam</span> <span class='ocrx_word' id='word_1_111' title='bbox 1545 962 1812 1017; x_wconf 88' lang='lat' dir='ltr'>designanda</span> 
     </span>
     <span class='ocr_line' id='line_1_13' title="bbox 44 1028 1814 1089; baseline -0.003 -14"><span class='ocrx_word' id='word_1_112' title='bbox 44 1034 164 1089; x_wconf 89' lang='lat' dir='ltr'>prius</span> <span class='ocrx_word' id='word_1_113' title='bbox 205 1046 300 1075; x_wconf 89' lang='lat' dir='ltr'>esse</span> <span class='ocrx_word' id='word_1_114' title='bbox 341 1038 475 1074; x_wconf 83' lang='lat' dir='ltr'>nouac</span> <span class='ocrx_word' id='word_1_115' title='bbox 516 1031 712 1074; x_wconf 87' lang='lat' dir='ltr'>aedificia</span> <span class='ocrx_word' id='word_1_116' title='bbox 744 1031 923 1085; x_wconf 84' lang='lat' dir='ltr'>Collegij</span> <span class='ocrx_word' id='word_1_117' title='bbox 967 1035 1012 1073; x_wconf 87' lang='lat' dir='ltr'>et</span> <span class='ocrx_word' id='word_1_118' title='bbox 1044 1030 1267 1072; x_wconf 88' lang='lat' dir='ltr'>classium:</span> <span class='ocrx_word' id='word_1_119' title='bbox 1311 1029 1502 1071; x_wconf 90' lang='lat' dir='ltr'>Primum</span> <span class='ocrx_word' id='word_1_120' title='bbox 1544 1031 1692 1071; x_wconf 88' lang='lat' dir='ltr'>tamen</span> <span class='ocrx_word' id='word_1_121' title='bbox 1733 1028 1814 1069; x_wconf 86' lang='lat' dir='ltr'>hoc</span> 
     </span>
     <span class='ocr_line' id='line_1_14' title="bbox 45 1094 1815 1151; baseline -0.003 -11"><span class='ocrx_word' id='word_1_122' title='bbox 45 1098 283 1151; x_wconf 81' lang='lat' dir='ltr'>Collegium</span> <span class='ocrx_word' id='word_1_123' title='bbox 315 1097 421 1147; x_wconf 86' lang='lat' dir='ltr'>fore,</span> <span class='ocrx_word' id='word_1_124' title='bbox 455 1097 567 1150; x_wconf 89' lang='lat' dir='ltr'>quod</span> <span class='ocrx_word' id='word_1_125' title='bbox 599 1096 643 1138; x_wconf 89' lang='lat' dir='ltr'>in</span> <span class='ocrx_word' id='word_1_126' title='bbox 667 1096 898 1139; x_wconf 82' lang='lat' dir='ltr'>Germania</span> <span class='ocrx_word' id='word_1_127' title='bbox 931 1111 956 1138; x_wconf 89' lang='lat' dir='ltr'>a</span> <span class='ocrx_word' id='word_1_128' title='bbox 989 1095 1148 1138; x_wconf 86' lang='lat' dir='ltr'>nostris</span> <span class='ocrx_word' id='word_1_129' title='bbox 1177 1095 1414 1137; x_wconf 84' lang='lat' dir='ltr'>inchoetur.</span> <span class='ocrx_word' id='word_1_130' title='bbox 1470 1094 1553 1147; x_wconf 88' lang='lat' dir='ltr'>Egi</span> <span class='ocrx_word' id='word_1_131' title='bbox 1584 1096 1815 1148; x_wconf 85' lang='lat' dir='ltr'>praeterea</span> 
     </span>
     <span class='ocr_line' id='line_1_15' title="bbox 46 1159 1815 1215; baseline -0.003 -10"><span class='ocrx_word' id='word_1_132' title='bbox 46 1179 141 1206; x_wconf 87' lang='lat' dir='ltr'>cum</span> <span class='ocrx_word' id='word_1_133' title='bbox 175 1162 445 1205; x_wconf 88' lang='lat' dir='ltr'>Provinciale</span> <span class='ocrx_word' id='word_1_134' title='bbox 477 1161 696 1204; x_wconf 85' lang='lat' dir='ltr'>Rhenensi</span> <span class='ocrx_word' id='word_1_135' title='bbox 738 1161 809 1215; x_wconf 91' lang='lat' dir='ltr'>qui</span> <span class='ocrx_word' id='word_1_136' title='bbox 847 1161 952 1202; x_wconf 89' lang='lat' dir='ltr'>nihil</span> <span class='ocrx_word' id='word_1_137' title='bbox 985 1161 1047 1203; x_wconf 89' lang='lat' dir='ltr'>rei</span> <span class='ocrx_word' id='word_1_138' title='bbox 1079 1164 1154 1203; x_wconf 89' lang='lat' dir='ltr'>aut</span> <span class='ocrx_word' id='word_1_139' title='bbox 1188 1160 1280 1214; x_wconf 88' lang='lat' dir='ltr'>spei</span> <span class='ocrx_word' id='word_1_140' title='bbox 1311 1160 1434 1201; x_wconf 92' lang='lat' dir='ltr'>nobis</span> <span class='ocrx_word' id='word_1_141' title='bbox 1466 1159 1648 1213; x_wconf 82' lang='lat' dir='ltr'>praebet</span> <span class='ocrx_word' id='word_1_142' title='bbox 1680 1161 1727 1200; x_wconf 89' lang='lat' dir='ltr'>ut</span> <span class='ocrx_word' id='word_1_143' title='bbox 1760 1171 1815 1199; x_wconf 81' lang='lat' dir='ltr'>ex</span> 
     </span>
     <span class='ocr_line' id='line_1_16' title="bbox 46 1223 1815 1283; baseline -0.004 -12"><span class='ocrx_word' id='word_1_144' title='bbox 46 1228 275 1283; x_wconf 60' lang='lat' dir='ltr'>Collegijsd</span> <span class='ocrx_word' id='word_1_145' title='bbox 306 1228 394 1270; x_wconf 90' lang='lat' dir='ltr'>suis</span> <span class='ocrx_word' id='word_1_146' title='bbox 427 1227 594 1280; x_wconf 84' lang='lat' dir='ltr'>aliquos</span> <span class='ocrx_word' id='word_1_147' title='bbox 625 1228 832 1281; x_wconf 87' lang='lat' dir='ltr'>praebeat</span> <span class='ocrx_word' id='word_1_148' title='bbox 862 1226 1086 1280; x_wconf 87' lang='lat' dir='ltr'>Herbipoli</span> <span class='ocrx_word' id='word_1_149' title='bbox 1120 1225 1354 1280; x_wconf 84' lang='lat' dir='ltr'>operarios.</span> <span class='ocrx_word' id='word_1_150' title='bbox 1408 1225 1467 1267; x_wconf 86' lang='lat' dir='ltr'>At</span> <span class='ocrx_word' id='word_1_151' title='bbox 1498 1227 1676 1266; x_wconf 88' lang='lat' dir='ltr'>nostrae</span> <span class='ocrx_word' id='word_1_152' title='bbox 1709 1223 1815 1264; x_wconf 88' lang='lat' dir='ltr'>Pro-</span> 
     </span>
     <span class='ocr_line' id='line_1_17' title="bbox 47 1289 1815 1346; baseline -0.003 -10"><span class='ocrx_word' id='word_1_153' title='bbox 47 1294 216 1336; x_wconf 82' lang='lat' dir='ltr'>vinciae</span> <span class='ocrx_word' id='word_1_154' title='bbox 248 1293 440 1346; x_wconf 85' lang='lat' dir='ltr'>Collegia</span> <span class='ocrx_word' id='word_1_155' title='bbox 480 1292 620 1345; x_wconf 86' lang='lat' dir='ltr'>magis</span> <span class='ocrx_word' id='word_1_156' title='bbox 660 1293 876 1342; x_wconf 84' lang='lat' dir='ltr'>laborant,</span> <span class='ocrx_word' id='word_1_157' title='bbox 919 1305 1057 1345; x_wconf 90' lang='lat' dir='ltr'>neque</span> <span class='ocrx_word' id='word_1_158' title='bbox 1096 1295 1186 1334; x_wconf 84' lang='lat' dir='ltr'>tam</span> <span class='ocrx_word' id='word_1_159' title='bbox 1219 1291 1379 1333; x_wconf 90' lang='lat' dir='ltr'>multos</span> <span class='ocrx_word' id='word_1_160' title='bbox 1412 1294 1456 1333; x_wconf 88' lang='lat' dir='ltr'>et</span> <span class='ocrx_word' id='word_1_161' title='bbox 1488 1290 1623 1331; x_wconf 89' lang='lat' dir='ltr'>bonos</span> <span class='ocrx_word' id='word_1_162' title='bbox 1655 1289 1815 1331; x_wconf 87' lang='lat' dir='ltr'>habent</span> 
     </span>
     <span class='ocr_line' id='line_1_18' title="bbox 48 1354 1815 1412; baseline -0.003 -11"><span class='ocrx_word' id='word_1_163' title='bbox 48 1360 103 1402; x_wconf 88' lang='lat' dir='ltr'>ad</span> <span class='ocrx_word' id='word_1_164' title='bbox 136 1359 372 1401; x_wconf 89' lang='lat' dir='ltr'>docendum</span> <span class='ocrx_word' id='word_1_165' title='bbox 396 1361 535 1412; x_wconf 89' lang='lat' dir='ltr'>aptos.</span> <span class='ocrx_word' id='word_1_166' title='bbox 589 1358 684 1399; x_wconf 88' lang='lat' dir='ltr'>Hoc</span> <span class='ocrx_word' id='word_1_167' title='bbox 717 1357 821 1398; x_wconf 86' lang='lat' dir='ltr'>mihi</span> <span class='ocrx_word' id='word_1_168' title='bbox 852 1357 1058 1399; x_wconf 89' lang='lat' dir='ltr'>veniebat</span> <span class='ocrx_word' id='word_1_169' title='bbox 1089 1356 1131 1397; x_wconf 90' lang='lat' dir='ltr'>in</span> <span class='ocrx_word' id='word_1_170' title='bbox 1164 1359 1367 1406; x_wconf 86' lang='lat' dir='ltr'>mentem,</span> <span class='ocrx_word' id='word_1_171' title='bbox 1400 1369 1484 1396; x_wconf 88' lang='lat' dir='ltr'>non</span> <span class='ocrx_word' id='word_1_172' title='bbox 1519 1355 1596 1397; x_wconf 90' lang='lat' dir='ltr'>abs</span> <span class='ocrx_word' id='word_1_173' title='bbox 1628 1368 1675 1396; x_wconf 87' lang='lat' dir='ltr'>re</span> <span class='ocrx_word' id='word_1_174' title='bbox 1708 1354 1815 1403; x_wconf 84' lang='lat' dir='ltr'>fore,</span> 
     </span>
     <span class='ocr_line' id='line_1_19' title="bbox 48 1420 1816 1477; baseline -0.004 -10"><span class='ocrx_word' id='word_1_175' title='bbox 48 1428 98 1468; x_wconf 91' lang='lat' dir='ltr'>ut</span> <span class='ocrx_word' id='word_1_176' title='bbox 145 1438 201 1466; x_wconf 80' lang='lat' dir='ltr'>ex</span> <span class='ocrx_word' id='word_1_177' title='bbox 241 1423 431 1477; x_wconf 85' lang='lat' dir='ltr'>Collegio</span> <span class='ocrx_word' id='word_1_178' title='bbox 473 1425 621 1465; x_wconf 88' lang='lat' dir='ltr'>nostro</span> <span class='ocrx_word' id='word_1_179' title='bbox 663 1422 905 1476; x_wconf 86' lang='lat' dir='ltr'>Dilingensi</span> <span class='ocrx_word' id='word_1_180' title='bbox 953 1422 1202 1464; x_wconf 84' lang='lat' dir='ltr'>mitteretur</span> <span class='ocrx_word' id='word_1_181' title='bbox 1244 1420 1511 1474; x_wconf 85' lang='lat' dir='ltr'>Herbipolim</span> <span class='ocrx_word' id='word_1_182' title='bbox 1554 1420 1599 1463; x_wconf 89' lang='lat' dir='ltr'>P.</span> <span class='ocrx_word' id='word_1_183' title='bbox 1633 1420 1816 1461; x_wconf 88' lang='lat' dir='ltr'>Ioannes</span> 
     </span>
     <span class='ocr_line' id='line_1_20' title="bbox 51 1484 1818 1539; baseline -0.004 -7"><span class='ocrx_word' id='word_1_184' title='bbox 51 1489 315 1532; x_wconf 84' lang='lat' dir='ltr'>Rauenstein</span> <span class='ocrx_word' id='word_1_185' title='bbox 341 1523 348 1531; x_wconf 92' lang='lat'><strong><em>.</em></strong></span> <span class='ocrx_word' id='word_1_186' title='bbox 373 1502 459 1530; x_wconf 90' lang='lat' dir='ltr'>una</span> <span class='ocrx_word' id='word_1_187' title='bbox 492 1503 588 1529; x_wconf 89' lang='lat' dir='ltr'>cum</span> <span class='ocrx_word' id='word_1_188' title='bbox 622 1488 859 1530; x_wconf 87' lang='lat' dir='ltr'>architecto</span> <span class='ocrx_word' id='word_1_189' title='bbox 883 1487 1135 1529; x_wconf 72' lang='lat' dir='ltr'>Cardinalis</span> <span class='ocrx_word' id='word_1_190' title='bbox 1179 1485 1363 1538; x_wconf 87' lang='lat' dir='ltr'>Vtrique</span> <span class='ocrx_word' id='word_1_191' title='bbox 1395 1488 1544 1539; x_wconf 89' lang='lat' dir='ltr'>posset</span> <span class='ocrx_word' id='word_1_192' title='bbox 1567 1484 1818 1526; x_wconf 87' lang='lat' dir='ltr'>demandari</span> 
     </span>
     <span class='ocr_line' id='line_1_21' title="bbox 51 1549 1817 1608; baseline -0.004 -11"><span class='ocrx_word' id='word_1_193' title='bbox 51 1569 206 1597; x_wconf 88' lang='lat' dir='ltr'>munus</span> <span class='ocrx_word' id='word_1_194' title='bbox 228 1553 481 1608; x_wconf 88' lang='lat' dir='ltr'>inspiciendi</span> <span class='ocrx_word' id='word_1_195' title='bbox 508 1557 552 1595; x_wconf 84' lang='lat' dir='ltr'>et</span> <span class='ocrx_word' id='word_1_196' title='bbox 574 1553 790 1595; x_wconf 87' lang='lat' dir='ltr'>iudicandi</span> <span class='ocrx_word' id='word_1_197' title='bbox 813 1551 1122 1595; x_wconf 85' lang='lat' dir='ltr'>monasterium</span> <span class='ocrx_word' id='word_1_198' title='bbox 1135 1558 1159 1602; x_wconf 65' lang='lat'>⁰,</span> <span class='ocrx_word' id='word_1_199' title='bbox 1195 1551 1305 1603; x_wconf 89' lang='lat' dir='ltr'>quod</span> <span class='ocrx_word' id='word_1_200' title='bbox 1329 1550 1490 1593; x_wconf 85' lang='lat' dir='ltr'>nostris</span> <span class='ocrx_word' id='word_1_201' title='bbox 1513 1549 1817 1605; x_wconf 87' lang='lat' dir='ltr'>applicandum</span> 
     </span>
     <span class='ocr_line' id='line_1_22' title="bbox 53 1615 1818 1671; baseline -0.004 -9"><span class='ocrx_word' id='word_1_202' title='bbox 53 1622 133 1671; x_wconf 89' lang='lat' dir='ltr'>est,</span> <span class='ocrx_word' id='word_1_203' title='bbox 176 1620 288 1662; x_wconf 87' lang='lat' dir='ltr'>sitne</span> <span class='ocrx_word' id='word_1_204' title='bbox 328 1618 443 1661; x_wconf 89' lang='lat' dir='ltr'>illius</span> <span class='ocrx_word' id='word_1_205' title='bbox 480 1618 693 1662; x_wconf 87' lang='lat' dir='ltr'>habitatio</span> <span class='ocrx_word' id='word_1_206' title='bbox 726 1618 888 1660; x_wconf 89' lang='lat' dir='ltr'>nostris</span> <span class='ocrx_word' id='word_1_207' title='bbox 920 1617 1086 1667; x_wconf 88' lang='lat' dir='ltr'>idonea,</span> <span class='ocrx_word' id='word_1_208' title='bbox 1131 1619 1175 1659; x_wconf 90' lang='lat' dir='ltr'>et</span> <span class='ocrx_word' id='word_1_209' title='bbox 1207 1630 1318 1669; x_wconf 89' lang='lat' dir='ltr'>quae</span> <span class='ocrx_word' id='word_1_210' title='bbox 1351 1615 1405 1657; x_wconf 85' lang='lat' dir='ltr'>ad</span> <span class='ocrx_word' id='word_1_211' title='bbox 1437 1629 1540 1657; x_wconf 90' lang='lat' dir='ltr'>usus</span> <span class='ocrx_word' id='word_1_212' title='bbox 1572 1619 1818 1657; x_wconf 86' lang='lat' dir='ltr'>nostrorum</span> 
     </span>
     <span class='ocr_line' id='line_1_23' title="bbox 53 1680 1819 1737; baseline -0.003 -10"><span class='ocrx_word' id='word_1_213' title='bbox 53 1683 289 1727; x_wconf 78' lang='lat' dir='ltr'>domiciliaf</span> <span class='ocrx_word' id='word_1_214' title='bbox 329 1687 585 1737; x_wconf 86' lang='lat' dir='ltr'>congruant.</span> <span class='ocrx_word' id='word_1_215' title='bbox 658 1683 824 1725; x_wconf 88' lang='lat' dir='ltr'>Deinde</span> <span class='ocrx_word' id='word_1_216' title='bbox 865 1697 950 1724; x_wconf 93' lang='lat' dir='ltr'>non</span> <span class='ocrx_word' id='word_1_217' title='bbox 991 1682 1116 1723; x_wconf 91' lang='lat' dir='ltr'>modo</span> <span class='ocrx_word' id='word_1_218' title='bbox 1166 1680 1419 1723; x_wconf 89' lang='lat' dir='ltr'>aedificandi</span> <span class='ocrx_word' id='word_1_219' title='bbox 1460 1680 1645 1722; x_wconf 87' lang='lat' dir='ltr'>formam</span> <span class='ocrx_word' id='word_1_220' title='bbox 1692 1693 1819 1734; x_wconf 89' lang='lat' dir='ltr'>prae—</span> 
     </span>
     <span class='ocr_line' id='line_1_24' title="bbox 53 1746 1820 1800; baseline -0.003 -8"><span class='ocrx_word' id='word_1_221' title='bbox 53 1750 305 1800; x_wconf 84' lang='lat' dir='ltr'>scriberent,</span> <span class='ocrx_word' id='word_1_222' title='bbox 338 1749 414 1791; x_wconf 89' lang='lat' dir='ltr'>sed</span> <span class='ocrx_word' id='word_1_223' title='bbox 443 1750 574 1792; x_wconf 87' lang='lat' dir='ltr'>etiam</span> <span class='ocrx_word' id='word_1_224' title='bbox 599 1749 865 1791; x_wconf 87' lang='lat' dir='ltr'>conditiones</span> <span class='ocrx_word' id='word_1_225' title='bbox 889 1749 942 1790; x_wconf 87' lang='lat' dir='ltr'>ad</span> <span class='ocrx_word' id='word_1_226' title='bbox 966 1746 1142 1800; x_wconf 86' lang='lat' dir='ltr'>Collegij</span> <span class='ocrx_word' id='word_1_227' title='bbox 1166 1746 1482 1789; x_wconf 78' lang='lat' dir='ltr'>institutionem</span> <span class='ocrx_word' id='word_1_228' title='bbox 1515 1746 1690 1800; x_wconf 89' lang='lat' dir='ltr'>propius</span> <span class='ocrx_word' id='word_1_229' title='bbox 1723 1759 1820 1799; x_wconf 88' lang='lat' dir='ltr'>per-</span> 
     </span>
     <span class='ocr_line' id='line_1_25' title="bbox 54 1811 1820 1868; baseline -0.003 -11"><span class='ocrx_word' id='word_1_230' title='bbox 54 1816 244 1858; x_wconf 85' lang='lat' dir='ltr'>tinentes</span> <span class='ocrx_word' id='word_1_231' title='bbox 285 1815 568 1868; x_wconf 76' lang='lat' dir='ltr'>explicarent,</span> <span class='ocrx_word' id='word_1_232' title='bbox 611 1814 724 1856; x_wconf 85' lang='lat' dir='ltr'>sicut</span> <span class='ocrx_word' id='word_1_233' title='bbox 764 1813 903 1855; x_wconf 87' lang='lat' dir='ltr'>visum</span> <span class='ocrx_word' id='word_1_234' title='bbox 946 1813 1029 1855; x_wconf 90' lang='lat' dir='ltr'>erit</span> <span class='ocrx_word' id='word_1_235' title='bbox 1060 1812 1314 1854; x_wconf 85' lang='lat' dir='ltr'>Reuerende</span> <span class='ocrx_word' id='word_1_236' title='bbox 1347 1811 1611 1853; x_wconf 86' lang='lat' dir='ltr'>Paternitati</span> <span class='ocrx_word' id='word_1_237' title='bbox 1644 1811 1691 1853; x_wconf 90' lang='lat' dir='ltr'>T.</span> <span class='ocrx_word' id='word_1_238' title='bbox 1756 1811 1820 1852; x_wconf 90' lang='lat' dir='ltr'>De</span> 
     </span>
     <span class='ocr_line' id='line_1_26' title="bbox 55 1876 1822 1934; baseline -0.003 -12"><span class='ocrx_word' id='word_1_239' title='bbox 55 1880 208 1934; x_wconf 88' lang='lat' dir='ltr'>quibus</span> <span class='ocrx_word' id='word_1_240' title='bbox 231 1880 426 1922; x_wconf 86' lang='lat' dir='ltr'>omnibus</span> <span class='ocrx_word' id='word_1_241' title='bbox 449 1880 485 1921; x_wconf 90' lang='lat' dir='ltr'>si</span> <span class='ocrx_word' id='word_1_242' title='bbox 508 1879 772 1930; x_wconf 87' lang='lat' dir='ltr'>conueniret,</span> <span class='ocrx_word' id='word_1_243' title='bbox 799 1878 891 1920; x_wconf 87' lang='lat' dir='ltr'>fieri</span> <span class='ocrx_word' id='word_1_244' title='bbox 909 1878 1097 1921; x_wconf 87' lang='lat' dir='ltr'>fortasse</span> <span class='ocrx_word' id='word_1_245' title='bbox 1119 1880 1280 1931; x_wconf 86' lang='lat' dir='ltr'>posset,</span> <span class='ocrx_word' id='word_1_246' title='bbox 1305 1880 1353 1919; x_wconf 91' lang='lat' dir='ltr'>ut</span> <span class='ocrx_word' id='word_1_247' title='bbox 1370 1877 1580 1919; x_wconf 86' lang='lat' dir='ltr'>absolutis</span> <span class='ocrx_word' id='word_1_248' title='bbox 1595 1876 1822 1929; x_wconf 83' lang='lat' dir='ltr'>Augustae</span> 
     </span>
     <span class='ocr_line' id='line_1_27' title="bbox 56 1941 1820 1999; baseline -0.003 -12"><span class='ocrx_word' id='word_1_249' title='bbox 56 1945 242 1999; x_wconf 83' lang='lat' dir='ltr'>comitijs</span> <span class='ocrx_word' id='word_1_250' title='bbox 263 1945 310 1987; x_wconf 93' lang='lat' dir='ltr'>P.</span> <span class='ocrx_word' id='word_1_251' title='bbox 334 1945 578 1986; x_wconf 55' lang='grc' dir='ltr'>Μ61111111132</span> <span class='ocrx_word' id='word_1_252' title='bbox 609 1944 652 1986; x_wconf 88' lang='lat' dir='ltr'>in</span> <span class='ocrx_word' id='word_1_253' title='bbox 685 1958 762 1986; x_wconf 90' lang='lat' dir='ltr'>suo</span> <span class='ocrx_word' id='word_1_254' title='bbox 795 1943 1075 1986; x_wconf 87' lang='lat' dir='ltr'>concionandi</span> <span class='ocrx_word' id='word_1_255' title='bbox 1108 1956 1283 1984; x_wconf 88' lang='lat' dir='ltr'>munere</span> <span class='ocrx_word' id='word_1_256' title='bbox 1316 1943 1410 1983; x_wconf 90' lang='lat' dir='ltr'>loco</span> <span class='ocrx_word' id='word_1_257' title='bbox 1433 1955 1527 1983; x_wconf 90' lang='grc'>11160</span> <span class='ocrx_word' id='word_1_258' title='bbox 1555 1941 1820 1991; x_wconf 76' lang='lat' dir='ltr'>succederet,</span> 
     </span>
     <span class='ocr_line' id='line_1_28' title="bbox 58 2006 1821 2064; baseline -0.003 -11"><span class='ocrx_word' id='word_1_259' title='bbox 58 2014 100 2053; x_wconf 88' lang='lat' dir='ltr'>et</span> <span class='ocrx_word' id='word_1_260' title='bbox 133 2024 212 2063; x_wconf 87' lang='lat' dir='ltr'>ego</span> <span class='ocrx_word' id='word_1_261' title='bbox 236 2010 503 2064; x_wconf 88' lang='lat' dir='ltr'>Herbipolim</span> <span class='ocrx_word' id='word_1_262' title='bbox 536 2009 770 2063; x_wconf 78' lang='lat' dir='ltr'>profectus,</span> <span class='ocrx_word' id='word_1_263' title='bbox 805 2023 890 2050; x_wconf 91' lang='lat' dir='ltr'>non</span> <span class='ocrx_word' id='word_1_264' title='bbox 913 2008 1186 2050; x_wconf 88' lang='lat' dir='ltr'>concionibus</span> <span class='ocrx_word' id='word_1_265' title='bbox 1218 2011 1402 2057; x_wconf 85' lang='lat' dir='ltr'>tantum,</span> <span class='ocrx_word' id='word_1_266' title='bbox 1437 2007 1510 2048; x_wconf 89' lang='lat' dir='ltr'>sed</span> <span class='ocrx_word' id='word_1_267' title='bbox 1546 2006 1676 2049; x_wconf 86' lang='lat' dir='ltr'>etiam</span> <span class='ocrx_word' id='word_1_268' title='bbox 1710 2020 1821 2048; x_wconf 89' lang='lat' dir='ltr'>nouo</span> 
     </span>
     <span class='ocr_line' id='line_1_29' title="bbox 57 2072 1820 2129; baseline -0.002 -12"><span class='ocrx_word' id='word_1_269' title='bbox 57 2076 247 2129; x_wconf 80' lang='lat' dir='ltr'>Collegio</span> <span class='ocrx_word' id='word_1_270' title='bbox 290 2075 530 2117; x_wconf 77' lang='lat' dir='ltr'>extruendo</span> <span class='ocrx_word' id='word_1_271' title='bbox 579 2077 622 2116; x_wconf 88' lang='lat' dir='ltr'>et</span> <span class='ocrx_word' id='word_1_272' title='bbox 662 2074 873 2128; x_wconf 88' lang='lat' dir='ltr'>paulatim</span> <span class='ocrx_word' id='word_1_273' title='bbox 916 2073 1217 2116; x_wconf 87' lang='lat' dir='ltr'>constituendo</span> <span class='ocrx_word' id='word_1_274' title='bbox 1259 2086 1399 2114; x_wconf 88' lang='lat' dir='ltr'>meam</span> <span class='ocrx_word' id='word_1_275' title='bbox 1442 2086 1618 2126; x_wconf 87' lang='lat' dir='ltr'>operam</span> <span class='ocrx_word' id='word_1_276' title='bbox 1660 2072 1820 2114; x_wconf 86' lang='lat' dir='ltr'>darem.</span> 
     </span>
     <span class='ocr_line' id='line_1_30' title="bbox 59 2137 1822 2192; baseline -0.002 -11"><span class='ocrx_word' id='word_1_277' title='bbox 59 2141 196 2182; x_wconf 66' lang='lat' dir='ltr'>Video</span> <span class='ocrx_word' id='word_1_278' title='bbox 218 2140 390 2183; x_wconf 90' lang='lat' dir='ltr'>interim</span> <span class='ocrx_word' id='word_1_279' title='bbox 414 2140 459 2182; x_wconf 85' lang='lat' dir='ltr'>P.</span> <span class='ocrx_word' id='word_1_280' title='bbox 484 2140 718 2182; x_wconf 87' lang='lat' dir='ltr'>Martinum</span> <span class='ocrx_word' id='word_1_281' title='bbox 743 2153 951 2192; x_wconf 85' lang='lat' dir='ltr'>nusquam</span> <span class='ocrx_word' id='word_1_282' title='bbox 977 2139 1225 2181; x_wconf 85' lang='lat' dir='ltr'>habiturum</span> <span class='ocrx_word' id='word_1_283' title='bbox 1248 2137 1406 2180; x_wconf 87' lang='lat' dir='ltr'>rectius</span> <span class='ocrx_word' id='word_1_284' title='bbox 1431 2151 1558 2190; x_wconf 89' lang='lat' dir='ltr'>quam</span> <span class='ocrx_word' id='word_1_285' title='bbox 1582 2138 1822 2190; x_wconf 84' lang='lat' dir='ltr'>August-ae,</span> 
     </span>
     <span class='ocr_line' id='line_1_31' title="bbox 59 2204 1169 2260; baseline -0.002 -12"><span class='ocrx_word' id='word_1_286' title='bbox 59 2208 111 2249; x_wconf 90' lang='lat' dir='ltr'>de</span> <span class='ocrx_word' id='word_1_287' title='bbox 144 2220 226 2260; x_wconf 92' lang='lat' dir='ltr'>quo</span> <span class='ocrx_word' id='word_1_288' title='bbox 260 2207 384 2260; x_wconf 88' lang='lat' dir='ltr'>plura</span> <span class='ocrx_word' id='word_1_289' title='bbox 416 2204 639 2258; x_wconf 87' lang='lat' dir='ltr'>scripserit</span> <span class='ocrx_word' id='word_1_290' title='bbox 671 2205 832 2247; x_wconf 81' lang='lat' dir='ltr'>Rector</span> <span class='ocrx_word' id='word_1_291' title='bbox 863 2204 1127 2257; x_wconf 87' lang='lat' dir='ltr'>Dilingensis</span> <span class='ocrx_word' id='word_1_292' title='bbox 1141 2204 1169 2246; x_wconf 77' lang='lat'>3.</span> 
     </span>
    </p>

    <p class='ocr_par' dir='ltr' id='par_1_3' title="bbox 60 2266 1824 2519">
     <span class='ocr_line' id='line_1_32' title="bbox 90 2266 1821 2325; baseline -0.004 -11"><span class='ocrx_word' id='word_1_293' title='bbox 90 2322 97 2323; x_wconf 16' lang='grc' dir='ltr'><strong><em>ἶ</em></strong></span> <span class='ocrx_word' id='word_1_294' title='bbox 177 2272 323 2325; x_wconf 87' lang='lat' dir='ltr'>Rogat</span> <span class='ocrx_word' id='word_1_295' title='bbox 346 2269 631 2312; x_wconf 75' lang='lat' dir='ltr'>provincialis</span> <span class='ocrx_word' id='word_1_296' title='bbox 654 2269 907 2320; x_wconf 79' lang='lat' dir='ltr'>Rhenensis,</span> <span class='ocrx_word' id='word_1_297' title='bbox 932 2271 979 2312; x_wconf 91' lang='lat' dir='ltr'>ut</span> <span class='ocrx_word' id='word_1_298' title='bbox 1001 2269 1194 2323; x_wconf 90' lang='lat' dir='ltr'>pluribus</span> <span class='ocrx_word' id='word_1_299' title='bbox 1217 2270 1260 2309; x_wconf 88' lang='lat' dir='ltr'>et</span> <span class='ocrx_word' id='word_1_300' title='bbox 1283 2267 1540 2321; x_wconf 88' lang='lat' dir='ltr'>praesertim</span> <span class='ocrx_word' id='word_1_301' title='bbox 1564 2266 1794 2318; x_wconf 82' lang='lat' dir='ltr'>Theologis</span> <span class='ocrx_word' id='word_1_302' title='bbox 1812 2273 1821 2289; x_wconf 39' lang='grc' dir='ltr'>ἒ-</span> 
     </span>
     <span class='ocr_line' id='line_1_33' title="bbox 60 2332 1821 2391; baseline -0.003 -13"><span class='ocrx_word' id='word_1_303' title='bbox 60 2336 304 2391; x_wconf 87' lang='lat' dir='ltr'>prouintiae</span> <span class='ocrx_word' id='word_1_304' title='bbox 336 2349 440 2377; x_wconf 88' lang='lat' dir='ltr'>suae</span> <span class='ocrx_word' id='word_1_305' title='bbox 474 2335 600 2377; x_wconf 86' lang='lat' dir='ltr'>detur</span> <span class='ocrx_word' id='word_1_306' title='bbox 622 2335 808 2376; x_wconf 86' lang='lat' dir='ltr'>facultas</span> <span class='ocrx_word' id='word_1_307' title='bbox 830 2334 1062 2377; x_wconf 88' lang='lat' dir='ltr'>haereticis</span> <span class='ocrx_word' id='word_1_308' title='bbox 1084 2333 1204 2375; x_wconf 87' lang='lat' dir='ltr'>libris</span> <span class='ocrx_word' id='word_1_309' title='bbox 1227 2332 1375 2375; x_wconf 86' lang='lat' dir='ltr'>utendi</span> <span class='ocrx_word' id='word_1_310' title='bbox 1389 2334 1418 2374; x_wconf 68' lang='lat'>4.</span> <span class='ocrx_word' id='word_1_311' title='bbox 1471 2333 1655 2374; x_wconf 59' lang='grc' dir='ltr'>ι1110111111</span> <span class='ocrx_word' id='word_1_312' title='bbox 1679 2334 1821 2373; x_wconf 87' lang='lat' dir='ltr'>autem</span> 
     </span>
     <span class='ocr_line' id='line_1_34' title="bbox 60 2396 1824 2453; baseline -0.003 -10"><span class='ocrx_word' id='word_1_313' title='bbox 60 2402 234 2444; x_wconf 85' lang='lat' dir='ltr'>nomina</span> <span class='ocrx_word' id='word_1_314' title='bbox 275 2415 329 2443; x_wconf 77' lang='lat' dir='ltr'>ex</span> <span class='ocrx_word' id='word_1_315' title='bbox 362 2400 563 2442; x_wconf 86' lang='lat' dir='ltr'>adiuncto</span> <span class='ocrx_word' id='word_1_316' title='bbox 596 2400 734 2442; x_wconf 89' lang='lat' dir='ltr'>indice</span> <span class='ocrx_word' id='word_1_317' title='bbox 767 2403 1094 2453; x_wconf 87' lang='lat' dir='ltr'>cognoscentur,</span> <span class='ocrx_word' id='word_1_318' title='bbox 1138 2399 1190 2440; x_wconf 86' lang='lat' dir='ltr'>de</span> <span class='ocrx_word' id='word_1_319' title='bbox 1229 2399 1381 2451; x_wconf 87' lang='lat' dir='ltr'>quibus</span> <span class='ocrx_word' id='word_1_320' title='bbox 1414 2397 1621 2439; x_wconf 78' lang='lat' dir='ltr'>admoniti</span> <span class='ocrx_word' id='word_1_321' title='bbox 1655 2396 1824 2438; x_wconf 87' lang='lat' dir='ltr'>Domini</span> 
     </span>
     <span class='ocr_line' id='line_1_35' title="bbox 60 2465 1337 2519; baseline -0.002 -12"><span class='ocrx_word' id='word_1_322' title='bbox 60 2467 364 2519; x_wconf 38' lang='lat' dir='ltr'>‚Inquisitorem</span> <span class='ocrx_word' id='word_1_323' title='bbox 399 2468 446 2507; x_wconf 90' lang='lat' dir='ltr'>ut</span> <span class='ocrx_word' id='word_1_324' title='bbox 479 2478 716 2519; x_wconf 87' lang='lat' dir='ltr'>speramus,</span> <span class='ocrx_word' id='word_1_325' title='bbox 750 2479 836 2506; x_wconf 88' lang='lat' dir='ltr'>non</span> <span class='ocrx_word' id='word_1_326' title='bbox 869 2465 1101 2507; x_wconf 87' lang='lat' dir='ltr'>difficulter</span> <span class='ocrx_word' id='word_1_327' title='bbox 1133 2466 1337 2506; x_wconf 86' lang='lat' dir='ltr'>annuent.</span> 
     </span>
    </p>

    <p class='ocr_par' dir='ltr' id='par_1_4' title="bbox 64 2526 1828 2650">
     <span class='ocr_line' id='line_1_36' title="bbox 182 2526 1825 2584; baseline -0.004 -12"><span class='ocrx_word' id='word_1_328' title='bbox 182 2531 365 2584; x_wconf 84' lang='lat' dir='ltr'>Reliqua</span> <span class='ocrx_word' id='word_1_329' title='bbox 398 2544 452 2572; x_wconf 80' lang='lat' dir='ltr'>ex</span> <span class='ocrx_word' id='word_1_330' title='bbox 485 2529 700 2572; x_wconf 90' lang='lat' dir='ltr'>adiunctis</span> <span class='ocrx_word' id='word_1_331' title='bbox 732 2530 869 2572; x_wconf 86' lang='lat' dir='ltr'>literis</span> <span class='ocrx_word' id='word_1_332' title='bbox 902 2530 1213 2582; x_wconf 85' lang='lat' dir='ltr'>intelligentur.</span> <span class='ocrx_word' id='word_1_333' title='bbox 1270 2527 1482 2581; x_wconf 86' lang='lat' dir='ltr'>Propitius</span> <span class='ocrx_word' id='word_1_334' title='bbox 1515 2527 1570 2569; x_wconf 83' lang='lat' dir='ltr'>sit</span> <span class='ocrx_word' id='word_1_335' title='bbox 1603 2526 1705 2568; x_wconf 85' lang='lat' dir='ltr'>mihi</span> <span class='ocrx_word' id='word_1_336' title='bbox 1738 2526 1825 2567; x_wconf 91' lang='lat' dir='ltr'>Do-</span> 
     </span>
     <span class='ocr_line' id='line_1_37' title="bbox 64 2586 1828 2650; baseline -0.003 -13"><span class='ocrx_word' id='word_1_337' title='bbox 64 2596 202 2638; x_wconf 88' lang='lat' dir='ltr'>minus</span> <span class='ocrx_word' id='word_1_338' title='bbox 224 2596 266 2637; x_wconf 89' lang='lat' dir='ltr'>in</span> <span class='ocrx_word' id='word_1_339' title='bbox 289 2595 556 2650; x_wconf 85' lang='lat' dir='ltr'>profectione</span> <span class='ocrx_word' id='word_1_340' title='bbox 581 2609 656 2648; x_wconf 91' lang='lat' dir='ltr'>per</span> <span class='ocrx_word' id='word_1_341' title='bbox 673 2595 884 2637; x_wconf 88' lang='lat' dir='ltr'>sacrificia</span> <span class='ocrx_word' id='word_1_342' title='bbox 902 2598 945 2637; x_wconf 90' lang='lat' dir='ltr'>et</span> <span class='ocrx_word' id='word_1_343' title='bbox 968 2608 1116 2649; x_wconf 86' lang='lat' dir='ltr'>preces</span> <span class='ocrx_word' id='word_1_344' title='bbox 1136 2586 1389 2635; x_wconf 79' lang='lat' dir='ltr'>Reuerende</span> <span class='ocrx_word' id='word_1_345' title='bbox 1408 2593 1452 2635; x_wconf 85' lang='lat' dir='ltr'>P.</span> <span class='ocrx_word' id='word_1_346' title='bbox 1467 2592 1514 2634; x_wconf 90' lang='lat' dir='ltr'>T.</span> <span class='ocrx_word' id='word_1_347' title='bbox 1529 2592 1573 2634; x_wconf 89' lang='grc' dir='ltr'>Ρ.</span> <span class='ocrx_word' id='word_1_348' title='bbox 1588 2591 1828 2632; x_wconf 72' lang='lat' dir='ltr'>Euerardi5</span> 
     </span>
    </p>
   </div>
   <div class='ocr_carea' id='block_1_3' title="bbox 65 2690 1828 2807">
    <p class='ocr_par' dir='ltr' id='par_1_5' title="bbox 65 2690 1828 2807">
     <span class='ocr_line' id='line_1_38' title="bbox 184 2690 1815 2724; baseline -0.004 -6"><span class='ocrx_word' id='word_1_349' title='bbox 184 2695 211 2724; x_wconf 82' lang='lat' dir='ltr'>a)</span> <span class='ocrx_word' id='word_1_350' title='bbox 239 2694 285 2717; x_wconf 72' lang='lat' dir='ltr'>Sic</span> <span class='ocrx_word' id='word_1_351' title='bbox 307 2693 334 2717; x_wconf 75' lang='lat' dir='ltr'>in</span> <span class='ocrx_word' id='word_1_352' title='bbox 356 2694 434 2717; x_wconf 68' lang='lat' dir='ltr'>arch.</span> <span class='ocrx_word' id='word_1_353' title='bbox 455 2700 529 2717; x_wconf 62' lang='lat' dir='ltr'>carr.</span> <span class='ocrx_word' id='word_1_354' title='bbox 550 2696 590 2717; x_wconf 67' lang='lat' dir='ltr'>e-st</span> <span class='ocrx_word' id='word_1_355' title='bbox 611 2701 646 2717; x_wconf 67' lang='lat' dir='ltr'>ea·</span> <span class='ocrx_word' id='word_1_356' title='bbox 664 2691 798 2718; x_wconf 75' lang='lat' dir='ltr'>mittant.</span> <span class='ocrx_word' id='word_1_357' title='bbox 878 2691 908 2723; x_wconf 87' lang='grc'>1))</span> <span class='ocrx_word' id='word_1_358' title='bbox 930 2693 962 2716; x_wconf 79' lang='lat' dir='ltr'>In</span> <span class='ocrx_word' id='word_1_359' title='bbox 985 2693 1064 2716; x_wconf 55' lang='lat' dir='ltr'>areli.</span> <span class='ocrx_word' id='word_1_360' title='bbox 1084 2692 1217 2723; x_wconf 60' lang='lat' dir='ltr'>seqnitur</span> <span class='ocrx_word' id='word_1_361' title='bbox 1238 2697 1332 2720; x_wconf 72' lang='lat' dir='ltr'>suam,</span> <span class='ocrx_word' id='word_1_362' title='bbox 1359 2691 1564 2714; x_wconf 67' lang='lat' dir='ltr'>abe&#39;ittemmm.</span> <span class='ocrx_word' id='word_1_363' title='bbox 1640 2694 1665 2713; x_wconf 70' lang='lat' dir='ltr'>cl</span> <span class='ocrx_word' id='word_1_364' title='bbox 1688 2690 1719 2713; x_wconf 68' lang='lat' dir='ltr'>In</span> <span class='ocrx_word' id='word_1_365' title='bbox 1747 2690 1815 2713; x_wconf 73' lang='lat' dir='ltr'>arch</span> 
     </span>
     <span class='ocr_line' id='line_1_39' title="bbox 65 2730 1828 2766; baseline -0.001 -8"><span class='ocrx_word' id='word_1_366' title='bbox 65 2736 196 2766; x_wconf 57' lang='lat' dir='ltr'>sequitur</span> <span class='ocrx_word' id='word_1_367' title='bbox 215 2735 271 2765; x_wconf 77' lang='lat' dir='ltr'>ius,</span> <span class='ocrx_word' id='word_1_368' title='bbox 297 2735 385 2758; x_wconf 59' lang='lat' dir='ltr'>obliti:</span> <span class='ocrx_word' id='word_1_369' title='bbox 471 2734 500 2761; x_wconf 71' lang='lat' dir='ltr'>‹l›</span> <span class='ocrx_word' id='word_1_370' title='bbox 526 2735 558 2758; x_wconf 83' lang='lat' dir='ltr'>In</span> <span class='ocrx_word' id='word_1_371' title='bbox 579 2735 658 2758; x_wconf 71' lang='lat' dir='ltr'>areli.</span> <span class='ocrx_word' id='word_1_372' title='bbox 678 2735 810 2765; x_wconf 66' lang='lat' dir='ltr'>sequitur</span> <span class='ocrx_word' id='word_1_373' title='bbox 829 2740 855 2763; x_wconf 83' lang='lat' dir='ltr'>a,</span> <span class='ocrx_word' id='word_1_374' title='bbox 882 2735 971 2758; x_wconf 72' lang='lat' dir='ltr'>oblitt.</span> <span class='ocrx_word' id='word_1_375' title='bbox 1057 2735 1083 2764; x_wconf 82' lang='lat' dir='ltr'>e)</span> <span class='ocrx_word' id='word_1_376' title='bbox 1105 2734 1152 2757; x_wconf 59' lang='lat' dir='ltr'>isir-</span> <span class='ocrx_word' id='word_1_377' title='bbox 1179 2733 1206 2756; x_wconf 69' lang='lat' dir='ltr'>in</span> <span class='ocrx_word' id='word_1_378' title='bbox 1228 2733 1307 2756; x_wconf 66' lang='lat' dir='ltr'>arch.</span> <span class='ocrx_word' id='word_1_379' title='bbox 1328 2735 1484 2756; x_wconf 47' lang='lat' dir='ltr'>correction</span> <span class='ocrx_word' id='word_1_380' title='bbox 1512 2735 1551 2754; x_wconf 64' lang='lat' dir='ltr'>est</span> <span class='ocrx_word' id='word_1_381' title='bbox 1579 2739 1614 2755; x_wconf 60' lang='lat' dir='ltr'>m·</span> <span class='ocrx_word' id='word_1_382' title='bbox 1642 2730 1828 2761; x_wconf 75' lang='lat' dir='ltr'>monasterii.</span> 
     </span>
     <span class='ocr_line' id='line_1_40' title="bbox 66 2773 1824 2807; baseline -0.002 -7"><span class='ocrx_word' id='word_1_383' title='bbox 66 2777 89 2806; x_wconf 78' lang='lat' dir='ltr'>f)</span> <span class='ocrx_word' id='word_1_384' title='bbox 117 2778 149 2800; x_wconf 73' lang='lat' dir='ltr'>In</span> <span class='ocrx_word' id='word_1_385' title='bbox 177 2777 255 2800; x_wconf 71' lang='lat' dir='ltr'>areli.</span> <span class='ocrx_word' id='word_1_386' title='bbox 276 2776 409 2807; x_wconf 51' lang='lat' dir='ltr'>ste-secitur</span> <span class='ocrx_word' id='word_1_387' title='bbox 434 2774 558 2803; x_wconf 77' lang='lat' dir='ltr'>curaild,</span> <span class='ocrx_word' id='word_1_388' title='bbox 584 2776 673 2799; x_wconf 66' lang='lat' dir='ltr'>oblim.</span> <span class='ocrx_word' id='word_1_389' title='bbox 765 2776 796 2806; x_wconf 71' lang='lat' dir='ltr'>g)</span> <span class='ocrx_word' id='word_1_390' title='bbox 827 2776 889 2799; x_wconf 77' lang='lat' dir='ltr'>Duo</span> <span class='ocrx_word' id='word_1_391' title='bbox 918 2783 958 2799; x_wconf 65' lang='lat' dir='ltr'>Fr.</span> <span class='ocrx_word' id='word_1_392' title='bbox 978 2784 1034 2805; x_wconf 62' lang='lat' dir='ltr'>sqq.</span> <span class='ocrx_word' id='word_1_393' title='bbox 1058 2775 1084 2798; x_wconf 70' lang='lat' dir='ltr'>in</span> <span class='ocrx_word' id='word_1_394' title='bbox 1113 2775 1191 2798; x_wconf 66' lang='lat' dir='ltr'>arc-Ie.</span> <span class='ocrx_word' id='word_1_395' title='bbox 1212 2774 1272 2798; x_wconf 66' lang='lat' dir='ltr'>&lt;dia</span> <span class='ocrx_word' id='word_1_396' title='bbox 1300 2782 1387 2797; x_wconf 64' lang='lat' dir='ltr'>mmm(</span> <span class='ocrx_word' id='word_1_397' title='bbox 1414 2773 1572 2803; x_wconf 61' lang='lat' dir='ltr'>(Vim-leiim</span> <span class='ocrx_word' id='word_1_398' title='bbox 1593 2780 1683 2803; x_wconf 67' lang='lat' dir='ltr'>snpra</span> <span class='ocrx_word' id='word_1_399' title='bbox 1714 2780 1824 2797; x_wconf 62' lang='lat' dir='ltr'>versam</span> 
     </span>
    </p>
   </div>
   <div class='ocr_carea' id='block_1_4' title="bbox 66 2818 272 2849">
    <p class='ocr_par' dir='ltr' id='par_1_6' title="bbox 66 2818 272 2849">
     <span class='ocr_line' id='line_1_41' title="bbox 66 2818 272 2849; baseline -0.005 -7"><span class='ocrx_word' id='word_1_400' title='bbox 66 2818 175 2849; x_wconf 70' lang='lat' dir='ltr'>scripta</span> <span class='ocrx_word' id='word_1_401' title='bbox 197 2821 272 2842; x_wconf 61' lang='lat' dir='ltr'>sunt.</span> 
     </span>
    </p>
   </div>
   <div class='ocr_carea' id='block_1_5' title="bbox 69 2925 1828 3235">
    <p class='ocr_par' dir='ltr' id='par_1_7' title="bbox 69 2925 1825 3026">
     <span class='ocr_line' id='line_1_42' title="bbox 190 2925 1825 2973; baseline -0.002 -10"><span class='ocrx_word' id='word_1_402' title='bbox 190 2930 199 2949; x_wconf 81' lang='lat'>¹</span> <span class='ocrx_word' id='word_1_403' title='bbox 227 2928 392 2973; x_wconf 87' lang='lat' dir='ltr'>Episcopi</span> <span class='ocrx_word' id='word_1_404' title='bbox 427 2928 695 2973; x_wconf 85' lang='lat' dir='ltr'>herbipolenses</span> <span class='ocrx_word' id='word_1_405' title='bbox 730 2929 907 2972; x_wconf 85' lang='lat' dir='ltr'>iidemque</span> <span class='ocrx_word' id='word_1_406' title='bbox 935 2927 1106 2961; x_wconf 76' lang='lat' dir='ltr'>Franciae</span> <span class='ocrx_word' id='word_1_407' title='bbox 1133 2926 1317 2960; x_wconf 79' lang='lat' dir='ltr'>orientalis</span> <span class='ocrx_word' id='word_1_408' title='bbox 1353 2926 1461 2959; x_wconf 87' lang='lat' dir='ltr'>duces</span> <span class='ocrx_word' id='word_1_409' title='bbox 1496 2926 1616 2959; x_wconf 83' lang='lat' dir='ltr'>sedem</span> <span class='ocrx_word' id='word_1_410' title='bbox 1648 2925 1825 2960; x_wconf 75' lang='lat' dir='ltr'>habebant</span> 
     </span>
     <span class='ocr_line' id='line_1_43' title="bbox 69 2981 1184 3026; baseline -0.002 -11"><span class='ocrx_word' id='word_1_411' title='bbox 69 2982 103 3015; x_wconf 86' lang='lat' dir='ltr'>in</span> <span class='ocrx_word' id='word_1_412' title='bbox 131 2994 211 3015; x_wconf 81' lang='lat' dir='ltr'>arce</span> <span class='ocrx_word' id='word_1_413' title='bbox 238 2981 467 3024; x_wconf 84' lang='lat' dir='ltr'>Marienberg</span> <span class='ocrx_word' id='word_1_414' title='bbox 494 2993 602 3026; x_wconf 84' lang='lat' dir='ltr'>prope</span> <span class='ocrx_word' id='word_1_415' title='bbox 629 2981 751 3015; x_wconf 86' lang='lat' dir='ltr'>urbem</span> <span class='ocrx_word' id='word_1_416' title='bbox 780 2982 813 3014; x_wconf 87' lang='grc'>10</span> <span class='ocrx_word' id='word_1_417' title='bbox 840 2983 960 3014; x_wconf 85' lang='lat' dir='ltr'>monte</span> <span class='ocrx_word' id='word_1_418' title='bbox 987 2982 1184 3013; x_wconf 75' lang='lat' dir='ltr'>exstructa.</span> 
     </span>
    </p>

    <p class='ocr_par' dir='ltr' id='par_1_8' title="bbox 188 3031 1685 3079">
     <span class='ocr_line' id='line_1_44' title="bbox 188 3031 1685 3079; baseline -0.002 -11"><span class='ocrx_word' id='word_1_419' title='bbox 188 3035 200 3054; x_wconf 75' lang='lat'>2</span> <span class='ocrx_word' id='word_1_420' title='bbox 228 3033 505 3074; x_wconf 80' lang='lat' dir='ltr'>Stevordianus;</span> <span class='ocrx_word' id='word_1_421' title='bbox 534 3035 615 3068; x_wconf 78' lang='lat' dir='ltr'>vide</span> <span class='ocrx_word' id='word_1_422' title='bbox 641 3046 750 3079; x_wconf 84' lang='lat' dir='ltr'>supra</span> <span class='ocrx_word' id='word_1_423' title='bbox 777 3047 809 3078; x_wconf 83' lang='lat' dir='ltr'>p.</span> <span class='ocrx_word' id='word_1_424' title='bbox 839 3035 881 3068; x_wconf 75' lang='lat'>73</span> <span class='ocrx_word' id='word_1_425' title='bbox 911 3034 987 3067; x_wconf 71' lang='lat'>112.</span> <span class='ocrx_word' id='word_1_426' title='bbox 1134 3033 1147 3052; x_wconf 80' lang='lat'>³</span> <span class='ocrx_word' id='word_1_427' title='bbox 1175 3032 1213 3066; x_wconf 88' lang='lat' dir='ltr'>P.</span> <span class='ocrx_word' id='word_1_428' title='bbox 1240 3031 1483 3065; x_wconf 80' lang='lat' dir='ltr'>Theodericus</span> <span class='ocrx_word' id='word_1_429' title='bbox 1510 3031 1685 3066; x_wconf 86' lang='lat' dir='ltr'>Canisius.</span> 
     </span>
    </p>

    <p class='ocr_par' dir='ltr' id='par_1_9' title="bbox 190 3084 1828 3130">
     <span class='ocr_line' id='line_1_45' title="bbox 190 3084 1828 3130; baseline -0.002 -9"><span class='ocrx_word' id='word_1_430' title='bbox 190 3090 201 3107; x_wconf 72' lang='lat'>⁴</span> <span class='ocrx_word' id='word_1_431' title='bbox 228 3088 358 3121; x_wconf 79' lang='lat' dir='ltr'>Paucis</span> <span class='ocrx_word' id='word_1_432' title='bbox 376 3090 515 3121; x_wconf 79' lang='lat' dir='ltr'>tantuin</span> <span class='ocrx_word' id='word_1_433' title='bbox 537 3087 619 3121; x_wconf 78' lang='lat' dir='ltr'>data</span> <span class='ocrx_word' id='word_1_434' title='bbox 639 3090 734 3127; x_wconf 76' lang='lat' dir='ltr'>erat;</span> <span class='ocrx_word' id='word_1_435' title='bbox 760 3088 841 3120; x_wconf 86' lang='lat' dir='ltr'>vide</span> <span class='ocrx_word' id='word_1_436' title='bbox 860 3098 968 3130; x_wconf 82' lang='lat' dir='ltr'>supra</span> <span class='ocrx_word' id='word_1_437' title='bbox 988 3098 1020 3129; x_wconf 81' lang='lat' dir='ltr'>p.</span> <span class='ocrx_word' id='word_1_438' title='bbox 1039 3086 1122 3121; x_wconf 72' lang='lat'><em>11:32</em></span> <span class='ocrx_word' id='word_1_439' title='bbox 1151 3085 1195 3119; x_wconf 85' lang='lat' dir='ltr'>cf.</span> <span class='ocrx_word' id='word_1_440' title='bbox 1216 3084 1323 3118; x_wconf 79' lang='lat' dir='ltr'>etiam</span> <span class='ocrx_word' id='word_1_441' title='bbox 1343 3085 1435 3118; x_wconf 85' lang='lat' dir='ltr'>infra</span> <span class='ocrx_word' id='word_1_442' title='bbox 1453 3096 1545 3118; x_wconf 85' lang='lat' dir='ltr'>mon.</span> <span class='ocrx_word' id='word_1_443' title='bbox 1565 3096 1675 3127; x_wconf 78' lang='lat' dir='ltr'>germ.</span> <span class='ocrx_word' id='word_1_444' title='bbox 1696 3085 1717 3118; x_wconf 94' lang='lat' dir='ltr'>l.</span> <span class='ocrx_word' id='word_1_445' title='bbox 1739 3086 1828 3128; x_wconf 71' lang='lat'>(13).</span> 
     </span>
    </p>

    <p class='ocr_par' dir='ltr' id='par_1_10' title="bbox 73 3137 1825 3235">
     <span class='ocr_line' id='line_1_46' title="bbox 191 3137 1825 3184; baseline -0.001 -11"><span class='ocrx_word' id='word_1_446' title='bbox 191 3141 203 3159; x_wconf 76' lang='lat'>⁵</span> <span class='ocrx_word' id='word_1_447' title='bbox 229 3140 465 3180; x_wconf 83' lang='lat' dir='ltr'>Mercuriani,</span> <span class='ocrx_word' id='word_1_448' title='bbox 505 3141 565 3184; x_wconf 90' lang='lat' dir='ltr'>qui</span> <span class='ocrx_word' id='word_1_449' title='bbox 603 3140 798 3184; x_wconf 77' lang='lat' dir='ltr'>praepositi</span> <span class='ocrx_word' id='word_1_450' title='bbox 837 3139 1016 3182; x_wconf 80' lang='lat' dir='ltr'>generalis</span> <span class='ocrx_word' id='word_1_451' title='bbox 1056 3150 1117 3182; x_wconf 78' lang='lat' dir='ltr'>pro</span> <span class='ocrx_word' id='word_1_452' title='bbox 1155 3137 1346 3171; x_wconf 72' lang='lat' dir='ltr'>Germania</span> <span class='ocrx_word' id='word_1_453' title='bbox 1383 3142 1417 3171; x_wconf 87' lang='lat' dir='ltr'>et</span> <span class='ocrx_word' id='word_1_454' title='bbox 1452 3137 1569 3172; x_wconf 80' lang='lat' dir='ltr'>Gallia</span> <span class='ocrx_word' id='word_1_455' title='bbox 1611 3138 1825 3180; x_wconf 63' lang='lat' dir='ltr'>‚assistens“</span> 
     </span>
     <span class='ocr_line' id='line_1_47' title="bbox 73 3192 762 3235; baseline 0.003 -10"><span class='ocrx_word' id='word_1_456' title='bbox 73 3195 168 3231; x_wconf 86' lang='lat' dir='ltr'>erat;</span> <span class='ocrx_word' id='word_1_457' title='bbox 196 3192 278 3226; x_wconf 82' lang='lat' dir='ltr'>vide</span> <span class='ocrx_word' id='word_1_458' title='bbox 304 3193 397 3226; x_wconf 84' lang='lat' dir='ltr'>infra</span> <span class='ocrx_word' id='word_1_459' title='bbox 424 3205 577 3227; x_wconf 84' lang='lat' dir='ltr'>monum.</span> <span class='ocrx_word' id='word_1_460' title='bbox 604 3194 641 3227; x_wconf 86' lang='lat' dir='ltr'>it.</span> <span class='ocrx_word' id='word_1_461' title='bbox 672 3193 762 3235; x_wconf 79' lang='lat'>(⁴22).</span> 
     </span>
    </p>
   </div>
   <div class='ocr_carea' id='block_1_6' title="bbox 144 3252 1547 3289">
    <p class='ocr_par' dir='ltr' id='par_1_11' title="bbox 144 3252 1547 3289">
     <span class='ocr_line' id='line_1_48' title="bbox 144 3252 1547 3289; baseline -0.001 -9"><span class='ocrx_word' id='word_1_462' title='bbox 144 3255 267 3281; x_wconf 78' lang='lat' dir='ltr'>Braun</span> <span class='ocrx_word' id='word_1_463' title='bbox 280 3256 448 3288; x_wconf 72' lang='lat' dir='ltr'>shorger,</span> <span class='ocrx_word' id='word_1_464' title='bbox 469 3256 580 3282; x_wconf 75' lang='lat' dir='ltr'>Canisii</span> <span class='ocrx_word' id='word_1_465' title='bbox 600 3256 754 3289; x_wconf 80' lang='lat' dir='ltr'>Epistulae</span> <span class='ocrx_word' id='word_1_466' title='bbox 775 3256 805 3281; x_wconf 86' lang='lat' dir='ltr'>et</span> <span class='ocrx_word' id='word_1_467' title='bbox 825 3256 910 3282; x_wconf 64' lang='lat' dir='ltr'>Acta.</span> <span class='ocrx_word' id='word_1_468' title='bbox 933 3254 966 3282; x_wconf 74' lang='lat' dir='ltr'>V.</span> <span class='ocrx_word' id='word_1_469' title='bbox 1528 3252 1547 3281; x_wconf 55' lang='lat' dir='ltr'>§i</span> 
     </span>
    </p>
   </div>
  </div>
 </body>
</html>
