2045 3471
401 209 496 243 Mon.
517 210 585 244 749
611 209 690 244 sive
716 220 826 253 germ.
846 209 868 244 1.
891 208 981 253 (24).
1024 208 1128 242 Initio
1154 220 1200 243 m.
1219 209 1293 243 Ian.
1313 220 1343 242 a.
1362 208 1463 243 1566.
1734 210 1818 252 675

58 326 158 368 Quod
184 329 304 360 autem
329 327 373 360 ad
392 327 536 361 comitia
562 327 701 368 attinet,
733 328 898 361 Canise’us
923 327 999 371 ipse
1017 326 1204 369 Moguntia
1230 326 1285 361 27.
1304 327 1458 361 Ianuarii
1480 327 1570 362 1566
1589 327 1632 360 ad
1651 327 1819 370 Boi-giam

56 379 101 413 de
126 380 215 414 duce
241 379 399 413 rettulit:
439 379 630 421 „Promisit
663 391 702 414 se
736 383 927 414 uenturum
955 382 1157 423 Augustam
1193 382 1228 413 et
1262 383 1507 425 promoturum
1534 391 1699 414 caussam
1724 379 1818 414 Reli-

57 433 183 476 gionis,
211 435 390 476 quatenus
415 432 481 466 Dei
507 433 616 467 verbo
642 433 690 466 sit
716 436 994 467 consentaneum
1021 434 1108 467 etc.“
1142 433 1192 475 (v.
1218 444 1327 478 supra
1352 445 1385 478 p.
1408 433 1502 476 170).

176 485 342 520 Ceterum
360 485 444 529 quid
464 497 484 519 a
503 485 644 520 Canisio
672 486 836 520 effectum
864 486 922 528 sit,
950 485 1056 530 paulo
1081 485 1176 519 infra
1192 485 1404 529 inquiretur.
1438 486 1555 520 Unum
1582 486 1690 520 addo:
1718 485 1818 527 Quod

56 539 340 574 Hamelmannus
365 539 408 572 de
431 538 572 573 Canisio
597 539 818 584 reliquisque
837 540 988 574 Jesuitis
1018 539 1162 581 „Rheno
1188 539 1461 582 immergendi&
1484 539 1627 574 scribit:
1654 539 1818 583 equidem

54 592 150 626 haud
176 593 227 626 ita
253 591 449 626 difficulter
474 592 690 633 admiserim,
718 593 807 627 haec
832 593 892 627 vel
910 592 1041 626 similia
1060 593 1170 626 verba
1188 604 1233 625 ex
1252 592 1352 626 ducis
1370 604 1429 626 ore
1456 593 1622 626 excidere
1647 592 1818 637 potuisse.

54 646 215 680 Noverat
240 646 334 680 enim
362 645 584 686 Guilielmus,
621 645 878 680 catechismum
915 646 959 680 ab
987 646 1118 679 Ioanne
1145 645 1347 679 Monhemio
1383 646 1562 689 gymnasii
1597 646 1650 680 sui
1683 645 1817 680 dussel-

54 699 217 744 dorpiani
251 701 389 733 rectore
424 699 661 743 compositum
698 711 760 743 per
795 699 917 733 Socios
952 699 1173 733 colonienses
1209 709 1239 732 a.
1276 698 1366 732 1560
1401 699 1504 742 gravi
1538 698 1600 732 illa
1639 699 1817 740 „Censura

56 752 277 787 Coloniensi“
317 754 357 786 ut
391 751 612 786 haereticum
648 754 810 786 notatum
850 763 928 786 esse
966 752 1070 795 (Can.
1106 752 1139 785 ll
1176 751 1391 794 721—722)‚
1429 754 1537 795 atque
1575 752 1817 793 existimabat,

54 817 132 840 eam
160 805 357 840 Censuram
383 804 605 849 aliquamdiu
630 805 883 850 impedimento
915 805 1037 846 fuisse,
1073 805 1262 849 quominus
1293 804 1470 846 „studium
1497 805 1683 848 gener-ale“
1713 805 1817 839 Duis-

54 858 159 902 burgi
194 870 214 892 a
248 870 286 892 se
321 858 527 892 incohatum
562 858 745 902 pontificia
780 859 994 892 auctoritate
1030 858 1301 892 confirmaretur
1330 858 1395 897 (M.
1422 858 1565 902 Lossen,
1600 858 1720 892 Briefe
1746 870 1816 892 von

54 912 217 946 Andreas
243 912 381 946 Masius
414 911 485 945 und
520 912 644 945 seinen
670 911 868 952 Freunden‚
897 912 1042 956 Leipzig
1072 911 1172 952 1886,
1205 911 1422 954 343-344).
1474 910 1650 955 Georgius
1675 923 1816 955 quoque

54 965 266 1006 Cassander,
293 965 352 1009 qui
380 965 474 1009 apud
500 965 627 999 ducem
653 965 688 998 in
715 965 821 999 rebus
846 964 1030 1007 religionis
1056 964 1248 1009 plurimum
1274 964 1421 998 valebat
1447 966 1482 998 et
1508 965 1551 999 ab
1577 965 1653 1010 ipso
1679 965 1817 1009 primus

54 1018 285 1053 universitati
312 1018 566 1060 duisburgensi
593 1018 795 1052 destinatus
820 1020 898 1052 erat
922 1020 1049 1059 rector,
1078 1017 1194 1051 animo
1221 1020 1299 1051 erat
1321 1029 1341 1051 a
1361 1017 1504 1052 Iesuitis
1530 1018 1644 1052 alieno
1670 1018 1814 1062 (Ennea

54 1072 76 1106 1.
104 1084 133 1106 0.
169 1071 220 1106 IV
255 1072 352 1116 730).
404 1071 561 1113 Quorum
597 1083 704 1114 opera
739 1072 904 1105 effectum
941 1083 1020 1105 esse
1058 1071 1241 1111 ferebant,
1277 1073 1317 1104 ut
1343 1071 1535 1104 Cassandri
1571 1071 1652 1105 libri
1688 1073 1724 1105 in
1753 1072 1814 1106 tri-

54 1125 198 1159 dentino
236 1125 297 1159 illo
340 1125 500 1167 „Iudice“
541 1123 710 1158 librorum
756 1124 1013 1168 prohibitorum
1051 1126 1270 1168 ponerentur
1310 1124 1529 1166 (Illustrinm
1567 1130 1596 1158 et
1634 1126 1815 1159 clarorum

53 1180 224 1213 Virorum
258 1178 430 1223 epistolae
465 1177 692 1219 selectiores,
728 1177 892 1221 Lugduni
927 1177 1147 1211 Batavorum
1176 1177 1277 1215 1617,
1314 1177 1529 1220 265—266).

56 1301 160 1338 ι249
187 1303 266 1337 sive
293 1311 460 1346 gel-m.
479 1300 516 1336 l.
537 1299 672 1346 (24).
747 1299 858 1335 Initio
884 1310 929 1335 ιιι.
949 1298 1114 1335 Ianuarii
1132 1309 1165 1334 a.
1185 1299 1278 1335 1566.

172 1375 236 1409 Ubi
261 1375 403 1418 quando
434 1374 599 1407 Caluisius
631 1373 859 1405 Guilielmum
877 1373 1017 1405 Juliaei
1043 1375 1072 1404 et
1101 1372 1233 1404 Cliniae
1258 1372 1377 1405 (liccem
1404 1373 1545 1405 adierit.
1599 1374 1692 1414 Quid
1717 1374 1814 1416 apud

53 1440 129 1462 eum
155 1429 304 1471 effecisse
329 1428 502 1460 videatur.

175 1498 340 1532 canisius
365 1496 603 1531 Furstenavia
630 1496 685 1530 29.
712 1495 920 1529 Decembris
950 1495 1038 1529 1565
1066 1494 1099 1529 S.
1123 1495 1314 1529 Francisco
1340 1494 1494 1538 Borgiae
1520 1495 1684 1540 scripsit:
1714 1495 1812 1538 „Non

51 1551 166 1585 sinam
192 1551 259 1585 hoc
285 1551 362 1585 loco
388 1562 444 1584 me
471 1550 606 1584 diutius
632 1549 789 1583 retineri.
841 1549 952 1582 Recta
978 1551 1109 1593 petam,
1145 1549 1176 1582 si
1211 1549 1375 1582 dominus
1409 1548 1574 1589 voluerit,
1610 1549 1812 1593 Principem

52 1604 304 1645 Juliacensem,
340 1604 410 1637 iam
446 1606 552 1637 antea
586 1603 672 1636 mihi
708 1602 843 1636 frustra
879 1601 1100 1645 quaesitum;
1137 1601 1180 1635 ab
1215 1613 1255 1635 eo
1290 1613 1374 1635 mox
1401 1601 1582 1635 Coloniam
1608 1602 1808 1635 rediturus‘

54 1659 105 1700 (v,
123 1669 233 1702 supra
250 1669 283 1702 p.
301 1658 398 1700 157).
429 1657 481 1690 Ac
499 1656 653 1700 primum
672 1656 824 1699 quidem,
844 1657 940 1699 puto,
960 1654 1126 1688 Canisius
1145 1654 1376 1688 Guilielmum
1397 1654 1457 1689 IV.
1478 1654 1615 1688 Cliviae
1634 1656 1670 1688 et
1687 1654 1812 1688 Iuliaci

51 1711 177 1746 ducem
204 1710 387 1755 quaesivit
406 1709 542 1743 Cliviae
562 1708 704 1752 (Cleve)
734 1720 776 1742 ac
802 1710 954 1742 fortasse
981 1708 1088 1741 etiarn
1116 1708 1239 1741 Iuliaci
1260 1707 1413 1750 (Jiilicli)
1443 1710 1479 1741 et
1496 1707 1811 1751 Hambaci(Ha1n-

49 1764 156 1807 bach)
182 1766 336 1798 exeunte
362 1775 407 1798 m.
426 1762 620 1796 Novembri
640 1764 675 1796 et
692 1762 836 1795 ineunte
855 1760 1042 1795 Decembri
1061 1761 1143 1794 anni
1165 1761 1265 1800 1565,
1285 1772 1363 1794 cum
1384 1760 1531 1794 Colonia
1548 1760 1811 1804 Noviomagum

51 1819 259 1852 excurreret
295 1817 344 1860 (v.
376 1828 485 1860 supra
519 1828 552 1860 p.
580 1816 684 1858 659);
722 1817 863 1848 constat
895 1813 989 1848 enim
1016 1825 1095 1847 eum
1121 1813 1343 1857 Noviomago
1371 1813 1553 1847 Coloniam
1588 1814 1722 1848 redisse
1748 1825 1812 1858 per

50 1871 208 1904 Xantum
238 1870 286 1914 (V.
313 1881 423 1914 supra
458 1881 490 1913 p.
518 1868 623 1910 666);
660 1868 774 1902 Clivia
810 1870 941 1907 autem,
975 1867 1010 1900 in
1045 1878 1114 1910 quo
1148 1866 1276 1911 oppido
1304 1866 1533 1900 Guilielmum
1564 1877 1672 1911 saepe
1699 1867 1810 1900 fuisse

50 1925 270 1968 compertum
299 1926 354 1957 est
383 1922 499 1965 (Albr.
520 1922 677 1963 Wolters,
706 1921 849 1954 Konrad
876 1932 945 1954 von
972 1919 1180 1953 Heresbach
1206 1920 1278 1953 und
1305 1919 1367 1953 der
1391 1919 1579 1954 Clevische
1598 1920 1672 1953 Hof
1694 1920 1811 1953 seiner

50 1977 134 2018 Zeit,
160 1976 341 2011 Elberfeld
370 1976 471 2010 1867.
502 1975 595 2018 135),
632 1974 854 2016 Noviomago
889 1976 925 2007 et
951 1973 1069 2007 Xanto
1099 1973 1298 2007 interiacet.
1350 1973 1415 2006 Die
1451 1972 1480 2006 7.
1509 1972 1718 2006 Decembris
1745 1971 1810 2006 Ca-

49 2030 164 2064 nisius
191 2030 372 2064 Coloniam
408 2028 533 2068 rediit;
569 2031 677 2071 atque
717 2027 850 2069 „altera
876 2027 965 2067 die“‚
1001 2026 1119 2069 inquit
1152 2026 1191 2060 P.
1219 2027 1340 2059 Kessel
1375 2025 1517 2068 collegii
1553 2025 1647 2059 illius
1682 2027 1809 2066 rector,

53 2083 255 2128 „profectus
281 2084 336 2116 est
361 2082 404 2116 ad
433 2081 568 2115 Ducem
597 2081 706 2114 Iuliae
734 2082 769 2113 et
795 2080 838 2113 ad
865 2079 1022 2123 reliquos
1049 2079 1237 2124 principes,
1273 2079 1317 2113 ad
1353 2090 1442 2122 quos
1472 2090 1552 2112 cum
1578 2078 1692 2112 literis
1718 2079 1809 2122 Apo-

48 2136 186 2171 stolicis
221 2136 353 2170 missus
388 2135 499 2169 erar&
550 2134 640 2167 Item
666 2134 706 2167 P.
734 2135 913 2167 Henre'cus
939 2134 1135 2176 Dionysius
1161 2132 1194 2166 S.
1223 2132 1275 2166 J.:
1315 2132 1482 2173 „Postero
1518 2132 1574 2165 dic
1604 2132 1647 2165 ad
1675 2132 1808 2165 Ducem

49 2190 145 2224 Julie
172 2192 208 2223 et
233 2189 429 2233 Episcopos
455 2187 665 2232 VVesphalie
691 2188 874 2231 profectus
901 2187 976 2220 est⁴⁴
1009 2186 1058 2228 (v.
1086 2197 1195 2229 supra
1222 2197 1253 2230 p.
1281 2185 1380 2228 667).
1430 2185 1475 2218 Et
1502 2185 1540 2218 P.
1573 2186 1809 2218 Tlteodoricus

53 2244 219 2276 Canisius
249 2241 463 2276 Germaniae
497 2240 692 2284 superioris
729 2238 1040 2284 viceprovincialis
1075 2238 1220 2282 Dilinga
1255 2239 1311 2273 24.
1338 2238 1494 2272 Ianuarii
1533 2238 1621 2272 1566
1659 2238 1808 2280 Borgiae

49 2296 239 2341 *scripsit:
280 2295 352 2337 „De
379 2294 486 2328 Patre
513 2293 656 2328 Canisio
690 2292 757 2326 hoc
791 2292 907 2326 solum
938 2292 1192 2331 intelleximus,
1226 2292 1317 2335 quod
1355 2292 1375 2326 8
1406 2291 1608 2325 Decembris
1641 2290 1807 2324 Coloniae

48 2350 175 2390 fuerit,
213 2349 295 2382 inde
329 2348 372 2382 ad
409 2347 543 2381 Ducem
581 2346 822 2380 Juliacensem
862 2348 897 2379 et
932 2348 1057 2390 postea
1091 2345 1124 2378 in
1160 2344 1425 2389 WVestphaliam
1460 2345 1704 2389 profecturus“
1747 2344 1807 2386 (ex

47 2406 207 2446 autog1·.;
235 2402 318 2436 Cod.
349 2400 411 2443 „G.
431 2401 494 2445 Ep.
514 2399 601 2433 V11“
632 2400 657 2434 f.
675 2399 788 2443 217³).
833 2399 886 2432 Ex
913 2399 1043 2443 quibus
1069 2399 1191 2432 verbis
1218 2398 1415 2441 collegeris,
1444 2397 1626 2431 Cauisium
1653 2397 1806 2442 primum

46 2455 344 2500 Dusseldorpium
374 2453 629 2496 (Diisseldorf)‚
665 2452 700 2486 in
727 2464 797 2496 qua
823 2453 910 2486 urbe
937 2452 1045 2485 duces
1071 2451 1122 2485 illi
1148 2451 1299 2484 multum
1328 2451 1574 2490 versabantur,
1610 2451 1736 2484 deinde
1772 2451 1805 2483 iu

47 2509 311 2554 WVestphaliam
338 2508 460 2541 ivisse.
500 2506 585 2540 Inde
612 2508 730 2539 autem
759 2505 900 2539 rediens
919 2504 1159 2546 Guilielmum,
1185 2504 1255 2538 nisi
1275 2504 1506 2538 vehementer
1529 2503 1643 2544 fallor,
1662 2503 1806 2537 Dussel-

46 2563 160 2608 dorpii
197 2562 325 2596 iterum
366 2560 547 2604 quaesivit
583 2571 625 2593 ac
664 2559 808 2592 tandem
847 2558 1014 2602 repperit.
1076 2558 1152 2591 Hoc
1191 2559 1328 2591 certum
1368 2559 1443 2591 est:
1483 2556 1696 2590 Guilielmus
1734 2556 1805 2589 dux

47 2616 103 2651 23.
131 2616 286 2650 Ianuarii
317 2614 407 2648 1566
435 2612 682 2656 Dusseldorpii
717 2614 794 2645 erat
823 2613 960 2654 (Keller
994 2611 1016 2644 l.
1043 2622 1072 2644 c.
1101 2611 1114 2644 Ι
1144 2611 1356 2652 114—119).
1408 2611 1460 2643 Ac
1491 2610 1520 2643 si
1549 2609 1806 2643 Hamelmanno

47 2669 142 2703 credi
168 2670 289 2714 potest
313 2666 500 2707 asserenti,
537 2665 778 2705 Guilielmum,
815 2665 856 2698 de
885 2664 1017 2699 Canisii
1050 2664 1207 2697 adventu
1236 2663 1422 2696 certiorem
1458 2664 1614 2701 factum,
1651 2664 1805 2707 optasse,

46 2724 86 2757 ut
111 2722 171 2756 ille
198 2721 342 2765 „Rheno
368 2720 661 2762 immergeretur“
695 2718 743 2759 (v.
763 2729 871 2762 supra
897 2729 930 2762 p.
950 2717 1046 2759 673),
1073 2716 1153 2750 inde
1180 2727 1320 2759 quoque
1347 2716 1586 2755 confirmatur,
1613 2715 1738 2749 ducem
1765 2727 1805 2749 eo

45 2779 206 2820 tempore
231 2772 478 2817 Dusseldorpii
506 2773 682 2805 moratum
709 2782 807 2811 esse;
835 2782 877 2804 ea
903 2770 995 2804 enim
1023 2769 1106 2803 urbs
1133 2769 1176 2803 ad
1206 2768 1367 2802 Rhenum
1394 2769 1465 2803 sita
1491 2771 1556 2802 est.

163 2828 232 2862 Ubi
260 2826 424 2862 Canisius
452 2837 530 2859 curn
558 2825 647 2858 duce
674 2824 798 2867 egerit,
825 2835 940 2867 neque
967 2822 1139 2864 Raderus,
1175 2833 1289 2865 neque
1317 2821 1523 2861 Sacchinus‚
1560 2832 1675 2864 neque
1701 2821 1805 2856 Riess

45 2882 236 2925 significat.
272 2881 437 2922 Doriyny
465 2877 502 2921 (l.
521 2889 549 2911 c.
571 2878 638 2911 259
666 2878 762 2919 260),
789 2879 907 2910 motus
929 2875 1046 2920 (puto)
1065 2875 1205 2908 nomine
1224 2874 1324 2908 ducis
1348 2874 1606 2916 ,iuliacensis“,
1632 2874 1804 2908 Iuliacum

44 2935 206 2979 posuit¹;
233 2945 336 2978 quern
365 2932 480 2966 secuti
506 2933 589 2964 sunt
615 2931 753 2973 Python
782 2930 819 2972 (l.
840 2941 869 2964 c.
889 2929 984 2972 224),
1016 2930 1107 2961 Οάᾶί
1128 2928 1164 2969 (1.
1185 2940 1213 2962 c.
1235 2927 1329 2971 175),
1356 2929 1469 2961 Boero
1491 2927 1591 2970 (Can.
1610 2927 1678 2962 289
1705 2928 1803 2971 290),

47 2987 178 3030 Se‘quin
206 2987 244 3030 (l.
263 2986 408 3029 c.183),
448 2985 584 3018 Gar-cia
612 2983 650 3027 (l.
670 2995 698 3017 c.
717 2983 814 3026 247),
850 2983 929 3019 ΑΜ
958 2982 996 3025 (l.
1016 2994 1045 3016 c.
1064 2982 1148 3023 211)
1178 2983 1244 3015 etc.
1297 2980 1508 3014 Guilielmus
1534 2980 1608 3014 dux
1632 2980 1727 3014 haud
1753 2981 1804 3015 ita

44 3040 196 3074 multum
224 3039 347 3074 Iuliaci
382 3037 598 3072 morabatur.
651 3035 838 3077 Quaesivit
873 3046 951 3069 eum
988 3035 1142 3068 fortasse
1179 3033 1343 3067 Canisius
1379 3033 1512 3070 Iuliaci.
1548 3045 1627 3067 cum
1658 3033 1804 3068 Colonia

166 3145 176 3165 ¹
201 3145 242 3178 In
267 3145 346 3189 ipsa
371 3143 576 3177 narratione
601 3141 711 3176 habet
735 3144 891 3176 tantum:
923 3140 993 3183 „La
1011 3152 1095 3174 cour
1114 3140 1156 3174 de
1176 3139 1352 3180 Juliers“;
1381 3139 1413 3173 in
1434 3139 1662 3174 adnotatione
1682 3142 1801 3174 autem

44 3197 80 3231 in
105 3197 267 3241 margine
292 3196 427 3242 posita:
459 3195 508 3238 „11
535 3195 634 3229 vient
659 3197 679 3229 a
705 3194 870 3229 Juliers.“

1445 3252 1518 3286 43*
