<?xml version="1.0" encoding="UTF-8"?>
<!DOCTYPE html PUBLIC "-//W3C//DTD XHTML 1.0 Transitional//EN"
    "http://www.w3.org/TR/xhtml1/DTD/xhtml1-transitional.dtd">
<html xmlns="http://www.w3.org/1999/xhtml" xml:lang="en" lang="en">
 <head>
  <title>
</title>
<meta http-equiv="Content-Type" content="text/html;charset=utf-8" />
  <meta name='ocr-system' content='tesseract 3.04.00' />
  <meta name='ocr-capabilities' content='ocr_page ocr_carea ocr_par ocr_line ocrx_word'/>
</head>
<body>
  <div class='ocr_page' id='page_1' title='image "beatipetricanisi05cani_0499.png"; bbox 0 0 2045 3471; ppageno 0'>
   <div class='ocr_carea' id='block_1_1' title="bbox 486 200 1827 247">
    <p class='ocr_par' dir='ltr' id='par_1_1' title="bbox 486 200 1827 247">
     <span class='ocr_line' id='line_1_1' title="bbox 486 200 1827 247; baseline 0.001 -12"><span class='ocrx_word' id='word_1_1' title='bbox 486 200 670 246; x_wconf 82' lang='lat' dir='ltr'>Herbipoli</span> <span class='ocrx_word' id='word_1_2' title='bbox 696 201 789 236; x_wconf 82' lang='lat' dir='ltr'>inter</span> <span class='ocrx_word' id='word_1_3' title='bbox 815 201 871 236; x_wconf 85' lang='lat'>31.</span> <span class='ocrx_word' id='word_1_4' title='bbox 894 202 1017 236; x_wconf 77' lang='lat' dir='ltr'>Martii</span> <span class='ocrx_word' id='word_1_5' title='bbox 1043 205 1078 236; x_wconf 87' lang='lat' dir='ltr'>et</span> <span class='ocrx_word' id='word_1_6' title='bbox 1104 202 1136 237; x_wconf 83' lang='lat'>2.</span> <span class='ocrx_word' id='word_1_7' title='bbox 1155 202 1290 247; x_wconf 85' lang='lat' dir='ltr'><strong>Aprilis</strong></span> <span class='ocrx_word' id='word_1_8' title='bbox 1318 202 1420 237; x_wconf 76' lang='lat'>1567.</span> <span class='ocrx_word' id='word_1_9' title='bbox 1744 204 1827 245; x_wconf 84' lang='lat'>411</span> 
     </span>
    </p>
   </div>
   <div class='ocr_carea' id='block_1_2' title="bbox 67 317 1833 1293">
    <p class='ocr_par' dir='ltr' id='par_1_2' title="bbox 68 317 1833 696">
     <span class='ocr_line' id='line_1_2' title="bbox 189 317 1832 374; baseline 0.002 -15"><span class='ocrx_word' id='word_1_10' title='bbox 189 317 276 372; x_wconf 86' lang='lat' dir='ltr'>Alij</span> <span class='ocrx_word' id='word_1_11' title='bbox 309 321 411 360; x_wconf 91' lang='lat' dir='ltr'>sunt</span> <span class='ocrx_word' id='word_1_12' title='bbox 443 318 644 360; x_wconf 73' lang='lat' dir='ltr'>nimium⁸</span> <span class='ocrx_word' id='word_1_13' title='bbox 674 319 718 361; x_wconf 90' lang='lat' dir='ltr'>in</span> <span class='ocrx_word' id='word_1_14' title='bbox 750 320 938 362; x_wconf 87' lang='lat' dir='ltr'>curando</span> <span class='ocrx_word' id='word_1_15' title='bbox 971 321 1092 371; x_wconf 91' lang='lat' dir='ltr'>lenti,</span> <span class='ocrx_word' id='word_1_16' title='bbox 1134 334 1304 374; x_wconf 82' lang='lat' dir='ltr'>segnes,</span> <span class='ocrx_word' id='word_1_17' title='bbox 1346 320 1602 371; x_wconf 73' lang='lat' dir='ltr'>meticulosi,</span> <span class='ocrx_word' id='word_1_18' title='bbox 1642 323 1689 362; x_wconf 91' lang='lat' dir='ltr'>ut</span> <span class='ocrx_word' id='word_1_19' title='bbox 1727 320 1832 362; x_wconf 91' lang='lat' dir='ltr'>nihil</span> 
     </span>
     <span class='ocr_line' id='line_1_3' title="bbox 72 381 1832 439; baseline 0.002 -15"><span class='ocrx_word' id='word_1_20' title='bbox 72 381 179 425; x_wconf 90' lang='lat' dir='ltr'>certi</span> <span class='ocrx_word' id='word_1_21' title='bbox 210 382 388 436; x_wconf 87' lang='lat' dir='ltr'>remedij</span> <span class='ocrx_word' id='word_1_22' title='bbox 421 383 697 435; x_wconf 73' lang='lat' dir='ltr'>meditentur,</span> <span class='ocrx_word' id='word_1_23' title='bbox 740 387 817 427; x_wconf 89' lang='lat' dir='ltr'>aut</span> <span class='ocrx_word' id='word_1_24' title='bbox 859 385 1185 438; x_wconf 80' lang='lat' dir='ltr'>aggrediantur,</span> <span class='ocrx_word' id='word_1_25' title='bbox 1228 386 1366 428; x_wconf 92' lang='lat' dir='ltr'>ueluti</span> <span class='ocrx_word' id='word_1_26' title='bbox 1405 399 1518 427; x_wconf 89' lang='lat' dir='ltr'>noua</span> <span class='ocrx_word' id='word_1_27' title='bbox 1560 385 1773 439; x_wconf 83' lang='lat' dir='ltr'>quaedam</span> <span class='ocrx_word' id='word_1_28' title='bbox 1810 399 1832 427; x_wconf 89' lang='lat' dir='ltr'>e</span> 
     </span>
     <span class='ocr_line' id='line_1_4' title="bbox 72 447 1833 502; baseline 0.003 -14"><span class='ocrx_word' id='word_1_29' title='bbox 72 447 190 489; x_wconf 90' lang='lat' dir='ltr'>coelo</span> <span class='ocrx_word' id='word_1_30' title='bbox 231 447 440 489; x_wconf 86' lang='lat' dir='ltr'>miracula</span> <span class='ocrx_word' id='word_1_31' title='bbox 484 449 758 502; x_wconf 83' lang='lat' dir='ltr'>expectanda</span> <span class='ocrx_word' id='word_1_32' title='bbox 802 453 961 492; x_wconf 78' lang='lat' dir='ltr'>essent.</span> <span class='ocrx_word' id='word_1_33' title='bbox 1024 450 1162 492; x_wconf 89' lang='lat' dir='ltr'>Nobis</span> <span class='ocrx_word' id='word_1_34' title='bbox 1208 450 1381 492; x_wconf 84' lang='lat' dir='ltr'>interim</span> <span class='ocrx_word' id='word_1_35' title='bbox 1428 450 1712 493; x_wconf 85' lang='lat' dir='ltr'>stertentibus</span> <span class='ocrx_word' id='word_1_36' title='bbox 1757 452 1833 493; x_wconf 86' lang='lat' dir='ltr'>aut</span> 
     </span>
     <span class='ocr_line' id='line_1_5' title="bbox 71 511 1830 569; baseline 0.002 -16"><span class='ocrx_word' id='word_1_37' title='bbox 71 511 186 554; x_wconf 89' lang='lat' dir='ltr'>aliud</span> <span class='ocrx_word' id='word_1_38' title='bbox 208 512 439 565; x_wconf 86' lang='lat' dir='ltr'>agentibus</span> <span class='ocrx_word' id='word_1_39' title='bbox 460 511 770 565; x_wconf 90' lang='lat' dir='ltr'>ingrauescunt</span> <span class='ocrx_word' id='word_1_40' title='bbox 791 514 941 564; x_wconf 88' lang='lat' dir='ltr'>morbi,</span> <span class='ocrx_word' id='word_1_41' title='bbox 973 517 1173 557; x_wconf 87' lang='lat' dir='ltr'>crescunt</span> <span class='ocrx_word' id='word_1_42' title='bbox 1194 514 1408 565; x_wconf 86' lang='lat' dir='ltr'>haereses,</span> <span class='ocrx_word' id='word_1_43' title='bbox 1442 517 1625 569; x_wconf 86' lang='lat' dir='ltr'>pereunt</span> <span class='ocrx_word' id='word_1_44' title='bbox 1648 515 1830 565; x_wconf 89' lang='lat' dir='ltr'>animae,</span> 
     </span>
     <span class='ocr_line' id='line_1_6' title="bbox 69 576 1831 634; baseline 0.002 -16"><span class='ocrx_word' id='word_1_45' title='bbox 69 576 220 629; x_wconf 88' lang='lat' dir='ltr'>uigent</span> <span class='ocrx_word' id='word_1_46' title='bbox 251 577 471 627; x_wconf 88' lang='lat' dir='ltr'>scandala,</span> <span class='ocrx_word' id='word_1_47' title='bbox 506 577 772 631; x_wconf 88' lang='lat' dir='ltr'>dissipantur</span> <span class='ocrx_word' id='word_1_48' title='bbox 803 578 905 620; x_wconf 87' lang='lat' dir='ltr'>cleri</span> <span class='ocrx_word' id='word_1_49' title='bbox 938 579 1062 628; x_wconf 90' lang='lat' dir='ltr'>bona,</span> <span class='ocrx_word' id='word_1_50' title='bbox 1096 579 1425 634; x_wconf 86' lang='lat' dir='ltr'>prophanantur</span> <span class='ocrx_word' id='word_1_51' title='bbox 1457 580 1692 630; x_wconf 87' lang='lat' dir='ltr'>Ecclesiae,</span> <span class='ocrx_word' id='word_1_52' title='bbox 1736 582 1831 622; x_wconf 88' lang='lat' dir='ltr'>tota</span> 
     </span>
     <span class='ocr_line' id='line_1_7' title="bbox 68 641 1063 696; baseline 0.003 -13"><span class='ocrx_word' id='word_1_53' title='bbox 68 641 209 696; x_wconf 90' lang='lat' dir='ltr'>pietas</span> <span class='ocrx_word' id='word_1_54' title='bbox 242 645 286 684; x_wconf 91' lang='lat' dir='ltr'>et</span> <span class='ocrx_word' id='word_1_55' title='bbox 319 641 544 696; x_wconf 85' lang='lat' dir='ltr'>disciplina</span> <span class='ocrx_word' id='word_1_56' title='bbox 575 643 763 696; x_wconf 84' lang='lat' dir='ltr'>passimb</span> <span class='ocrx_word' id='word_1_57' title='bbox 796 644 1063 687; x_wconf 89' lang='lat' dir='ltr'>collabascit.</span> 
     </span>
    </p>

    <p class='ocr_par' dir='ltr' id='par_1_3' title="bbox 68 712 1832 1016">
     <span class='ocr_line' id='line_1_8' title="bbox 187 712 1830 769; baseline 0.001 -15"><span class='ocrx_word' id='word_1_58' title='bbox 187 713 269 755; x_wconf 87' lang='lat' dir='ltr'>Est</span> <span class='ocrx_word' id='word_1_59' title='bbox 299 713 343 754; x_wconf 93' lang='lat' dir='ltr'>in</span> <span class='ocrx_word' id='word_1_60' title='bbox 376 712 587 763; x_wconf 87' lang='lat' dir='ltr'>confesso,</span> <span class='ocrx_word' id='word_1_61' title='bbox 631 727 654 754; x_wconf 89' lang='lat' dir='ltr'>e</span> <span class='ocrx_word' id='word_1_62' title='bbox 685 714 883 767; x_wconf 84' lang='lat' dir='ltr'>sectarijs</span> <span class='ocrx_word' id='word_1_63' title='bbox 922 715 976 756; x_wconf 90' lang='lat' dir='ltr'>ad</span> <span class='ocrx_word' id='word_1_64' title='bbox 1008 714 1249 757; x_wconf 81' lang='lat' dir='ltr'>Ecclesiam</span> <span class='ocrx_word' id='word_1_65' title='bbox 1283 715 1549 757; x_wconf 84' lang='lat' dir='ltr'>Catholicam</span> <span class='ocrx_word' id='word_1_66' title='bbox 1591 729 1830 769; x_wconf 89' lang='lat' dir='ltr'>perpaucos</span> 
     </span>
     <span class='ocr_line' id='line_1_9' title="bbox 68 776 1831 834; baseline 0.002 -15"><span class='ocrx_word' id='word_1_67' title='bbox 68 777 222 828; x_wconf 86' lang='lat' dir='ltr'>redire,</span> <span class='ocrx_word' id='word_1_68' title='bbox 256 776 534 831; x_wconf 89' lang='lat' dir='ltr'>quantumuis</span> <span class='ocrx_word' id='word_1_69' title='bbox 565 777 662 819; x_wconf 83' lang='lat' dir='ltr'>illac</span> <span class='ocrx_word' id='word_1_70' title='bbox 687 777 747 833; x_wconf 67' lang='lat' dir='ltr'>[P]</span> <span class='ocrx_word' id='word_1_71' title='bbox 780 779 917 821; x_wconf 91' lang='lat' dir='ltr'>multa</span> <span class='ocrx_word' id='word_1_72' title='bbox 950 780 1302 830; x_wconf 86' lang='lat' dir='ltr'>concesserimus,</span> <span class='ocrx_word' id='word_1_73' title='bbox 1336 780 1482 834; x_wconf 88' lang='lat' dir='ltr'>plures</span> <span class='ocrx_word' id='word_1_74' title='bbox 1514 782 1657 822; x_wconf 85' lang='lat' dir='ltr'>autem</span> <span class='ocrx_word' id='word_1_75' title='bbox 1693 780 1747 821; x_wconf 89' lang='lat' dir='ltr'>ab</span> <span class='ocrx_word' id='word_1_76' title='bbox 1780 794 1831 822; x_wconf 90' lang='lat' dir='ltr'>ea</span> 
     </span>
     <span class='ocr_line' id='line_1_10' title="bbox 70 841 1832 898; baseline 0.002 -15"><span class='ocrx_word' id='word_1_77' title='bbox 70 842 264 893; x_wconf 87' lang='lat' dir='ltr'>deficere,</span> <span class='ocrx_word' id='word_1_78' title='bbox 307 844 352 885; x_wconf 92' lang='lat' dir='ltr'>et</span> <span class='ocrx_word' id='word_1_79' title='bbox 383 841 558 896; x_wconf 88' lang='lat' dir='ltr'>negotio</span> <span class='ocrx_word' id='word_1_80' title='bbox 602 842 823 896; x_wconf 88' lang='lat' dir='ltr'>religionis</span> <span class='ocrx_word' id='word_1_81' title='bbox 863 844 1091 887; x_wconf 88' lang='lat' dir='ltr'>nouandae</span> <span class='ocrx_word' id='word_1_82' title='bbox 1132 845 1282 887; x_wconf 88' lang='lat' dir='ltr'>fauere</span> <span class='ocrx_word' id='word_1_83' title='bbox 1315 844 1541 888; x_wconf 81' lang='lat' dir='ltr'>cernimus.</span> <span class='ocrx_word' id='word_1_84' title='bbox 1605 844 1832 898; x_wconf 89' lang='lat' dir='ltr'>Equestris</span> 
     </span>
     <span class='ocr_line' id='line_1_11' title="bbox 70 906 1830 964; baseline 0.002 -16"><span class='ocrx_word' id='word_1_85' title='bbox 70 906 173 948; x_wconf 88' lang='lat' dir='ltr'>ordo</span> <span class='ocrx_word' id='word_1_86' title='bbox 215 907 288 949; x_wconf 81' lang='lat' dir='ltr'>uix</span> <span class='ocrx_word' id='word_1_87' title='bbox 329 920 490 961; x_wconf 87' lang='lat' dir='ltr'>paucos</span> <span class='ocrx_word' id='word_1_88' title='bbox 529 907 662 950; x_wconf 90' lang='lat' dir='ltr'>habet</span> <span class='ocrx_word' id='word_1_89' title='bbox 704 908 953 959; x_wconf 88' lang='lat' dir='ltr'>catholicos,</span> <span class='ocrx_word' id='word_1_90' title='bbox 997 909 1031 950; x_wconf 91' lang='lat' dir='ltr'>si</span> <span class='ocrx_word' id='word_1_91' title='bbox 1074 923 1170 951; x_wconf 89' lang='lat' dir='ltr'>cum</span> <span class='ocrx_word' id='word_1_92' title='bbox 1211 909 1464 952; x_wconf 90' lang='lat' dir='ltr'>aduersaria</span> <span class='ocrx_word' id='word_1_93' title='bbox 1502 909 1671 962; x_wconf 90' lang='lat' dir='ltr'>quidem</span> <span class='ocrx_word' id='word_1_94' title='bbox 1705 911 1830 964; x_wconf 87' lang='lat' dir='ltr'>parte</span> 
     </span>
     <span class='ocr_line' id='line_1_12' title="bbox 69 972 362 1016; baseline 0.007 -2"><span class='ocrx_word' id='word_1_95' title='bbox 69 972 320 1015; x_wconf 86' lang='lat' dir='ltr'>conferatur</span> <span class='ocrx_word' id='word_1_96' title='bbox 334 973 362 1016; x_wconf 81' lang='lat'>1.</span> 
     </span>
    </p>

    <p class='ocr_par' dir='ltr' id='par_1_4' title="bbox 67 1042 1830 1293">
     <span class='ocr_line' id='line_1_13' title="bbox 186 1042 1830 1099; baseline 0.001 -14"><span class='ocrx_word' id='word_1_97' title='bbox 186 1043 418 1096; x_wconf 87' lang='lat' dir='ltr'>Magnates</span> <span class='ocrx_word' id='word_1_98' title='bbox 451 1045 495 1085; x_wconf 89' lang='lat' dir='ltr'>et</span> <span class='ocrx_word' id='word_1_99' title='bbox 527 1042 812 1096; x_wconf 87' lang='lat' dir='ltr'>magistratus</span> <span class='ocrx_word' id='word_1_100' title='bbox 845 1044 915 1098; x_wconf 91' lang='lat' dir='ltr'>qui</span> <span class='ocrx_word' id='word_1_101' title='bbox 947 1047 1180 1099; x_wconf 84' lang='lat' dir='ltr'>supersunt</span> <span class='ocrx_word' id='word_1_102' title='bbox 1202 1045 1424 1096; x_wconf 86' lang='lat' dir='ltr'>Catholici,</span> <span class='ocrx_word' id='word_1_103' title='bbox 1459 1059 1590 1099; x_wconf 88' lang='lat' dir='ltr'>aegre</span> <span class='ocrx_word' id='word_1_104' title='bbox 1622 1045 1664 1086; x_wconf 90' lang='lat' dir='ltr'>in</span> <span class='ocrx_word' id='word_1_105' title='bbox 1688 1044 1830 1087; x_wconf 86' lang='lat' dir='ltr'>officio</span> 
     </span>
     <span class='ocr_line' id='line_1_14' title="bbox 68 1107 1830 1165; baseline 0.001 -15"><span class='ocrx_word' id='word_1_106' title='bbox 68 1107 355 1151; x_wconf 90' lang='lat' dir='ltr'>continentur.</span> <span class='ocrx_word' id='word_1_107' title='bbox 391 1108 499 1149; x_wconf 88' lang='lat' dir='ltr'>Tum</span> <span class='ocrx_word' id='word_1_108' title='bbox 521 1108 592 1150; x_wconf 90' lang='lat' dir='ltr'>ubi</span> <span class='ocrx_word' id='word_1_109' title='bbox 615 1108 867 1162; x_wconf 87' lang='lat' dir='ltr'>religionem</span> <span class='ocrx_word' id='word_1_110' title='bbox 889 1109 951 1151; x_wconf 91' lang='lat' dir='ltr'>illi</span> <span class='ocrx_word' id='word_1_111' title='bbox 973 1112 1157 1160; x_wconf 88' lang='lat' dir='ltr'>mutant,</span> <span class='ocrx_word' id='word_1_112' title='bbox 1177 1110 1373 1164; x_wconf 78' lang='lat' dir='ltr'>partamd</span> <span class='ocrx_word' id='word_1_113' title='bbox 1390 1108 1450 1165; x_wconf 66' lang='lat'>[12]</span> <span class='ocrx_word' id='word_1_114' title='bbox 1474 1110 1636 1152; x_wconf 86' lang='lat' dir='ltr'>habent</span> <span class='ocrx_word' id='word_1_115' title='bbox 1658 1109 1830 1152; x_wconf 76' lang='lat' dir='ltr'>statime</span> 
     </span>
     <span class='ocr_line' id='line_1_15' title="bbox 67 1173 1828 1230; baseline 0 -14"><span class='ocrx_word' id='word_1_116' title='bbox 67 1173 255 1227; x_wconf 87' lang='lat' dir='ltr'>gratiam</span> <span class='ocrx_word' id='word_1_117' title='bbox 297 1176 578 1227; x_wconf 88' lang='lat' dir='ltr'>patronorum</span> <span class='ocrx_word' id='word_1_118' title='bbox 621 1176 666 1216; x_wconf 92' lang='lat' dir='ltr'>et</span> <span class='ocrx_word' id='word_1_119' title='bbox 706 1174 958 1225; x_wconf 90' lang='lat' dir='ltr'>uicinorum,</span> <span class='ocrx_word' id='word_1_120' title='bbox 1002 1189 1181 1228; x_wconf 91' lang='lat' dir='ltr'>quorum</span> <span class='ocrx_word' id='word_1_121' title='bbox 1223 1174 1560 1226; x_wconf 74' lang='lat' dir='ltr'>blandimentisf,</span> <span class='ocrx_word' id='word_1_122' title='bbox 1606 1174 1828 1230; x_wconf 88' lang='lat' dir='ltr'>promissis</span> 
     </span>
     <span class='ocr_line' id='line_1_16' title="bbox 68 1238 1128 1293; baseline 0.002 -13"><span class='ocrx_word' id='word_1_123' title='bbox 68 1241 112 1281; x_wconf 91' lang='lat' dir='ltr'>et</span> <span class='ocrx_word' id='word_1_124' title='bbox 143 1238 390 1281; x_wconf 90' lang='lat' dir='ltr'>muneribus</span> <span class='ocrx_word' id='word_1_125' title='bbox 423 1238 477 1280; x_wconf 89' lang='lat' dir='ltr'>ad</span> <span class='ocrx_word' id='word_1_126' title='bbox 509 1241 654 1281; x_wconf 85' lang='lat' dir='ltr'>sectas</span> <span class='ocrx_word' id='word_1_127' title='bbox 686 1239 814 1281; x_wconf 88' lang='lat' dir='ltr'>facile</span> <span class='ocrx_word' id='word_1_128' title='bbox 840 1239 1128 1293; x_wconf 89' lang='lat' dir='ltr'>pelliciantur.</span> 
     </span>
    </p>
   </div>
   <div class='ocr_carea' id='block_1_3' title="bbox 66 1309 1827 1626">
    <p class='ocr_par' dir='ltr' id='par_1_5' title="bbox 66 1309 1827 1626">
     <span class='ocr_line' id='line_1_17' title="bbox 185 1309 1827 1365; baseline 0.001 -13"><span class='ocrx_word' id='word_1_129' title='bbox 185 1309 352 1352; x_wconf 75' lang='lat' dir='ltr'>Nutatg</span> <span class='ocrx_word' id='word_1_130' title='bbox 372 1309 556 1364; x_wconf 92' lang='lat' dir='ltr'>populus</span> <span class='ocrx_word' id='word_1_131' title='bbox 588 1310 868 1353; x_wconf 89' lang='lat' dir='ltr'>uehementer</span> <span class='ocrx_word' id='word_1_132' title='bbox 899 1310 942 1353; x_wconf 90' lang='lat' dir='ltr'>in</span> <span class='ocrx_word' id='word_1_133' title='bbox 974 1311 1070 1362; x_wconf 89' lang='lat' dir='ltr'>fide,</span> <span class='ocrx_word' id='word_1_134' title='bbox 1104 1325 1348 1365; x_wconf 88' lang='lat' dir='ltr'>magnaque</span> <span class='ocrx_word' id='word_1_135' title='bbox 1381 1312 1421 1352; x_wconf 89' lang='lat' dir='ltr'>ui</span> <span class='ocrx_word' id='word_1_136' title='bbox 1445 1325 1655 1365; x_wconf 90' lang='lat' dir='ltr'>praeceps</span> <span class='ocrx_word' id='word_1_137' title='bbox 1686 1311 1827 1353; x_wconf 78' lang='lat' dir='ltr'>fertur</span> 
     </span>
     <span class='ocr_line' id='line_1_18' title="bbox 67 1374 1827 1430; baseline 0.001 -13"><span class='ocrx_word' id='word_1_138' title='bbox 67 1375 122 1417; x_wconf 88' lang='lat' dir='ltr'>ad</span> <span class='ocrx_word' id='word_1_139' title='bbox 155 1389 249 1417; x_wconf 90' lang='lat' dir='ltr'>eam</span> <span class='ocrx_word' id='word_1_140' title='bbox 281 1374 548 1428; x_wconf 87' lang='lat' dir='ltr'>religionem,</span> <span class='ocrx_word' id='word_1_141' title='bbox 583 1389 693 1428; x_wconf 90' lang='lat' dir='ltr'>quae</span> <span class='ocrx_word' id='word_1_142' title='bbox 724 1375 918 1430; x_wconf 91' lang='lat' dir='ltr'>specioso</span> <span class='ocrx_word' id='word_1_143' title='bbox 951 1376 1169 1419; x_wconf 87' lang='lat' dir='ltr'>libertatis</span> <span class='ocrx_word' id='word_1_144' title='bbox 1201 1379 1245 1419; x_wconf 93' lang='lat' dir='ltr'>et</span> <span class='ocrx_word' id='word_1_145' title='bbox 1267 1376 1496 1430; x_wconf 86' lang='lat' dir='ltr'>Euangelij</span> <span class='ocrx_word' id='word_1_146' title='bbox 1529 1376 1656 1419; x_wconf 88' lang='lat' dir='ltr'>titulo</span> <span class='ocrx_word' id='word_1_147' title='bbox 1689 1375 1827 1418; x_wconf 90' lang='lat' dir='ltr'>doctis</span> 
     </span>
     <span class='ocr_line' id='line_1_19' title="bbox 67 1440 1826 1495; baseline -0.001 -12"><span class='ocrx_word' id='word_1_148' title='bbox 67 1440 199 1483; x_wconf 80' lang='lat' dir='ltr'>etiam</span> <span class='ocrx_word' id='word_1_149' title='bbox 232 1443 277 1483; x_wconf 91' lang='lat' dir='ltr'>et</span> <span class='ocrx_word' id='word_1_150' title='bbox 308 1440 531 1483; x_wconf 90' lang='lat' dir='ltr'>catholicis</span> <span class='ocrx_word' id='word_1_151' title='bbox 563 1440 816 1494; x_wconf 84' lang='lat' dir='ltr'>frequenter</span> <span class='ocrx_word' id='word_1_152' title='bbox 837 1441 1031 1495; x_wconf 88' lang='lat' dir='ltr'>imponit.</span> <span class='ocrx_word' id='word_1_153' title='bbox 1085 1441 1179 1483; x_wconf 92' lang='lat' dir='ltr'>Nec</span> <span class='ocrx_word' id='word_1_154' title='bbox 1211 1442 1269 1484; x_wconf 91' lang='lat' dir='ltr'>sit</span> <span class='ocrx_word' id='word_1_155' title='bbox 1292 1441 1463 1484; x_wconf 84' lang='lat' dir='ltr'>difficile</span> <span class='ocrx_word' id='word_1_156' title='bbox 1486 1442 1605 1495; x_wconf 90' lang='lat' dir='ltr'>uulgi</span> <span class='ocrx_word' id='word_1_157' title='bbox 1638 1441 1826 1483; x_wconf 89' lang='lat' dir='ltr'>animos:</span> 
     </span>
     <span class='ocr_line' id='line_1_20' title="bbox 67 1505 1826 1561; baseline 0.001 -14"><span class='ocrx_word' id='word_1_158' title='bbox 67 1506 139 1559; x_wconf 89' lang='lat' dir='ltr'>qui</span> <span class='ocrx_word' id='word_1_159' title='bbox 160 1505 512 1548; x_wconf 86' lang='lat' dir='ltr'>Ecclesiasticum</span> <span class='ocrx_word' id='word_1_160' title='bbox 545 1505 638 1547; x_wconf 88' lang='lat' dir='ltr'>fere</span> <span class='ocrx_word' id='word_1_161' title='bbox 670 1506 818 1559; x_wconf 86' lang='lat' dir='ltr'>iugum</span> <span class='ocrx_word' id='word_1_162' title='bbox 842 1506 1089 1549; x_wconf 84' lang='lat' dir='ltr'>detrectant</span> <span class='ocrx_word' id='word_1_163' title='bbox 1111 1507 1164 1548; x_wconf 92' lang='lat' dir='ltr'>ab</span> <span class='ocrx_word' id='word_1_164' title='bbox 1188 1506 1306 1549; x_wconf 89' lang='lat' dir='ltr'>auita</span> <span class='ocrx_word' id='word_1_165' title='bbox 1327 1506 1402 1549; x_wconf 85' lang='lat' dir='ltr'>illa</span> <span class='ocrx_word' id='word_1_166' title='bbox 1434 1510 1525 1548; x_wconf 88' lang='lat' dir='ltr'>tum</span> <span class='ocrx_word' id='word_1_167' title='bbox 1548 1506 1826 1561; x_wconf 86' lang='lat' dir='ltr'>simplicitate</span> 
     </span>
     <span class='ocr_line' id='line_1_21' title="bbox 66 1570 1663 1626; baseline 0.001 -14"><span class='ocrx_word' id='word_1_168' title='bbox 66 1574 156 1613; x_wconf 90' lang='lat' dir='ltr'>tum</span> <span class='ocrx_word' id='word_1_169' title='bbox 191 1570 458 1613; x_wconf 86' lang='lat' dir='ltr'>obedientia:</span> <span class='ocrx_word' id='word_1_170' title='bbox 493 1570 547 1613; x_wconf 91' lang='lat' dir='ltr'>ad</span> <span class='ocrx_word' id='word_1_171' title='bbox 579 1571 863 1613; x_wconf 85' lang='lat' dir='ltr'>sectariorum</span> <span class='ocrx_word' id='word_1_172' title='bbox 895 1571 1075 1613; x_wconf 87' lang='lat' dir='ltr'>liberam</span> <span class='ocrx_word' id='word_1_173' title='bbox 1108 1571 1378 1626; x_wconf 85' lang='lat' dir='ltr'>disciplinam</span> <span class='ocrx_word' id='word_1_174' title='bbox 1409 1571 1663 1614; x_wconf 86' lang='lat' dir='ltr'>transferre.</span> 
     </span>
    </p>
   </div>
   <div class='ocr_carea' id='block_1_4' title="bbox 64 1641 1828 2011">
    <p class='ocr_par' dir='ltr' id='par_1_6' title="bbox 64 1641 1828 2011">
     <span class='ocr_line' id='line_1_22' title="bbox 185 1641 1827 1696; baseline 0 -13"><span class='ocrx_word' id='word_1_175' title='bbox 185 1641 334 1684; x_wconf 88' lang='lat' dir='ltr'>Clerus</span> <span class='ocrx_word' id='word_1_176' title='bbox 375 1655 455 1683; x_wconf 91' lang='lat' dir='ltr'>nec</span> <span class='ocrx_word' id='word_1_177' title='bbox 496 1655 597 1683; x_wconf 92' lang='lat' dir='ltr'>suos</span> <span class='ocrx_word' id='word_1_178' title='bbox 638 1642 811 1683; x_wconf 89' lang='lat' dir='ltr'>morbos</span> <span class='ocrx_word' id='word_1_179' title='bbox 853 1655 931 1683; x_wconf 91' lang='lat' dir='ltr'>nec</span> <span class='ocrx_word' id='word_1_180' title='bbox 972 1642 1088 1684; x_wconf 89' lang='lat' dir='ltr'>vllah</span> <span class='ocrx_word' id='word_1_181' title='bbox 1128 1642 1438 1696; x_wconf 89' lang='lat' dir='ltr'>propemodum</span> <span class='ocrx_word' id='word_1_182' title='bbox 1482 1642 1673 1685; x_wconf 89' lang='lat' dir='ltr'>remedia</span> <span class='ocrx_word' id='word_1_183' title='bbox 1713 1642 1827 1684; x_wconf 88' lang='lat' dir='ltr'>ferre</span> 
     </span>
     <span class='ocr_line' id='line_1_23' title="bbox 65 1706 1827 1762; baseline -0.001 -12"><span class='ocrx_word' id='word_1_184' title='bbox 65 1720 192 1762; x_wconf 89' lang='lat' dir='ltr'>posse</span> <span class='ocrx_word' id='word_1_185' title='bbox 223 1706 407 1750; x_wconf 90' lang='lat' dir='ltr'>uidetur.</span> <span class='ocrx_word' id='word_1_186' title='bbox 462 1707 594 1749; x_wconf 92' lang='lat' dir='ltr'>Videt</span> <span class='ocrx_word' id='word_1_187' title='bbox 628 1706 892 1760; x_wconf 87' lang='lat' dir='ltr'>aduersarijs</span> <span class='ocrx_word' id='word_1_188' title='bbox 924 1720 1102 1760; x_wconf 85' lang='lat' dir='ltr'>grauem</span> <span class='ocrx_word' id='word_1_189' title='bbox 1128 1707 1274 1749; x_wconf 89' lang='lat' dir='ltr'>datam</span> <span class='ocrx_word' id='word_1_190' title='bbox 1308 1721 1402 1749; x_wconf 90' lang='lat' dir='ltr'>esse</span> <span class='ocrx_word' id='word_1_191' title='bbox 1436 1721 1623 1758; x_wconf 86' lang='lat' dir='ltr'>causam,</span> <span class='ocrx_word' id='word_1_192' title='bbox 1659 1709 1703 1750; x_wconf 91' lang='lat' dir='ltr'>et</span> <span class='ocrx_word' id='word_1_193' title='bbox 1735 1707 1827 1749; x_wconf 90' lang='lat' dir='ltr'>dari</span> 
     </span>
     <span class='ocr_line' id='line_1_24' title="bbox 65 1771 1828 1823; baseline -0.001 -9"><span class='ocrx_word' id='word_1_194' title='bbox 65 1772 227 1823; x_wconf 89' lang='lat' dir='ltr'>adhuc,</span> <span class='ocrx_word' id='word_1_195' title='bbox 271 1771 497 1814; x_wconf 91' lang='lat' dir='ltr'>incusandi</span> <span class='ocrx_word' id='word_1_196' title='bbox 541 1785 683 1813; x_wconf 87' lang='lat' dir='ltr'>mores</span> <span class='ocrx_word' id='word_1_197' title='bbox 725 1775 768 1814; x_wconf 93' lang='lat' dir='ltr'>et</span> <span class='ocrx_word' id='word_1_198' title='bbox 810 1772 969 1813; x_wconf 88' lang='lat' dir='ltr'>abusus</span> <span class='ocrx_word' id='word_1_199' title='bbox 1010 1772 1439 1815; x_wconf 87' lang='lat' dir='ltr'>Ecclesiasticorum:</span> <span class='ocrx_word' id='word_1_200' title='bbox 1484 1773 1561 1815; x_wconf 89' lang='lat' dir='ltr'>sed</span> <span class='ocrx_word' id='word_1_201' title='bbox 1605 1773 1712 1815; x_wconf 89' lang='lat' dir='ltr'>adeo</span> <span class='ocrx_word' id='word_1_202' title='bbox 1757 1772 1828 1814; x_wconf 91' lang='lat' dir='ltr'>in-</span> 
     </span>
     <span class='ocr_line' id='line_1_25' title="bbox 64 1836 1826 1889; baseline -0.001 -9"><span class='ocrx_word' id='word_1_203' title='bbox 64 1838 357 1881; x_wconf 88' lang='lat' dir='ltr'>tellectum</span> <span class='ocrx_word' id='word_1_204' title='bbox 388 1836 475 1878; x_wconf 77' lang='lat' dir='ltr'>illii</span> <span class='ocrx_word' id='word_1_205' title='bbox 506 1851 590 1878; x_wconf 92' lang='lat' dir='ltr'>non</span> <span class='ocrx_word' id='word_1_206' title='bbox 623 1836 831 1879; x_wconf 88' lang='lat' dir='ltr'>tribuit</span> <span class='ocrx_word' id='word_1_207' title='bbox 862 1836 969 1879; x_wconf 90' lang='lat' dir='ltr'>haec</span> <span class='ocrx_word' id='word_1_208' title='bbox 990 1839 1058 1879; x_wconf 93' lang='lat' dir='ltr'>tot</span> <span class='ocrx_word' id='word_1_209' title='bbox 1085 1851 1293 1880; x_wconf 89' lang='lat' dir='ltr'>annorum</span> <span class='ocrx_word' id='word_1_210' title='bbox 1328 1838 1599 1889; x_wconf 81' lang='lat' dir='ltr'>vexatio2,</span> <span class='ocrx_word' id='word_1_211' title='bbox 1633 1841 1682 1881; x_wconf 90' lang='lat' dir='ltr'>ut</span> <span class='ocrx_word' id='word_1_212' title='bbox 1704 1837 1826 1880; x_wconf 80' lang='lat' dir='ltr'>malit·</span> 
     </span>
     <span class='ocr_line' id='line_1_26' title="bbox 65 1901 1826 1956; baseline -0.001 -11"><span class='ocrx_word' id='word_1_213' title='bbox 65 1903 189 1956; x_wconf 88' lang='lat' dir='ltr'>quasi</span> <span class='ocrx_word' id='word_1_214' title='bbox 220 1902 361 1956; x_wconf 86' lang='lat' dir='ltr'>perire</span> <span class='ocrx_word' id='word_1_215' title='bbox 382 1901 577 1944; x_wconf 89' lang='lat' dir='ltr'>funditus</span> <span class='ocrx_word' id='word_1_216' title='bbox 599 1915 689 1943; x_wconf 90' lang='lat' dir='ltr'>rem</span> <span class='ocrx_word' id='word_1_217' title='bbox 712 1901 1078 1953; x_wconf 90' lang='lat' dir='ltr'>Ecclesiasticam,</span> <span class='ocrx_word' id='word_1_218' title='bbox 1112 1905 1244 1956; x_wconf 88' lang='lat' dir='ltr'>atque</span> <span class='ocrx_word' id='word_1_219' title='bbox 1265 1906 1313 1945; x_wconf 94' lang='lat' dir='ltr'>ut</span> <span class='ocrx_word' id='word_1_220' title='bbox 1335 1903 1449 1946; x_wconf 90' lang='lat' dir='ltr'>sinat</span> <span class='ocrx_word' id='word_1_221' title='bbox 1478 1917 1524 1945; x_wconf 91' lang='lat' dir='ltr'>se</span> <span class='ocrx_word' id='word_1_222' title='bbox 1548 1903 1602 1945; x_wconf 89' lang='lat' dir='ltr'>ad</span> <span class='ocrx_word' id='word_1_223' title='bbox 1625 1902 1826 1945; x_wconf 90' lang='lat' dir='ltr'>sacerdo·</span> 
     </span>
     <span class='ocr_line' id='line_1_27' title="bbox 64 1966 1354 2011; baseline 0 -1"><span class='ocrx_word' id='word_1_224' title='bbox 64 1968 154 2011; x_wconf 90' lang='lat' dir='ltr'>tale</span> <span class='ocrx_word' id='word_1_225' title='bbox 186 1967 375 2010; x_wconf 87' lang='lat' dir='ltr'>officium</span> <span class='ocrx_word' id='word_1_226' title='bbox 408 1970 452 2009; x_wconf 92' lang='lat' dir='ltr'>et</span> <span class='ocrx_word' id='word_1_227' title='bbox 485 1966 831 2009; x_wconf 88' lang='lat' dir='ltr'>obseruationem</span> <span class='ocrx_word' id='word_1_228' title='bbox 864 1967 1084 2009; x_wconf 87' lang='lat' dir='ltr'>Canonum</span> <span class='ocrx_word' id='word_1_229' title='bbox 1115 1968 1312 2010; x_wconf 88' lang='lat' dir='ltr'>reuocari</span> <span class='ocrx_word' id='word_1_230' title='bbox 1325 1969 1354 2011; x_wconf 83' lang='lat'>3.</span> 
     </span>
    </p>
   </div>
   <div class='ocr_carea' id='block_1_5' title="bbox 63 2037 1826 2619">
    <p class='ocr_par' dir='ltr' id='par_1_7' title="bbox 63 2037 1826 2472">
     <span class='ocr_line' id='line_1_28' title="bbox 182 2037 1824 2095; baseline 0.002 -15"><span class='ocrx_word' id='word_1_231' title='bbox 182 2039 354 2092; x_wconf 88' lang='lat' dir='ltr'>Vrgent</span> <span class='ocrx_word' id='word_1_232' title='bbox 386 2052 436 2080; x_wconf 93' lang='lat' dir='ltr'>ac</span> <span class='ocrx_word' id='word_1_233' title='bbox 469 2038 661 2080; x_wconf 90' lang='lat' dir='ltr'>retinent</span> <span class='ocrx_word' id='word_1_234' title='bbox 692 2037 908 2080; x_wconf 91' lang='lat' dir='ltr'>mordicus</span> <span class='ocrx_word' id='word_1_235' title='bbox 941 2038 1150 2081; x_wconf 89' lang='lat' dir='ltr'>usitatam</span> <span class='ocrx_word' id='word_1_236' title='bbox 1182 2039 1391 2082; x_wconf 89' lang='lat' dir='ltr'>hactenus</span> <span class='ocrx_word' id='word_1_237' title='bbox 1424 2040 1541 2082; x_wconf 90' lang='lat' dir='ltr'>uitae</span> <span class='ocrx_word' id='word_1_238' title='bbox 1573 2055 1824 2095; x_wconf 86' lang='lat' dir='ltr'>morumque</span> 
     </span>
     <span class='ocr_line' id='line_1_29' title="bbox 63 2103 1823 2157; baseline 0.001 -11"><span class='ocrx_word' id='word_1_239' title='bbox 63 2103 305 2155; x_wconf 87' lang='lat' dir='ltr'>licentiam,</span> <span class='ocrx_word' id='word_1_240' title='bbox 352 2117 462 2157; x_wconf 88' lang='lat' dir='ltr'>quae</span> <span class='ocrx_word' id='word_1_241' title='bbox 506 2117 583 2157; x_wconf 87' lang='lat' dir='ltr'>per</span> <span class='ocrx_word' id='word_1_242' title='bbox 627 2116 673 2144; x_wconf 89' lang='lat' dir='ltr'>se</span> <span class='ocrx_word' id='word_1_243' title='bbox 720 2103 891 2155; x_wconf 90' lang='lat' dir='ltr'>quidem</span> <span class='ocrx_word' id='word_1_244' title='bbox 938 2103 1110 2146; x_wconf 87' lang='lat' dir='ltr'>uidetur</span> <span class='ocrx_word' id='word_1_245' title='bbox 1155 2104 1479 2155; x_wconf 90' lang='lat' dir='ltr'>intollerabilis,</span> <span class='ocrx_word' id='word_1_246' title='bbox 1525 2108 1569 2148; x_wconf 90' lang='lat' dir='ltr'>et</span> <span class='ocrx_word' id='word_1_247' title='bbox 1612 2120 1823 2148; x_wconf 89' lang='lat' dir='ltr'>summum</span> 
     </span>
     <span class='ocr_line' id='line_1_30' title="bbox 63 2167 1826 2224; baseline 0.002 -13"><span class='ocrx_word' id='word_1_248' title='bbox 63 2169 267 2223; x_wconf 91' lang='lat' dir='ltr'>probrum</span> <span class='ocrx_word' id='word_1_249' title='bbox 301 2168 471 2211; x_wconf 78' lang='lat' dir='ltr'>adfertk</span> <span class='ocrx_word' id='word_1_250' title='bbox 502 2167 583 2210; x_wconf 91' lang='lat' dir='ltr'>toti</span> <span class='ocrx_word' id='word_1_251' title='bbox 618 2167 786 2211; x_wconf 87' lang='lat' dir='ltr'>ordini¹.</span> <span class='ocrx_word' id='word_1_252' title='bbox 851 2169 911 2211; x_wconf 90' lang='lat' dir='ltr'>At</span> <span class='ocrx_word' id='word_1_253' title='bbox 942 2167 1115 2211; x_wconf 78' lang='lat' dir='ltr'>interin&#39;i</span> <span class='ocrx_word' id='word_1_254' title='bbox 1146 2169 1267 2211; x_wconf 91' lang='lat' dir='ltr'>nihili</span> <span class='ocrx_word' id='word_1_255' title='bbox 1299 2170 1491 2224; x_wconf 86' lang='lat' dir='ltr'>pendunt</span> <span class='ocrx_word' id='word_1_256' title='bbox 1530 2173 1714 2221; x_wconf 88' lang='lat' dir='ltr'>veteres,</span> <span class='ocrx_word' id='word_1_257' title='bbox 1757 2185 1826 2214; x_wconf 89' lang='lat' dir='ltr'>re-</span> 
     </span>
     <span class='ocr_line' id='line_1_31' title="bbox 65 2233 1824 2289; baseline 0 -12"><span class='ocrx_word' id='word_1_258' title='bbox 65 2237 216 2289; x_wconf 89' lang='lat' dir='ltr'>ceptas</span> <span class='ocrx_word' id='word_1_259' title='bbox 249 2237 293 2276; x_wconf 90' lang='lat' dir='ltr'>et</span> <span class='ocrx_word' id='word_1_260' title='bbox 334 2233 573 2275; x_wconf 89' lang='lat' dir='ltr'>laudabiles</span> <span class='ocrx_word' id='word_1_261' title='bbox 607 2233 939 2275; x_wconf 84' lang='lat' dir='ltr'>consuetudines</span> <span class='ocrx_word' id='word_1_262' title='bbox 977 2236 1022 2277; x_wconf 90' lang='lat' dir='ltr'>et</span> <span class='ocrx_word' id='word_1_263' title='bbox 1055 2234 1388 2277; x_wconf 88' lang='lat' dir='ltr'>constitutiones</span> <span class='ocrx_word' id='word_1_264' title='bbox 1429 2235 1471 2276; x_wconf 93' lang='lat' dir='ltr'>in</span> <span class='ocrx_word' id='word_1_265' title='bbox 1512 2235 1579 2276; x_wconf 90' lang='lat' dir='ltr'>his</span> <span class='ocrx_word' id='word_1_266' title='bbox 1621 2249 1730 2288; x_wconf 89' lang='lat' dir='ltr'>quae</span> <span class='ocrx_word' id='word_1_267' title='bbox 1771 2236 1824 2278; x_wconf 91' lang='lat' dir='ltr'>ad</span> 
     </span>
     <span class='ocr_line' id='line_1_32' title="bbox 65 2298 1825 2355; baseline 0.001 -13"><span class='ocrx_word' id='word_1_268' title='bbox 65 2300 228 2342; x_wconf 91' lang='lat' dir='ltr'>cultum</span> <span class='ocrx_word' id='word_1_269' title='bbox 260 2298 464 2348; x_wconf 85' lang='lat' dir='ltr'>diuinum,</span> <span class='ocrx_word' id='word_1_270' title='bbox 509 2311 655 2339; x_wconf 87' lang='lat' dir='ltr'>curam</span> <span class='ocrx_word' id='word_1_271' title='bbox 689 2298 943 2347; x_wconf 82' lang='lat' dir='ltr'>animarum,</span> <span class='ocrx_word' id='word_1_272' title='bbox 978 2302 1021 2341; x_wconf 89' lang='lat' dir='ltr'>et</span> <span class='ocrx_word' id='word_1_273' title='bbox 1053 2299 1172 2342; x_wconf 91' lang='lat' dir='ltr'>uitae</span> <span class='ocrx_word' id='word_1_274' title='bbox 1203 2299 1474 2343; x_wconf 85' lang='lat' dir='ltr'>honestatem</span> <span class='ocrx_word' id='word_1_275' title='bbox 1508 2301 1696 2342; x_wconf 78' lang='lat' dir='ltr'>maxime</span> <span class='ocrx_word' id='word_1_276' title='bbox 1728 2315 1825 2355; x_wconf 91' lang='lat' dir='ltr'>per-</span> 
     </span>
     <span class='ocr_line' id='line_1_33' title="bbox 64 2362 1826 2419; baseline 0.001 -12"><span class='ocrx_word' id='word_1_277' title='bbox 64 2364 229 2407; x_wconf 85' lang='lat' dir='ltr'>tinent:</span> <span class='ocrx_word' id='word_1_278' title='bbox 271 2364 315 2405; x_wconf 92' lang='lat' dir='ltr'>in</span> <span class='ocrx_word' id='word_1_279' title='bbox 348 2362 532 2405; x_wconf 88' lang='lat' dir='ltr'>caeteris</span> <span class='ocrx_word' id='word_1_280' title='bbox 565 2362 667 2404; x_wconf 91' lang='lat' dir='ltr'>nihil</span> <span class='ocrx_word' id='word_1_281' title='bbox 702 2364 931 2406; x_wconf 89' lang='lat' dir='ltr'>remittunt</span> <span class='ocrx_word' id='word_1_282' title='bbox 963 2364 1015 2406; x_wconf 88' lang='lat' dir='ltr'>de</span> <span class='ocrx_word' id='word_1_283' title='bbox 1047 2365 1136 2407; x_wconf 90' lang='lat' dir='ltr'>suis</span> <span class='ocrx_word' id='word_1_284' title='bbox 1168 2365 1344 2416; x_wconf 88' lang='lat' dir='ltr'>iuribus,</span> <span class='ocrx_word' id='word_1_285' title='bbox 1379 2365 1617 2419; x_wconf 87' lang='lat' dir='ltr'>priuilegijs</span> <span class='ocrx_word' id='word_1_286' title='bbox 1650 2368 1692 2408; x_wconf 87' lang='lat' dir='ltr'>et</span> <span class='ocrx_word' id='word_1_287' title='bbox 1726 2380 1826 2408; x_wconf 91' lang='lat' dir='ltr'>con-</span> 
     </span>
     <span class='ocr_line' id='line_1_34' title="bbox 65 2429 377 2472; baseline 0 0"><span class='ocrx_word' id='word_1_288' title='bbox 65 2429 377 2472; x_wconf 89' lang='lat' dir='ltr'>suetudinibus.</span> 
     </span>
    </p>

    <p class='ocr_par' dir='ltr' id='par_1_8' title="bbox 65 2498 1825 2619">
     <span class='ocr_line' id='line_1_35' title="bbox 183 2498 1823 2554; baseline 0.001 -13"><span class='ocrx_word' id='word_1_289' title='bbox 183 2498 387 2554; x_wconf 87' lang='lat' dir='ltr'>Episcopi</span> <span class='ocrx_word' id='word_1_290' title='bbox 419 2502 463 2542; x_wconf 92' lang='lat' dir='ltr'>et</span> <span class='ocrx_word' id='word_1_291' title='bbox 495 2499 566 2552; x_wconf 87' lang='lat' dir='ltr'>alij</span> <span class='ocrx_word' id='word_1_292' title='bbox 591 2498 818 2541; x_wconf 89' lang='lat' dir='ltr'>Praesides</span> <span class='ocrx_word' id='word_1_293' title='bbox 840 2500 1151 2551; x_wconf 88' lang='lat' dir='ltr'>Ecclesiastici,</span> <span class='ocrx_word' id='word_1_294' title='bbox 1181 2501 1252 2554; x_wconf 90' lang='lat' dir='ltr'>qui</span> <span class='ocrx_word' id='word_1_295' title='bbox 1275 2503 1376 2543; x_wconf 87' lang='lat' dir='ltr'>sunt</span> <span class='ocrx_word' id='word_1_296' title='bbox 1398 2501 1523 2542; x_wconf 91' lang='lat' dir='ltr'>hodie</span> <span class='ocrx_word' id='word_1_297' title='bbox 1547 2501 1823 2552; x_wconf 85' lang='lat' dir='ltr'>cordatiores,</span> 
     </span>
     <span class='ocr_line' id='line_1_36' title="bbox 65 2564 1825 2619; baseline 0.001 -12"><span class='ocrx_word' id='word_1_298' title='bbox 65 2567 264 2607; x_wconf 89' lang='lat' dir='ltr'>metuunt</span> <span class='ocrx_word' id='word_1_299' title='bbox 296 2578 341 2605; x_wconf 89' lang='lat' dir='ltr'>se</span> <span class='ocrx_word' id='word_1_300' title='bbox 375 2564 591 2617; x_wconf 80' lang='lat' dir='ltr'>repulsam</span> <span class='ocrx_word' id='word_1_301' title='bbox 625 2578 830 2617; x_wconf 87' lang='lat' dir='ltr'>passuros</span> <span class='ocrx_word' id='word_1_302' title='bbox 863 2564 899 2606; x_wconf 91' lang='lat' dir='ltr'>si</span> <span class='ocrx_word' id='word_1_303' title='bbox 932 2579 958 2607; x_wconf 88' lang='lat' dir='ltr'>a</span> <span class='ocrx_word' id='word_1_304' title='bbox 980 2565 1229 2608; x_wconf 90' lang='lat' dir='ltr'>Canonicis:</span> <span class='ocrx_word' id='word_1_305' title='bbox 1264 2566 1331 2607; x_wconf 90' lang='lat' dir='ltr'>uel</span> <span class='ocrx_word' id='word_1_306' title='bbox 1365 2566 1477 2607; x_wconf 90' lang='lat' dir='ltr'>leuia</span> <span class='ocrx_word' id='word_1_307' title='bbox 1500 2566 1736 2619; x_wconf 82' lang='lat' dir='ltr'>quaedam:</span> <span class='ocrx_word' id='word_1_308' title='bbox 1771 2567 1825 2609; x_wconf 90' lang='lat' dir='ltr'>ad</span> 
     </span>
    </p>
   </div>
   <div class='ocr_carea' id='block_1_6' title="bbox 64 2666 1824 2823">
    <p class='ocr_par' dir='ltr' id='par_1_9' title="bbox 64 2666 1824 2823">
     <span class='ocr_line' id='line_1_37' title="bbox 183 2666 1821 2700; baseline 0.001 -7"><span class='ocrx_word' id='word_1_309' title='bbox 183 2668 211 2698; x_wconf 82' lang='lat' dir='ltr'>a)</span> <span class='ocrx_word' id='word_1_310' title='bbox 232 2669 258 2693; x_wconf 76' lang='lat' dir='ltr'><em>R</em></span> <span class='ocrx_word' id='word_1_311' title='bbox 279 2668 375 2692; x_wconf 73' lang='lat' dir='ltr'>minus</span> <span class='ocrx_word' id='word_1_312' title='bbox 395 2671 485 2693; x_wconf 80' lang='lat' dir='ltr'>recte:</span> <span class='ocrx_word' id='word_1_313' title='bbox 505 2667 653 2693; x_wconf 86' lang='lat' dir='ltr'>nimirum.</span> <span class='ocrx_word' id='word_1_314' title='bbox 739 2666 769 2699; x_wconf 91' lang='lat' dir='ltr'>b)</span> <span class='ocrx_word' id='word_1_315' title='bbox 791 2669 850 2692; x_wconf 82' lang='lat' dir='ltr'>Hoc</span> <span class='ocrx_word' id='word_1_316' title='bbox 871 2676 893 2692; x_wconf 74' lang='grc' dir='ltr'>ι’.</span> <span class='ocrx_word' id='word_1_317' title='bbox 914 2676 969 2692; x_wconf 77' lang='lat' dir='ltr'>non</span> <span class='ocrx_word' id='word_1_318' title='bbox 990 2671 1031 2693; x_wconf 75' lang='lat' dir='ltr'>est</span> <span class='ocrx_word' id='word_1_319' title='bbox 1050 2669 1129 2700; x_wconf 70' lang='lat' dir='ltr'>apud</span> <span class='ocrx_word' id='word_1_320' title='bbox 1150 2670 1185 2694; x_wconf 79' lang='lat' dir='ltr'>R.</span> <span class='ocrx_word' id='word_1_321' title='bbox 1267 2669 1293 2699; x_wconf 89' lang='lat' dir='ltr'>c)</span> <span class='ocrx_word' id='word_1_322' title='bbox 1316 2669 1360 2692; x_wconf 79' lang='lat' dir='ltr'>Ita</span> <span class='ocrx_word' id='word_1_323' title='bbox 1382 2669 1459 2698; x_wconf 68' lang='lat' dir='ltr'>AR,-</span> <span class='ocrx_word' id='word_1_324' title='bbox 1479 2669 1717 2700; x_wconf 64' lang='lat' dir='ltr'>vorriyenclunme</span> <span class='ocrx_word' id='word_1_325' title='bbox 1737 2668 1821 2695; x_wconf 77' lang='lat' dir='ltr'>illis?</span> 
     </span>
     <span class='ocr_line' id='line_1_38' title="bbox 65 2708 1824 2742; baseline 0.001 -8"><span class='ocrx_word' id='word_1_326' title='bbox 65 2709 94 2740; x_wconf 86' lang='lat' dir='ltr'>d)</span> <span class='ocrx_word' id='word_1_327' title='bbox 116 2710 162 2735; x_wconf 77' lang='lat' dir='ltr'>sic</span> <span class='ocrx_word' id='word_1_328' title='bbox 176 2711 253 2741; x_wconf 62' lang='lat' dir='ltr'>AR·</span> <span class='ocrx_word' id='word_1_329' title='bbox 273 2710 511 2741; x_wconf 69' lang='lat' dir='ltr'>eorriyendumne</span> <span class='ocrx_word' id='word_1_330' title='bbox 532 2708 691 2742; x_wconf 80' lang='lat' dir='ltr'>paratam?</span> <span class='ocrx_word' id='word_1_331' title='bbox 754 2710 780 2739; x_wconf 81' lang='lat' dir='ltr'>e)</span> <span class='ocrx_word' id='word_1_332' title='bbox 802 2710 862 2733; x_wconf 75' lang='lat' dir='ltr'>Hoc</span> <span class='ocrx_word' id='word_1_333' title='bbox 884 2717 905 2734; x_wconf 73' lang='lat' dir='ltr'>v.</span> <span class='ocrx_word' id='word_1_334' title='bbox 922 2717 975 2734; x_wconf 82' lang='lat' dir='ltr'>non</span> <span class='ocrx_word' id='word_1_335' title='bbox 996 2712 1037 2734; x_wconf 72' lang='lat' dir='ltr'>est</span> <span class='ocrx_word' id='word_1_336' title='bbox 1057 2710 1136 2741; x_wconf 68' lang='lat' dir='ltr'>apwl</span> <span class='ocrx_word' id='word_1_337' title='bbox 1152 2711 1184 2735; x_wconf 80' lang='lat' dir='ltr'>R.</span> <span class='ocrx_word' id='word_1_338' title='bbox 1254 2709 1281 2735; x_wconf 70' lang='lat' dir='ltr'>f)</span> <span class='ocrx_word' id='word_1_339' title='bbox 1302 2709 1518 2742; x_wconf 75' lang='lat' dir='ltr'>plandimentis</span> <span class='ocrx_word' id='word_1_340' title='bbox 1535 2713 1568 2734; x_wconf 68' lang='lat' dir='ltr'>A.</span> <span class='ocrx_word' id='word_1_341' title='bbox 1632 2710 1662 2742; x_wconf 84' lang='lat' dir='ltr'>g)</span> <span class='ocrx_word' id='word_1_342' title='bbox 1677 2709 1775 2736; x_wconf 76' lang='lat' dir='ltr'>Mutat</span> <span class='ocrx_word' id='word_1_343' title='bbox 1790 2711 1824 2736; x_wconf 79' lang='lat' dir='ltr'>R.</span> 
     </span>
     <span class='ocr_line' id='line_1_39' title="bbox 64 2749 1823 2784; baseline 0.001 -8"><span class='ocrx_word' id='word_1_344' title='bbox 64 2750 95 2782; x_wconf 83' lang='lat' dir='ltr'>h)</span> <span class='ocrx_word' id='word_1_345' title='bbox 117 2752 143 2776; x_wconf 84' lang='lat' dir='ltr'><em>R</em></span> <span class='ocrx_word' id='word_1_346' title='bbox 162 2752 258 2776; x_wconf 76' lang='lat' dir='ltr'>minus</span> <span class='ocrx_word' id='word_1_347' title='bbox 278 2755 369 2776; x_wconf 78' lang='lat' dir='ltr'>recte:</span> <span class='ocrx_word' id='word_1_348' title='bbox 389 2750 448 2776; x_wconf 84' lang='lat' dir='ltr'>illa.</span> <span class='ocrx_word' id='word_1_349' title='bbox 528 2750 547 2782; x_wconf 86' lang='lat' dir='ltr'>i)</span> <span class='ocrx_word' id='word_1_350' title='bbox 569 2749 629 2775; x_wconf 83' lang='lat' dir='ltr'>illis</span> <span class='ocrx_word' id='word_1_351' title='bbox 650 2752 694 2781; x_wconf 72' lang='lat' dir='ltr'>A,-</span> <span class='ocrx_word' id='word_1_352' title='bbox 721 2751 747 2775; x_wconf 78' lang='lat' dir='ltr'><strong><em>R</em></strong></span> <span class='ocrx_word' id='word_1_353' title='bbox 772 2758 826 2775; x_wconf 81' lang='lat' dir='ltr'>non</span> <span class='ocrx_word' id='word_1_354' title='bbox 853 2751 936 2775; x_wconf 77' lang='lat' dir='ltr'>habet</span> <span class='ocrx_word' id='word_1_355' title='bbox 962 2752 1012 2775; x_wconf 80' lang='lat' dir='ltr'>hoc</span> <span class='ocrx_word' id='word_1_356' title='bbox 1039 2759 1061 2776; x_wconf 80' lang='lat' dir='ltr'>v.</span> <span class='ocrx_word' id='word_1_357' title='bbox 1144 2750 1174 2781; x_wconf 70' lang='lat' dir='ltr'>k)</span> <span class='ocrx_word' id='word_1_358' title='bbox 1196 2752 1241 2776; x_wconf 73' lang='lat' dir='ltr'>Ita</span> <span class='ocrx_word' id='word_1_359' title='bbox 1268 2751 1298 2775; x_wconf 72' lang='grc' dir='ltr'><em>τή</em></span> <span class='ocrx_word' id='word_1_360' title='bbox 1321 2752 1343 2774; x_wconf 68' lang='grc' dir='ltr'><strong><em>Α</em></strong></span> <span class='ocrx_word' id='word_1_361' title='bbox 1366 2751 1426 2775; x_wconf 75' lang='lat' dir='ltr'>alia</span> <span class='ocrx_word' id='word_1_362' title='bbox 1447 2751 1570 2782; x_wconf 62' lang='lat' dir='ltr'>quadam</span> <span class='ocrx_word' id='word_1_363' title='bbox 1594 2760 1680 2776; x_wconf 67' lang='lat' dir='ltr'>manu</span> <span class='ocrx_word' id='word_1_364' title='bbox 1702 2753 1823 2784; x_wconf 75' lang='lat' dir='ltr'>antiqua</span> 
     </span>
     <span class='ocr_line' id='line_1_40' title="bbox 64 2791 1702 2823; baseline 0 -6"><span class='ocrx_word' id='word_1_365' title='bbox 64 2796 221 2818; x_wconf 80' lang='lat' dir='ltr'>correctum</span> <span class='ocrx_word' id='word_1_366' title='bbox 242 2796 283 2818; x_wconf 75' lang='lat' dir='ltr'>est</span> <span class='ocrx_word' id='word_1_367' title='bbox 303 2801 338 2817; x_wconf 61' lang='lat' dir='ltr'>esc</span> <span class='ocrx_word' id='word_1_368' title='bbox 358 2792 486 2817; x_wconf 78' lang='lat' dir='ltr'>adferet.</span> <span class='ocrx_word' id='word_1_369' title='bbox 559 2791 579 2823; x_wconf 89' lang='lat' dir='ltr'>l)</span> <span class='ocrx_word' id='word_1_370' title='bbox 602 2793 704 2821; x_wconf 77' lang='lat' dir='ltr'>Manu,</span> <span class='ocrx_word' id='word_1_371' title='bbox 724 2800 809 2823; x_wconf 79' lang='lat' dir='ltr'>quam</span> <span class='ocrx_word' id='word_1_372' title='bbox 829 2800 922 2823; x_wconf 80' lang='lat' dir='ltr'>supra</span> <span class='ocrx_word' id='word_1_373' title='bbox 944 2792 1023 2817; x_wconf 67' lang='lat' dir='ltr'>(adn.</span> <span class='ocrx_word' id='word_1_374' title='bbox 1044 2793 1073 2821; x_wconf 69' lang='lat' dir='ltr'>lc)</span> <span class='ocrx_word' id='word_1_375' title='bbox 1097 2793 1172 2822; x_wconf 53' lang='lat' dir='ltr'>dia-5,</span> <span class='ocrx_word' id='word_1_376' title='bbox 1198 2794 1212 2816; x_wconf 70' lang='lat'><strong><em>4</em></strong></span> <span class='ocrx_word' id='word_1_377' title='bbox 1236 2800 1276 2817; x_wconf 76' lang='grc' dir='ltr'>ιἰ·,</span> <span class='ocrx_word' id='word_1_378' title='bbox 1296 2800 1353 2823; x_wconf 62' lang='lat' dir='ltr'>sqq.</span> <span class='ocrx_word' id='word_1_379' title='bbox 1376 2793 1404 2816; x_wconf 80' lang='lat' dir='ltr'>in</span> <span class='ocrx_word' id='word_1_380' title='bbox 1428 2795 1449 2817; x_wconf 31' lang='grc' dir='ltr'>,Δί</span> <span class='ocrx_word' id='word_1_381' title='bbox 1472 2793 1558 2823; x_wconf 70' lang='lat' dir='ltr'>suppl</span> <span class='ocrx_word' id='word_1_382' title='bbox 1578 2796 1605 2817; x_wconf 71' lang='grc' dir='ltr'>τα</span> <span class='ocrx_word' id='word_1_383' title='bbox 1626 2797 1702 2818; x_wconf 72' lang='lat' dir='ltr'>sunt.</span> 
     </span>
    </p>
   </div>
   <div class='ocr_carea' id='block_1_7' title="bbox 187 2961 1820 3008">
    <p class='ocr_par' dir='ltr' id='par_1_10' title="bbox 187 2961 1820 3008">
     <span class='ocr_line' id='line_1_41' title="bbox 187 2961 1820 3008; baseline 0 -11"><span class='ocrx_word' id='word_1_384' title='bbox 187 2965 195 2983; x_wconf 92' lang='lat'><strong>¹</strong></span> <span class='ocrx_word' id='word_1_385' title='bbox 225 2963 389 2997; x_wconf 85' lang='lat' dir='ltr'>Canisius</span> <span class='ocrx_word' id='word_1_386' title='bbox 415 2962 576 3008; x_wconf 86' lang='lat' dir='ltr'>proxime</span> <span class='ocrx_word' id='word_1_387' title='bbox 603 2962 785 3005; x_wconf 77' lang='lat' dir='ltr'>signifieat</span> <span class='ocrx_word' id='word_1_388' title='bbox 803 2961 1020 2995; x_wconf 62' lang='lat' dir='ltr'>Fra-neoniae</span> <span class='ocrx_word' id='word_1_389' title='bbox 1048 2961 1289 3002; x_wconf 81' lang='lat' dir='ltr'>nobilitate1n;</span> <span class='ocrx_word' id='word_1_390' title='bbox 1318 2961 1360 2995; x_wconf 83' lang='lat' dir='ltr'>de</span> <span class='ocrx_word' id='word_1_391' title='bbox 1387 2973 1457 3005; x_wconf 80' lang='lat' dir='ltr'>qua</span> <span class='ocrx_word' id='word_1_392' title='bbox 1483 2963 1528 2996; x_wconf 84' lang='lat' dir='ltr'>cf.</span> <span class='ocrx_word' id='word_1_393' title='bbox 1555 2973 1663 3006; x_wconf 77' lang='lat' dir='ltr'>supra</span> <span class='ocrx_word' id='word_1_394' title='bbox 1690 2974 1722 3007; x_wconf 91' lang='lat' dir='ltr'>p.</span> <span class='ocrx_word' id='word_1_395' title='bbox 1745 2962 1820 2998; x_wconf 81' lang='lat'>128.</span> 
     </span>
    </p>
   </div>
   <div class='ocr_carea' id='block_1_8' title="bbox 66 3022 1822 3231">
    <p class='ocr_par' dir='ltr' id='par_1_11' title="bbox 184 3022 422 3063">
     <span class='ocr_line' id='line_1_42' title="bbox 184 3022 422 3063; baseline 0.004 -8"><span class='ocrx_word' id='word_1_396' title='bbox 184 3022 196 3042; x_wconf 83' lang='lat'><strong>²</strong></span> <span class='ocrx_word' id='word_1_397' title='bbox 223 3022 258 3056; x_wconf 85' lang='lat' dir='ltr'>Is</span> <span class='ocrx_word' id='word_1_398' title='bbox 284 3022 339 3063; x_wconf 79' lang='lat'>28,</span> <span class='ocrx_word' id='word_1_399' title='bbox 368 3022 422 3057; x_wconf 87' lang='lat'>19.</span> 
     </span>
    </p>

    <p class='ocr_par' dir='ltr' id='par_1_12' title="bbox 66 3078 1822 3231">
     <span class='ocr_line' id='line_1_43' title="bbox 185 3078 1821 3125; baseline 0.001 -11"><span class='ocrx_word' id='word_1_400' title='bbox 185 3081 197 3100; x_wconf 84' lang='lat'><strong>³</strong></span> <span class='ocrx_word' id='word_1_401' title='bbox 223 3080 405 3115; x_wconf 85' lang='lat' dir='ltr'>Similibus</span> <span class='ocrx_word' id='word_1_402' title='bbox 424 3080 545 3115; x_wconf 84' lang='lat' dir='ltr'>verbis</span> <span class='ocrx_word' id='word_1_403' title='bbox 572 3080 666 3114; x_wconf 90' lang='lat' dir='ltr'>circa</span> <span class='ocrx_word' id='word_1_404' title='bbox 694 3079 786 3113; x_wconf 86' lang='lat' dir='ltr'>idem</span> <span class='ocrx_word' id='word_1_405' title='bbox 812 3081 954 3123; x_wconf 84' lang='lat' dir='ltr'>tempus</span> <span class='ocrx_word' id='word_1_406' title='bbox 981 3080 1022 3113; x_wconf 84' lang='lat' dir='ltr'>de</span> <span class='ocrx_word' id='word_1_407' title='bbox 1050 3078 1135 3113; x_wconf 86' lang='lat' dir='ltr'>cleri</span> <span class='ocrx_word' id='word_1_408' title='bbox 1162 3078 1285 3113; x_wconf 82' lang='lat' dir='ltr'>bavari</span> <span class='ocrx_word' id='word_1_409' title='bbox 1314 3079 1414 3114; x_wconf 87' lang='lat' dir='ltr'>vitiis</span> <span class='ocrx_word' id='word_1_410' title='bbox 1440 3091 1485 3113; x_wconf 82' lang='lat' dir='ltr'>ex</span> <span class='ocrx_word' id='word_1_411' title='bbox 1511 3080 1587 3125; x_wconf 89' lang='lat' dir='ltr'>ipso</span> <span class='ocrx_word' id='word_1_412' title='bbox 1613 3091 1714 3115; x_wconf 85' lang='lat' dir='ltr'>sacro</span> <span class='ocrx_word' id='word_1_413' title='bbox 1741 3092 1821 3124; x_wconf 87' lang='lat' dir='ltr'>sug-</span> 
     </span>
     <span class='ocr_line' id='line_1_44' title="bbox 66 3132 1822 3178; baseline 0.001 -12"><span class='ocrx_word' id='word_1_414' title='bbox 66 3134 170 3174; x_wconf 81' lang='lat' dir='ltr'>gestu</span> <span class='ocrx_word' id='word_1_415' title='bbox 205 3133 315 3167; x_wconf 83' lang='lat' dir='ltr'>semel</span> <span class='ocrx_word' id='word_1_416' title='bbox 351 3136 459 3178; x_wconf 86' lang='lat' dir='ltr'>atque</span> <span class='ocrx_word' id='word_1_417' title='bbox 495 3135 625 3167; x_wconf 86' lang='lat' dir='ltr'>iterum</span> <span class='ocrx_word' id='word_1_418' title='bbox 662 3134 879 3176; x_wconf 85' lang='lat' dir='ltr'>conquestus</span> <span class='ocrx_word' id='word_1_419' title='bbox 914 3134 968 3165; x_wconf 84' lang='lat' dir='ltr'>est</span> <span class='ocrx_word' id='word_1_420' title='bbox 1001 3132 1178 3166; x_wconf 77' lang='lat' dir='ltr'>Martinus</span> <span class='ocrx_word' id='word_1_421' title='bbox 1205 3132 1426 3176; x_wconf 81' lang='lat' dir='ltr'>Eisengrein,</span> <span class='ocrx_word' id='word_1_422' title='bbox 1462 3133 1687 3168; x_wconf 83' lang='lat' dir='ltr'>consiliarius</span> <span class='ocrx_word' id='word_1_423' title='bbox 1722 3134 1822 3168; x_wconf 85' lang='lat' dir='ltr'>ducis</span> 
     </span>
     <span class='ocr_line' id='line_1_45' title="bbox 67 3185 1677 3231; baseline 0.002 -13"><span class='ocrx_word' id='word_1_424' title='bbox 67 3185 242 3219; x_wconf 83' lang='lat' dir='ltr'>Bavariae</span> <span class='ocrx_word' id='word_1_425' title='bbox 269 3189 304 3220; x_wconf 88' lang='lat' dir='ltr'>et</span> <span class='ocrx_word' id='word_1_426' title='bbox 330 3187 556 3231; x_wconf 86' lang='lat' dir='ltr'>praepositus</span> <span class='ocrx_word' id='word_1_427' title='bbox 582 3185 869 3229; x_wconf 84' lang='lat' dir='ltr'>mosburgensis;</span> <span class='ocrx_word' id='word_1_428' title='bbox 898 3197 930 3219; x_wconf 72' lang='grc' dir='ltr'>ν.</span> <span class='ocrx_word' id='word_1_429' title='bbox 960 3186 1103 3229; x_wconf 68' lang='lat' dir='ltr'>Pslegrer,</span> <span class='ocrx_word' id='word_1_430' title='bbox 1130 3185 1263 3220; x_wconf 85' lang='lat' dir='ltr'>Martin</span> <span class='ocrx_word' id='word_1_431' title='bbox 1290 3185 1500 3230; x_wconf 80' lang='lat' dir='ltr'>Eisengrein</span> <span class='ocrx_word' id='word_1_432' title='bbox 1530 3187 1677 3221; x_wconf 83' lang='lat'>16—17.</span> 
     </span>
    </p>
   </div>
  </div>
 </body>
</html>
