2077 3461
233 185 316 226 150
430 183 531 217 1269.
559 182 643 217 Can.
671 183 852 217 Bernardo
880 194 899 217 a
925 182 1106 217 Raesfeld.
1149 183 1302 217 Monast.
1329 182 1495 228 westph.
1526 183 1578 218 13.
1606 183 1690 217 Dec.
1720 183 1821 218 1565.

228 301 524 344 authenticum
547 300 651 343 dicti
674 300 842 343 concilii
864 301 1083 343 adferret³
1115 301 1366 354 exemplar1
1399 315 1494 342 cum
1517 301 1653 343 literis
1676 301 1984 344 admonitoriis.

228 367 389 409 Verum
429 366 591 408 infelici
631 366 816 419 quodam
859 369 1018 408 eventu
1059 365 1290 420 impeditus
1331 365 1402 407 ille
1446 366 1526 408 fuit
1562 365 1751 416 nuntius,
1793 368 1841 408 ut
1874 367 1987 419 quod

227 432 403 474 volebat
443 434 487 474 et
520 431 718 482 debebat,
760 431 940 473 reddere
981 445 1066 472 000
1107 430 1339 484 potuerit‘2.
1401 431 1548 484 Jgitur
1588 430 1690 472 mihi
1723 431 1871 474 datum
1903 430 1988 473 fuit

226 497 307 538 1100
339 510 505 545 munus,
539 499 587 539 ut
619 496 792 538 easdem
824 496 975 538 literas
1007 495 1164 538 iterum
1187 495 1351 537 Romae
1377 495 1562 549 scriptas
1594 510 1680 538 una
1712 510 1807 538 cum
1841 509 1986 537 exem-

225 561 336 615 plari
369 561 536 615 concilij
579 575 605 603 a
637 561 720 603 fide
753 561 893 614 dignis
924 560 1120 602 Notariis
1157 560 1400 614 subscripto
1432 563 1550 602 recte
1591 560 1839 609 mittendas,
1883 562 1986 602 offe-

224 626 468 679 rendasque
500 626 771 680 amplitudini
802 628 905 668 tuae
939 625 1130 667 officiose
1162 639 1373 668 curarem.
1426 625 1520 679 Ego
1543 639 1647 667 vero
1674 625 1983 674 desiderabam,

225 705 320 732 cum
352 691 434 733 huc
464 695 698 746 propterea
729 691 958 741 venissem,
991 691 1071 732 hoc
1105 690 1309 744 quidquid
1331 692 1398 732 est
1420 690 1583 743 negotii
1607 704 1701 732 cum
1725 690 1985 732 Celsitudine

224 759 302 798 tua
343 770 486 798 coram
528 771 660 810 agere
702 759 832 809 atque
874 770 1014 798 meam
1056 755 1114 797 illi
1159 769 1334 809 operam
1376 756 1430 797 ad
1473 755 1616 797 omnia
1656 755 1896 809 promtamb
1935 769 1984 797 ac

222 823 423 874 paratam
456 822 623 865 offerre.
682 821 908 864 Caeterum
943 821 1043 874 quia
1073 823 1244 875 tempus
1278 821 1332 863 ad
1362 821 1529 873 reliqua
1561 820 1666 862 mihi
1698 820 1986 863 00011001οᾶ0ο

222 887 399 939 negotia
432 886 635 939 exiguum
669 886 810 936 datur,
852 900 930 928 nec
973 886 1043 928 diu
1084 900 1259 939 possum
1291 886 1345 928 ab
1377 885 1647 939 Augustanis
1680 886 1845 935 abesse,
1887 899 1984 939 per-

224 951 397 993 difficile
429 951 533 993 milii
556 952 697 994 visum
729 951 812 994 fuit
845 951 899 993 ad
932 951 1227 1006 amplitudinis
1259 954 1362 994 tuae
1394 952 1537 993 aulam
1571 964 1814 992 excurrere.
1860 951 1984 992 Vnde

223 1020 292 1058 sat
323 1016 453 1058 habui
483 1017 759 1059 tabellarium
800 1016 1005 1071 reperire,
1049 1017 1118 1069 qui
1157 1016 1365 1070 scriptum
1397 1016 1501 1058 illud
1536 1016 1659 1058 Pont.
1694 1016 1810 1058 Max.
1845 1016 1984 1070 dupli-

223 1084 365 1123 catum
399 1084 448 1124 ut
481 1082 582 1133 dixi,
617 1085 660 1125 et
688 1082 983 1125 authenticum
1016 1081 1182 1124 concilii
1216 1081 1462 1135 publicandi
1495 1081 1718 1135 exemplar
1750 1095 1845 1122 cum
1877 1081 1983 1123 meis

221 1146 414 1189 adferret
444 1147 582 1189 literis
615 1147 913 1190 excusatoriis.

339 1212 432 1253 Hoc
465 1227 594 1254 unum
628 1227 740 1254 nunc
773 1213 1018 1266 adiungam,
1052 1226 1120 1254 me
1154 1225 1389 1266 percupere
1421 1214 1465 1253 et
1497 1224 1523 1252 a
1556 1211 1728 1253 Summo
1762 1211 1852 1252 Deo
1885 1225 1983 1265 pre-

224 1276 313 1318 cari
336 1278 537 1328 maxime,
561 1278 702 1332 pietas
725 1280 774 1320 ut
795 1280 872 1320 tua
894 1280 1062 1332 pergat,
1088 1278 1139 1319 de
1162 1277 1242 1319 hac
1265 1275 1422 1329 insigni
1445 1276 1628 1318 ecclesia
1650 1275 1982 1317 Monasteriensi

221 1341 329 1383 bene
370 1343 539 1393 mereri,
583 1346 626 1385 et
668 1343 924 1385 catholicam
966 1342 1010 1384 in
1051 1357 1104 1384 ea
1144 1342 1395 1395 religionem
1433 1355 1518 1382 non
1552 1354 1810 1382 conservare
1842 1341 1980 1391 modo,

220 1407 297 1448 sed
330 1407 459 1450 etiam
495 1423 520 1449 a
552 1408 772 1463 pestiferis
806 1408 1075 1462 opinionibus
1117 1411 1161 1450 et
1193 1407 1330 1449 foedis
1368 1406 1571 1448 abusibus
1604 1419 1699 1447 eam
1731 1419 1979 1459 repurgare,

220 1473 579 1525 quemadmodum
628 1474 806 1516 Sacrum
854 1477 898 1516 et
946 1473 1265 1515 oecumenicum
1314 1471 1539 1514 concilium
1588 1470 1809 1525 sapienter
1856 1471 1981 1513 docte

219 1537 373 1591 pieque
402 1539 616 1593 proponit.
661 1539 951 1581 DOMINVSd
974 1539 1137 1581 IESVS
1171 1537 1496 1592 amplitudinem
1519 1539 1639 1579 tuam
1662 1535 1704 1577 in
1727 1535 1806 1577 hoc
1829 1539 1979 1578 sancto

219 1603 362 1645 studio
404 1604 475 1646 diu
516 1605 774 1647 incolumem
807 1607 975 1654 servet,
1018 1604 1084 1646 cui
1117 1618 1182 1645 me
1215 1606 1354 1646 totum
1388 1604 1640 1644 reverenter
1672 1601 1946 1643 00100100110Β
1969 1635 1978 1644 .

219 1668 472 1723 Monasterij
505 1670 625 1712 feriis
658 1671 706 1713 Β.
740 1670 926 1712 Luciae3
963 1672 1088 1712 1565.

840 1742 1000 1784 Servus
1032 1741 1075 1782 in
1109 1740 1351 1783 CHRISTO

1185 1805 1341 1847 Petrus
1373 1803 1568 1845 Canisius
1601 1802 1859 1855 Theologus.

338 1884 713 1926 Reverendissimo
746 1885 789 1925 in
821 1884 1063 1926 CHRISTO
1098 1882 1213 1937 patri
1244 1896 1294 1923 ac
1328 1880 1509 1923 Domino
1542 1880 1593 1923 D.
1620 1878 1844 1922 Bernardo
1876 1879 1980 1933 Epi-

219 1963 348 2003 scopo
381 1949 714 1992 Monasteriensi
747 1950 936 1992 Patrono
969 1948 1179 2001 singulari

850 2014 917 2055 Ad
950 2028 1101 2055 manus
1134 2011 1344 2066 proprias.

337 2108 436 2149 Quod
467 2107 632 2141 Canisius
668 2107 723 2141 his
759 2107 890 2141 litteris
926 2107 1057 2140 refert:
1093 2104 1344 2150 Superioribus
1378 2102 1562 2137 mensibus
1597 2101 1751 2146 aliquem
1789 2100 1898 2135 alium
1933 2101 1976 2135 ad

219 2163 383 2206 exempla
418 2161 627 2195 authentica
663 2160 802 2195 concilii
838 2160 1023 2194 tridentini
1059 2170 1139 2193 cum
1174 2158 1306 2192 litteris
1341 2156 1535 2202 pontificiis
1563 2155 1776 2189 Germaniae
1803 2154 1978 2199 episcopis

217 2216 397 2249 afferenda
423 2215 653 2254 destinatum,
688 2225 814 2247 verum
844 2212 999 2255 „infelici
1034 2212 1186 2255 quodam
1214 2212 1346 2244 eventu
1380 2209 1609 2254 impeditum“
1640 2219 1738 2242 esse:
1772 2207 1902 2241 Nescio
1932 2218 1977 2240 an

217 2268 337 2311 aliqua
372 2269 509 2302 ratione
535 2267 737 2301 illustretur
762 2266 940 2311 *epistula
973 2265 1086 2298 Roma
1120 2265 1151 2298 3.
1171 2264 1263 2297 Iunii
1292 2263 1381 2297 1564
1416 2274 1437 2296 a
1464 2261 1496 2296 S.
1519 2263 1648 2295 Cat-olo
1673 2262 1902 2301 Borromaeo,
1937 2261 1977 2292 ut

218 2321 370 2361 videtur,
397 2322 442 2355 ad
461 2321 681 2366 pontificium
701 2320 794 2365 apud
812 2320 1064 2363 imperatorem
1091 2317 1251 2361 legatum
1273 2316 1494 2359 (Zachariam
1513 2314 1739 2359 Delphinum,
1765 2313 1834 2347 nisi
1852 2312 1972 2354 fallor)

217 2374 320 2416 data,
359 2375 395 2408 in
431 2386 501 2418 qua
536 2375 772 2408 Borromaeus
807 2373 982 2407 affirmat:
1023 2371 1179 2404 Primam
1214 2371 1437 2404 decretorum
1475 2368 1749 2401 tridentinorum
1784 2365 1974 2400 editionem

217 2427 350 2461 Romae
368 2429 502 2462 factam
520 2427 682 2461 nonnihil
709 2427 915 2460 mendosam
942 2425 1073 2458 fuisse:
1102 2424 1179 2457 ideo
1198 2435 1277 2457 eam
1303 2423 1447 2466 dignam
1474 2433 1544 2455 non
1570 2432 1649 2454 esse
1667 2420 1794 2459 visam,
1821 2429 1912 2462 quae
1930 2418 1975 2451 ad

217 2482 395 2526 principes
420 2482 643 2521 mitteretur;
679 2480 783 2514 modo
810 2483 929 2513 autem
956 2477 1080 2511 eadem
1107 2477 1250 2510 decreta
1280 2476 1395 2509 denuo
1421 2475 1555 2508 Romae
1582 2484 1661 2507 esse
1687 2483 1830 2512 excusa,
1866 2473 1974 2514 atque

216 2535 322 2569 huius
349 2535 513 2569 editionis
532 2535 576 2568 25
596 2533 759 2578 exempla
784 2532 908 2566 nuntio
928 2530 1122 2576 apostolico
1141 2529 1290 2563 missum
1309 2529 1362 2569 iri,
1389 2527 1608 2573 principibus
1626 2528 1662 2560 et
1678 2523 1974 2558 universitatibus

216 2588 461 2622 distribuenda
487 2599 527 2621 eo
554 2587 713 2627 oonsilio,
748 2588 788 2620 ut
814 2585 866 2619 illi
892 2585 1036 2618 decreta
1062 2584 1344 2626 exsequerentur
1369 2581 1428 2614 vel
1464 2580 1592 2615 saltem
1628 2579 1803 2617 curarent,
1839 2588 1883 2610 ne
1918 2588 1972 2609 eo-

216 2642 365 2675 rundem
393 2642 614 2675 decretorum
641 2651 755 2673 novae
791 2639 965 2673 editiones
998 2638 1126 2671 fierent
1159 2635 1229 2670 nisi
1255 2646 1346 2678 quae
1373 2645 1454 2668 cum
1480 2631 1687 2667 authentica
1721 2630 1783 2664 illa
1819 2629 1972 2663 editione

216 2697 464 2737 congruerent.
511 2694 572 2736 „Li
598 2693 705 2727 Padri
732 2692 863 2726 Jesuiti
890 2691 954 2726 che
980 2690 1038 2724 uoi
1063 2689 1192 2724 hauete
1220 2688 1320 2722 eletti
1346 2689 1365 2721 a
1392 2689 1521 2731 questa
1546 2687 1713 2729 napi-esa,
1739 2683 1770 2716 ci
1796 2694 1880 2727 pare
1907 2682 1971 2716 che

216 2748 315 2782 siano
341 2748 450 2781 molto
476 2749 496 2781 a
521 2747 713 2792 proposito,
749 2757 812 2790 per
847 2744 911 2779 che
939 2755 1002 2778 con
1038 2742 1073 2776 la
1099 2741 1255 2776 dottrina
1282 2752 1300 2774 e
1325 2740 1433 2774 bonta
1467 2739 1541 2773 loro
1567 2740 1741 2782 potranno
1766 2734 1971 2769 facilmente

334 2825 361 2848 al
381 2822 505 2847 afferret
526 2823 578 2847 Ka.
640 2821 670 2849 b)
690 2820 863 2853 promptam
879 2820 950 2844 Keil.
1020 2819 1045 2843 cl
1068 2815 1251 2843 conficienda
1267 2817 1341 2841 ΚΑΙ.
1407 2814 1437 2846 d)
1458 2812 1532 2838 DNS
1553 2821 1600 2844 ap.
1615 2815 1641 2836 et
1656 2811 1741 2835 Korn:
1807 2810 1835 2841 e)
1858 2810 1970 2840 Omnia,

218 2872 289 2895 qucce
309 2868 478 2895 sequnntur,
497 2873 513 2888 (ι
536 2864 610 2888 Kell.
631 2863 737 2887 mnis-sa
764 2865 839 2886 sant.

338 2972 345 2989 ¹
373 2969 521 3004 Concilii
546 2969 731 3003 tridentini
762 2968 1000 3011 (decretorum
1033 2968 1069 2999 et
1104 2963 1293 3006 canonum)
1323 2963 1496 2996 editiones
1522 2958 1654 2992 Romae
1690 2969 1780 2990 anno
1810 2957 1900 2990 1564
1934 2956 1969 2989 in

213 3022 455 3067 typographia
481 3022 583 3056 Pauli
610 3021 761 3055 Manutii
797 3021 915 3054 factas
941 3021 1104 3053 recenset
1140 3019 1175 3051 et
1201 3015 1371 3050 describit
1401 3016 1526 3048 Gener.
1557 3012 1732 3053 calomen,
1768 3009 1877 3052 Cong.
1897 3008 1968 3049 Or„

214 3075 426 3109 Documenti
444 3075 567 3108 inediti
583 3086 600 3107 e
615 3074 724 3107 nuovi
742 3073 855 3107 lavori
874 3071 1048 3106 letterarii
1067 3070 1123 3104 sul
1139 3069 1294 3103 Concilio
1313 3068 1347 3102 di
1361 3067 1503 3105 Trento,
1522 3065 1633 3098 Roma
1650 3063 1750 3104 1874,
1769 3061 1965 3097 453—477.

216 3129 269 3162 Of.
297 3129 404 3162 etiam
434 3128 520 3161 Can.
549 3127 598 3160 IV
624 3127 811 3160 504—505
839 3126 924 3160 666³
950 3127 985 3158 et
1010 3124 1103 3157 infra
1129 3133 1283 3156 monum.
1311 3131 1421 3163 germ.
1448 3118 1471 3152 l.
1501 3117 1589 3159 (⁴29).

334 3181 347 3201 ²
373 3180 473 3221 Vide,
501 3191 591 3223 quae
618 3179 683 3212 sub
710 3179 808 3222 ipsas
834 3178 899 3211 has
925 3177 1066 3210 litteras
1092 3176 1265 3209 dicentur.
1410 3172 1423 3191 ³
1448 3171 1513 3205 Die
1543 3169 1594 3203 13.
1620 3169 1836 3203 Decembris.
