2045 3471
555 195 649 230 Mon.
669 196 736 230 837
763 197 840 232 sive
867 209 942 232 oen.
965 198 1030 242 (3).
1074 199 1130 235 29.
1149 200 1234 235 Maii
1255 201 1356 237 1566.
1754 207 1834 248 771

198 312 424 366 Aqendum
468 319 558 356 erat
591 317 857 369 potissimum
903 332 994 359 cum
1035 319 1319 375 Maydalena‚
1365 323 1630 378 Mai-yarita,
1676 325 1838 366 Hele-na

79 376 396 431 arcliiducissis,
439 384 484 420 ut
524 381 644 434 ‘ipsae
684 394 936 424 communem
979 384 1156 439 aliquem
1203 386 1254 427 de
1289 388 1490 430 Societate
1531 389 1837 442 confessarium

77 439 358 495 admitterent,
392 448 426 484 et
449 449 493 485 ut
515 445 565 487 P.
587 445 811 487 Nicolaum
833 447 1058 502 Lanoiunz,
1088 452 1334 504 provinciae
1357 453 1575 495 Societatis
1597 456 1838 497 austriacae

69 507 373 560 praepositum,
405 522 482 562 pro
515 509 563 551 P.
586 510 747 551 Ioanne
770 511 926 566 Dyrsio
947 512 1134 566 (Tirsio)
1158 520 1351 557 rectorem
1377 519 1535 573 colteyii
1566 521 1838 574 oenipontani

75 572 269 611 constitui
307 577 566 626 paterentur.
630 575 858 618 Praeterea
899 579 953 618 iis
995 579 1331 622 dissuadendum
1372 588 1485 635 erat,
1532 599 1583 625 ne
1623 586 1835 639 colleqium

74 646 224 674 novum
265 635 446 678 Sanctae
485 638 632 680 Crucis
675 655 700 680 a
733 641 1011 684 Ferdinando
1044 643 1078 685 I.
1112 644 1364 699 imperatore
1403 648 1676 704 ipsarumque
1712 654 1836 704 patre

75 702 110 738 et
141 699 354 741 conditum
387 706 423 743 et
455 703 529 744 sub
564 718 602 745 a.
638 706 754 746 1563
782 705 997 758 fratribus
1035 709 1201 750 ordinis
1233 710 1451 752 Illinoruni
1484 714 1599 755 italis
1631 714 1834 756 traditum

72 761 201 811 (Can.
224 763 280 804 II
304 767 565 819 (ΜΖ-ὃδὴ·
605 769 685 810 III
709 771 834 821 1671)
876 772 921 812 in
963 775 1262 814 monasterium
1299 776 1526 831 viryinum,
1569 779 1681 832 quod
1718 780 1834 834 ipsae

71 827 240 881 quidem
273 830 559 884 inqressurae,
593 833 705 874 Socii
737 840 874 877 antem
907 837 1166 879 contionibus
1198 838 1405 881 habendis
1439 846 1474 882 et
1506 843 1833 895 confessionibus

71 893 328 946 excipiendis
363 900 431 938 etc.
461 897 659 939 adiuturi
691 905 836 952 essent,
870 902 1181 944 immutandum
1215 911 1416 946 curarent
1437 905 1493 956 (o.
1517 921 1651 962 supra
1680 923 1723 963 p.
1744 911 1832 951 229

70 957 192 1005 484).
248 959 316 999 Ad
356 960 431 1001 lioc
468 963 680 1015 pertinent
723 965 899 1019 litterae,
942 980 1049 1021 quas
1079 967 1129 1010 P.
1156 968 1339 1010 Ioannes
1372 970 1582 1013 Polancus
1614 974 1831 1015 Societatis

68 1024 321 1065 secretarius
353 1025 488 1067 Roma
522 1029 590 1068 18.
613 1028 733 1070 Iunii
766 1031 881 1072 1566
912 1031 1119 1073 mandatu
1152 1032 1195 1074 S.
1230 1034 1453 1077 Francisci
1484 1037 1668 1091 Boryiae
1705 1053 1829 1092 prae-

61 1088 196 1140 positi
222 1091 435 1142 yeneralis
468 1091 526 1132 acl
556 1092 605 1133 P.
629 1093 830 1135 Ioannem
855 1095 1061 1150 Dyrsium
1092 1097 1135 1139 S.
1160 1097 1218 1150 J„
1252 1100 1411 1154 colleyii
1441 1103 1713 1156 oenipontani
1745 1118 1828 1146 rec-

67 1155 195 1193 torem
230 1157 264 1194 et
296 1154 581 1209 sslayclalenae
612 1158 930 1201 arclziducissae
963 1161 1281 1216 confessarium,
1317 1165 1459 1217 dodim
1491 1166 1563 1207 ubi
1591 1167 1828 1210 Polancus:

66 1214 116 1257 R.
141 1216 193 1259 V.
217 1217 388 1260 litteras
412 1221 464 1262 .7.
490 1220 592 1275 Maij
617 1221 767 1264 datas⁸
790 1223 834 1266 P.
860 1224 913 1266 N.
940 1225 1219 1279 Praepositus
1242 1229 1411 1282 accepit
1434 1264 1442 1272 .
1468 1234 1512 1272 et
1535 1232 1647 1283 quod
1669 1232 1829 1275 attinet

66 1280 121 1321 ad
153 1282 316 1324 nobiles
357 1283 455 1326 illas
494 1300 717 1339 personas,
758 1287 844 1330 iam
886 1289 994 1331 alias
1027 1290 1235 1344 scriptum
1269 1295 1349 1343 est,
1392 1296 1436 1336 et
1469 1309 1563 1337 cum
1596 1296 1718 1339 uobis
1750 1299 1828 1339 ad-

65 1343 198 1388 fuerit
237 1346 303 1389 his
346 1348 496 1391 diebus
538 1351 584 1393 P.
617 1351 813 1394 Canisius
854 1354 1159 1406 Prouincialis‚
1202 1357 1256 1398 ad
1299 1371 1447 1400 earum
1490 1361 1670 1413 negocia
1711 1376 1826 1404 com-

64 1412 276 1463 ponenda,
310 1427 336 1454 a
368 1414 499 1456 Patre
521 1415 672 1458 Natali
704 1418 874 1468 missus,
908 1433 1034 1474 spero
1068 1421 1181 1473 quod
1213 1421 1374 1475 aliquid
1407 1424 1504 1466 boni
1538 1439 1593 1467 ex
1625 1427 1717 1468 eius
1749 1428 1826 1469 ad-

64 1478 197 1518 uentu
229 1477 287 1520 sit
319 1483 610 1531 consecutum,
644 1482 829 1524 uidimus
852 1483 1070 1527 decretum
1095 1486 1254 1528 excelsi
1276 1487 1527 1540 Regiminis‚
1562 1493 1606 1534 et
1628 1493 1825 1544 quamuis

63 1553 210 1582 eorum
244 1542 544 1586 deuotionemb
575 1559 626 1587 ac
668 1546 710 1588 in
752 1562 830 1589 nos
867 1549 1236 1592 beneuolentiam⁰
1267 1566 1567 1606 agnoscamUS‚
1611 1559 1655 1598 et
1687 1557 1739 1599 de
1771 1572 1823 1600 ea

64 1605 232 1657 gratias
265 1621 458 1660 agamus,
501 1623 648 1652 eorum
683 1611 900 1655 discursus
932 1628 1085 1668 parum
1118 1615 1372 1668 subsistunt,
1405 1633 1484 1661 nec
1515 1620 1684 1672 mirum,
1726 1637 1822 1664 cum

63 1671 199 1712 nostri
241 1671 427 1716 instituti
470 1675 758 1728 cognitionem
800 1680 1000 1721 exactam
1041 1694 1125 1722 non
1169 1681 1360 1725 habeant
1384 1717 1391 1724 .
1416 1683 1496 1725 hoc
1536 1688 1680 1728 autem
1722 1701 1823 1741 pro-

61 1733 193 1785 hibet,
227 1751 281 1778 ne
314 1752 417 1780 cura
450 1740 699 1783 monialium
731 1742 1005 1797 suscipiatur,
1040 1746 1116 1787 aut
1148 1745 1209 1786 eis
1241 1752 1516 1791 sacramenta
1539 1751 1821 1794 confessionis

62 1803 138 1842 aut
170 1803 479 1845 communionis
512 1805 727 1848 ordinarie
759 1820 785 1849 a
817 1808 977 1850 nostris
1009 1809 1308 1853 ministrentur
1322 1813 1348 1862 1,
1388 1812 1568 1867 obligari
1602 1815 1732 1858 etiam
1765 1817 1820 1859 ad

61 1864 215 1907 missas
247 1881 330 1908 non
373 1882 612 1921 possumus,
655 1872 852 1924 quamuis
883 1886 939 1914 ex
979 1878 1130 1917 nostra
1163 1877 1472 1920 consuetudine
1504 1893 1578 1922 eas
1612 1881 1818 1932 dicamus,

60 1943 138 1971 nec
171 1931 226 1972 ad
258 1933 643 1985 praedicationes2.

178 2005 309 2041 Exstat
350 2007 466 2043 adhuc
507 2009 593 2044 illud
632 2009 868 2053 *‚‚Decretum
910 2012 1045 2047 excelsi
1087 2014 1306 2058 Regiminis²
1351 2017 1495 2061 (summi
1539 2019 1681 2064 collegii
1724 2022 1815 2065 quod

58 2057 241 2092 Austriam
280 2061 500 2105 superiorem
535 2063 837 2108 administrabat),
871 2065 978 2109 idque
1014 2077 1034 2100 a
1060 2066 1098 2101 P.
1126 2067 1259 2103 Ioanne
1284 2069 1416 2115 Dyrsio
1442 2073 1698 2117 transcriptum
1734 2077 1770 2108 et
1796 2087 1817 2109 a

57 2109 160 2145 Socio
195 2112 314 2156 aliquo
348 2125 493 2148 romano
527 2115 651 2150 eodem
676 2116 751 2151 fere
776 2119 937 2162 tempore
963 2119 1110 2154 vivente
1135 2121 1369 2167 inscriptum:
1408 2125 1532 2166 „1566.
1584 2126 1702 2162 Germ.
1730 2127 1813 2173 Sup.

57 2162 250 2199 Consihum
278 2166 508 2202 Dominorum
535 2169 578 2202 de
604 2170 747 2204 excelso
774 2171 961 2215 Regimine
988 2172 1245 2218 OEnipontano
1272 2177 1359 2211 etc.“
1390 2182 1561 2223 spectans
1591 2180 1634 2214 ad
1669 2182 1814 2223 reginas

56 2227 249 2262 earumque
272 2219 507 2260 „Jnstitutum
526 2222 656 2256 vitae“.
702 2223 847 2258 Consilii
874 2224 995 2260 brevis
1021 2237 1161 2261 summa
1187 2227 1276 2262 haec
1303 2232 1377 2264 est:
1409 2230 1588 2272 „Domini“
1611 2233 1663 2267 illi
1685 2235 1812 2276 „simul

55 2281 134 2303 cum
161 2282 327 2315 supremo
346 2273 474 2307 Curiae
493 2274 666 2318 Magistro
685 2275 835 2311 Domino
854 2276 996 2312 Simone
1014 2279 1147 2314 Botsch
1167 2280 1296 2325 Equite
1320 2285 1465 2317 aurato“
1487 2285 1605 2320 onmia
1623 2287 1814 2330 diligenter

55 2324 313 2368 expenderunt.
364 2325 499 2360 Deinde
525 2328 670 2371 reginae
698 2329 747 2363 ita
772 2332 1067 2375 pronuntiarunt:
1106 2333 1210 2378 Ipsae
1236 2346 1378 2380 semper
1404 2338 1642 2374 confessarios
1669 2343 1704 2374 et
1730 2352 1812 2375 con-

54 2375 260 2417 tionatores,
296 2379 355 2422 qui
391 2379 433 2413 de
469 2379 647 2415 Societate
682 2382 763 2417 Iesu
798 2383 881 2424 sint,
916 2395 1037 2419 secum
1073 2385 1204 2421 habere
1231 2389 1398 2433 cupiunt;
1438 2390 1542 2425 iidem
1582 2393 1675 2437 apud
1715 2394 1810 2438 ipsas

53 2440 195 2463 sacrum
234 2431 352 2465 facere
378 2435 486 2476 atque
513 2434 619 2468 etiam
647 2434 793 2470 missam
821 2439 967 2471 cantare
992 2441 1170 2483 poterunt.
1223 2440 1338 2475 Huius
1372 2443 1423 2477 rei
1457 2446 1574 2486 gratia
1609 2457 1654 2479 ex
1679 2448 1809 2481 summi

53 2483 233 2526 pontificis
251 2485 356 2518 venia
381 2485 459 2519 itali
486 2486 536 2520 illi
560 2487 808 2528 „Franciscani
835 2491 878 2524 de
904 2491 1167 2533 obseruantia“,
1196 2494 1254 2537 qui
1274 2495 1464 2537 collegium
1484 2509 1614 2532 novum
1634 2499 1667 2533 S.
1685 2498 1808 2535 Crucis

53 2539 188 2576 tenent,
216 2538 422 2572 removendi
450 2539 636 2584 ipsumque
663 2541 852 2585 collegium
879 2545 1014 2588 reginis
1040 2545 1193 2580 dandum
1221 2550 1285 2587 est,
1313 2551 1352 2581 ut
1377 2549 1412 2582 in
1439 2562 1479 2583 eo
1506 2562 1584 2584 cum
1608 2553 1809 2595 virginibus

51 2589 166 2622 sacris
200 2590 405 2633 religiosam
434 2593 546 2626 vitam
582 2598 692 2636 agant
727 2598 763 2629 et
797 2599 933 2641 septem
970 2598 1077 2632 horas
1112 2600 1302 2634 canonicas
1338 2604 1482 2636 cantent
1509 2607 1616 2648 atque
1651 2606 1700 2639 ita
1726 2606 1806 2640 Fer-

50 2640 194 2676 dinandi
222 2643 246 2677 1.
274 2644 498 2687 imperatoris
526 2646 701 2681 voluntati
726 2649 971 2690 satisfaciant;
1009 2651 1199 2686 Societatis
1226 2656 1345 2687 autem
1373 2656 1577 2690 sacerdotes
1612 2657 1646 2691 in
1672 2659 1805 2704 templo

51 2693 83 2728 S.
105 2695 229 2730 Crucis
256 2697 556 2732 contionabuntur
581 2701 618 2733 et
643 2701 762 2745 populi
799 2703 1041 2738 confessiones
1077 2705 1260 2750 excipient
1286 2709 1352 2740 etc.
1404 2708 1485 2742 Ideo
1512 2709 1702 2745 Societatis
1736 2713 1804 2746 col-

48 2746 141 2790 legio
168 2749 414 2793 oenipontan0‚
440 2750 475 2784 in
503 2763 571 2795 quo
597 2764 689 2786 nunc
716 2754 760 2788 20
787 2755 948 2791 homines
974 2759 1233 2799 sustentantur,
1273 2762 1308 2793 et
1336 2759 1463 2794 Patres
1490 2764 1526 2795 et
1550 2763 1686 2798 reditus
1711 2766 1802 2799 tanti

166 2819 194 2849 a)
215 2819 353 2850 Sequitur
372 2819 553 2852 accepimus,
572 2830 589 2846 a
610 2822 676 2847 libr.
697 2823 902 2850 oblitteratum.
978 2824 1009 2857 b)
1031 2825 1188 2852 deuotioni
1209 2836 1309 2860 apoyr.
1392 2832 1416 2861 c)
1437 2829 1671 2858 beneuolentiae
1691 2843 1737 2866 ap.

169 2913 177 2931 ¹
207 2912 294 2946 Vide
320 2924 428 2957 supra
454 2925 487 2958 p.
513 2915 609 2949 353⁴.

164 2966 177 2985 2
207 2965 299 3007 „Nec
325 2966 560 3010 obligationes
595 2969 638 3002 ad
664 2968 796 3004 Missas
831 2970 1073 3014 celebrandas,
1109 2985 1224 3017 neque
1260 2975 1353 3009 aliae
1379 2976 1580 3012 huiusmodi
1608 2980 1798 3017 admittan-

46 3019 113 3051 tur.
133 3045 139 3051 .
161 3046 166 3051 .
188 3046 194 3052 .
234 3019 426 3053 Missarum
445 3020 689 3064 obligationes,
717 3022 775 3056 vel
793 3023 1004 3067 huiusmodi,
1031 3037 1122 3069 quae
1141 3027 1324 3069 assignato
1343 3029 1471 3064 reditui
1490 3038 1797 3070 commensuratae

44 3069 244 3111 videantur,
271 3073 404 3106 assumi
431 3077 622 3117 nequeunt.
643 3101 650 3108 .
671 3102 677 3109 .
698 3103 704 3109 .
748 3076 826 3110 Non
852 3078 1021 3112 convenit
1046 3078 1154 3112 ullam
1176 3080 1324 3124 Collegii
1351 3082 1567 3118 dotationem
1595 3087 1795 3129 admittere,

44 3133 106 3166 per
141 3135 246 3168 quam
281 3126 324 3158 ad
361 3125 513 3159 dandum
542 3126 843 3170 concionatorem,
880 3133 943 3164 aut
969 3131 1245 3166 Confessarium.
1274 3160 1281 3167 .
1303 3162 1308 3167 .
1329 3161 1336 3168 .
1387 3135 1547 3171 Societas
1573 3139 1794 3183 obligetur“:

47 3176 318 3211 Constitutiones
343 3178 376 3212 S.
398 3179 429 3213 J.
457 3179 496 3213 P.
523 3181 554 3219 4,
581 3191 609 3214 c.
637 3181 668 3221 2,
695 3193 728 3215 n.
754 3182 794 3222 4;
823 3194 851 3216 c.
880 3183 910 3225 7,
938 3195 970 3218 n.
999 3184 1030 3218 3.

1441 3248 1511 3283 49*
