2077 3461
225 187 308 228 170
705 183 804 217 1279.
833 182 999 217 Canisius
1026 182 1060 216 S.
1080 182 1269 216 Francisco
1296 181 1338 215 de
1364 181 1506 225 Borgia.

223 303 421 356 exemplo
461 302 617 355 reliqui
655 302 787 344 etiam
820 301 992 355 sectarij
1026 303 1154 343 fient“
1185 301 1300 342 haud
1332 301 1458 342 dubie
1491 300 1740 343 deteriores.
1804 299 1896 349 Qua
1929 299 1980 341 de

221 382 269 410 re
302 367 535 410 mittendus
578 381 632 408 ex
665 367 770 408 vrbe
802 367 993 420 Legatus
1034 365 1101 418 (vt
1134 366 1304 418 quidem
1338 365 1482 419 spero)
1523 379 1624 407 suas
1662 378 1792 418 agere
1832 366 1980 418 partes

222 433 448 486 Augustae
488 446 573 473 non
611 431 817 485 negliget.
881 431 1022 472 Audio
1054 433 1284 484 praeterea
1315 443 1429 471 noua
1462 430 1513 471 de
1545 429 1770 481 Religione
1803 427 1980 470 consilia

220 497 500 551 proponenda
541 500 585 539 et
621 497 818 549 urgenda
859 509 953 537 esse
993 495 1161 536 illorum
1205 495 1481 545 auctoritate,
1525 493 1596 547 qui
1636 494 1896 548 permultum
1937 493 1980 534 in

220 561 406 615 Imperio
451 562 649 603 valent1:
699 561 770 614 qui
813 563 863 602 vt
908 560 1088 601 dextere
1132 561 1377 602 tractentur
1420 562 1464 601 et
1508 558 1749 600 sanioribus
1793 557 1981 611 consilijs

220 626 481 676 imbuantur,
523 640 609 668 non
640 640 793 680 parum
826 638 930 666 sane
963 624 1199 678 optandum
1232 637 1282 665 ac
1315 623 1598 665 laborandum
1631 625 1710 665 est.
1772 622 1981 664 Dominus

221 691 329 733 haec
361 691 543 733 Comitia
583 691 692 732 bene
733 690 940 738 fortunet,
982 692 1031 731 ut
1072 703 1230 730 nouum
1262 688 1419 730 vulnus
1459 702 1544 730 non
1582 687 1767 742 accipiat
1798 687 1980 741 Religio,

222 756 330 799 satis
362 756 550 809 alioquin
584 755 763 797 afflicta.

341 821 445 862 Cum
485 834 613 875 porro
647 833 702 861 ex
733 818 1009 873 Westphalia
1049 818 1265 860 uenissem
1303 818 1357 860 ad
1389 817 1630 872 Principem
1662 816 1982 859 Juliacensem2

221 885 263 927 in
296 885 421 927 huius
463 886 563 928 aula
604 885 656 926 (10
688 888 827 927 morte
861 883 1093 933 Pontificis,
1137 883 1207 936 qui
1241 883 1410 925 Christo
1442 883 1577 932 uiuat,
1620 882 1802 936 primum
1835 881 1981 935 accepi

222 950 417 993 nuntium
431 952 459 993 3.
523 950 622 992 Fuit
662 949 704 991 id
742 949 903 1004 passim
936 948 1168 991 Catholicis
1205 949 1247 990 in
1282 948 1513 990 Germania
1546 947 1741 989 omnibus
1772 947 1899 990 triste
1931 959 1982 987 ac

222 1015 436 1064 acerbum,
478 1028 577 1056 nam
612 1013 675 1068 Pij
710 1016 764 1057 .4.
798 1014 1006 1056 memoria
1047 1014 1320 1056 delectantur
1359 1013 1507 1055 multis
1547 1012 1802 1061 nominibus,
1846 1014 1889 1053 et
1927 1011 1981 1052 ab

221 1081 294 1122 illo
326 1080 464 1121 multa
503 1080 729 1133 praeclare
762 1079 881 1121 facta
912 1079 1179 1133 praedicant.
1243 1078 1437 1132 Exposui
1468 1080 1615 1119 tamen
1648 1077 1761 1119 dicto
1793 1075 1981 1129 Principi

222 1146 273 1187 de
314 1147 458 1186 mente
503 1147 547 1187 et
588 1144 816 1187 voluntate
861 1144 1053 1186 defuncti
1094 1142 1336 1193 Pontificis,
1382 1143 1435 1184 ad
1478 1141 1745 1184 Catholicum
1793 1140 1979 1182 officium

222 1210 507 1260 exhortabar,
562 1223 611 1251 ac
658 1208 919 1263 praesertim
966 1223 1019 1250 ne
1066 1209 1205 1250 locum
1259 1208 1384 1249 daret
1427 1206 1730 1249 nouationibus
1783 1220 1833 1247 ac
1881 1219 1980 1259 pro-

222 1275 516 1317 fanationibus
549 1274 847 1324 sectariorum,
889 1274 933 1315 111
965 1273 1119 1327 amplis
1151 1273 1236 1314 illis
1269 1275 1313 1314 et
1345 1271 1581 1326 praeclaris
1613 1285 1720 1324 quas
1751 1271 1979 1324 gubernat,

223 1340 493 1383 ditionibusb.
566 1340 624 1381 Et
668 1341 768 1393 eget
808 1339 880 1380 ille
923 1338 1093 1391 quidem
1137 1339 1218 1380 hac
1263 1337 1554 1380 admonitione
1596 1339 1639 1379 et
1679 1335 1979 1385 inculcatione,

222 1405 258 1447 si
303 1405 403 1458 quid
450 1407 597 1447 tamen
642 1404 783 1445 uerbis
826 1404 939 1457 apud
978 1417 1073 1444 eum
1116 1402 1350 1457 proficitur.
1420 1401 1624 1444 Promisit
1665 1415 1711 1442 se
1751 1402 1980 1442 uenturum

222 1470 466 1523 Augustam
500 1471 544 1511 et
575 1471 873 1523 promoturum
907 1482 1104 1510 caussam
1127 1467 1378 1521 Religionis,
1413 1469 1626 1520 quatenus
1648 1465 1726 1508 Dei
1759 1465 1891 1506 verbo
1924 1465 1982 1506 sit

223 1537 558 1577 consentaneum
606 1534 719 1577 ete.4
780 1533 989 1575 Dominus
1032 1533 1148 1574 illius
1190 1536 1381 1574 mentem
1428 1535 1473 1574 et
1516 1532 1659 1574 aulam
1704 1544 1730 1572 a
1773 1528 1980 1571 nouitatis

223 1600 364 1642 studio
397 1599 565 1643 liberet.

341 1664 532 1706 Tandem
555 1664 757 1706 Coloniae
784 1677 877 1705 cum
900 1663 1060 1705 nostris
1092 1663 1195 1713 uixi,
1228 1676 1382 1715 meque
1414 1662 1637 1703 uisendum
1661 1661 1757 1714 alijs
1788 1658 1979 1714 praebui,

223 1730 305 1772 etsi
347 1731 522 1783 optatas
564 1729 719 1782 diuque
761 1728 1030 1770 desideratas
1062 1742 1117 1769 ex
1149 1728 1254 1769 vrbe
1286 1728 1458 1776 literaS,
1501 1740 1610 1780 quae
1643 1724 1821 1768 Senatui
1853 1724 1981 1766 debe-

221 1796 381 1838 bantur
396 1796 424 1844 5,
458 1794 596 1835 nullas
629 1794 906 1847 accepissem.
955 1793 1199 1834 Voluerunt
1231 1793 1398 1841 Patres,
1432 1794 1480 1834 ut
1511 1791 1737 1833 haererem
1768 1789 1855 1831 illic
1889 1788 1980 1830 diu-

220 1859 319 1909 tius,
363 1873 491 1912 quam
531 1861 753 1912 putaram:
796 1858 935 1900 mansi
977 1858 1088 1899 enim
1133 1858 1280 1899 diebus
1322 1856 1564 1910 quindecim
1594 1855 1638 1896 in
1670 1855 1743 1896 illo
1776 1853 1979 1907 Collegio,

223 1925 334 1977 quod
374 1938 459 1965 non
500 1923 591 1964 sine
632 1923 840 1981 miraculo
883 1923 1090 1975 quodamc
1135 1925 1287 1976 aperto
1329 1921 1389 1963 sic
1431 1922 1732 1969 conseruatur,
1774 1918 1978 1969 florescit,

343 2038 371 2069 a)
392 2039 417 2062 A
433 2039 460 2063 C.
476 2040 631 2062 correcwm
648 2045 682 2060 er
697 2036 781 2062 fiunt.
848 2035 879 2067 11)
901 2038 934 2060 In
952 2038 1031 2061 (ινι-Ιι.
1046 2044 1118 2061 sorr.
1134 2044 1169 2060 m·
1184 2034 1375 2060 dictionibus.
1443 2035 1469 2066 c)
1491 2036 1524 2059 In
1545 2035 1623 2059 arrh.
1643 2034 1776 2065 seqnitur
1796 2033 1867 2063 tam,
1888 2034 1976 2059 (Mitt.

344 2191 354 2208 ¹
390 2188 554 2222 canisius
591 2187 709 2232 ipsum
744 2186 1031 2221 Maximilianum
1068 2186 1110 2220 11.
1147 2186 1399 2231 imperatorem
1434 2185 1530 2219 dicit.
1590 2184 1656 2225 Qui
1695 2184 1730 2218 in
1768 2184 1898 2218 litteris
1935 2185 1979 2218 ad

222 2242 364 2276 ordines
390 2240 530 2286 imperii
554 2240 685 2281 missis,
713 2240 842 2283 quibus
869 2240 1012 2273 comitia
1032 2241 1235 2282 augustana
1254 2239 1444 2279 indicebat,
1471 2238 1750 2282 significaverat,
1778 2237 1980 2281 quaerenda

225 2296 259 2328 in
285 2295 329 2328 iis
354 2294 430 2328 1010
452 2293 587 2336 „WVege
605 2293 677 2326 und
695 2292 825 2334 Mittel,
844 2292 1168 2326 welchermaassen
1186 2303 1315 2326 unsere
1334 2291 1479 2325 Christl.
1497 2290 1663 2334 Religion
1678 2317 1685 2324 .
1701 2317 1708 2324 .
1725 2317 1731 2324 .
1752 2302 1794 2323 zu
1812 2290 1979 2324 besseren

223 2347 432 2390 richtigerm
471 2346 665 2380 Verstandt
698 2357 742 2379 zu
776 2345 945 2388 bringen“
988 2345 1085 2384 (Joh.
1116 2346 1244 2379 Christ.
1271 2346 1411 2387 Lt'mz‘y,
1450 2343 1681 2388 Spicilegium
1719 2343 1879 2376 seculare
1917 2342 1979 2375 des

222 2400 424 2434 Teutschen
451 2398 755 2433 Reichs-Archivs
791 2398 807 2431 I
843 2398 894 2439 11,
931 2397 1076 2442 Leipzig
1105 2398 1194 2432 1719
1226 2397 1526 2441 [Reichs-Archiv
1552 2396 1678 2440 XXHL
1715 2396 1811 2439 234).
1862 2395 1979 2438 Atque

223 2453 509 2487 Maximilianum
536 2452 579 2486 ΙΙ.
609 2452 685 2495 (qui
712 2451 927 2485 catholicam
954 2451 1096 2494 quidem
1123 2452 1295 2495 pietatem
1321 2461 1406 2495 prae
1433 2461 1471 2484 se
1497 2449 1647 2489 ferebat,
1677 2449 1832 2482 animum
1860 2451 1979 2481 autem

222 2506 371 2549 gerebat
396 2517 521 2550 parum
548 2504 774 2545 catholicum,
802 2505 909 2537 immo
934 2515 1045 2548 paene
1071 2502 1316 2546 lutheranum)
1345 2502 1474 2546 aliqua,
1501 2513 1592 2545 quae
1618 2501 1654 2534 in
1681 2500 1851 2534 ecclesiae
1875 2501 1979 2533 detri-

223 2561 379 2592 mentum
419 2569 565 2592 cessura
604 2559 724 2594 erant.
764 2556 977 2590 meditatum
1015 2568 1094 2590 esse
1130 2556 1277 2590 consilia
1313 2556 1402 2589 satis
1438 2557 1575 2589 certum
1611 2555 1665 2587 est
1702 2552 1857 2595 (Hopfen
1894 2552 1916 2586 l.
1950 2564 1978 2586 c.

227 2611 407 2645 129—131
437 2611 636 2645 231—232.
686 2612 839 2644 Janssen
872 2609 896 2644 1.
923 2621 952 2644 0.
979 2609 1029 2642 IV
1055 2609 1272 2651 220—224).

343 2669 355 2689 2
380 2669 433 2703 De
460 2669 642 2703 Guilielmi
669 2668 769 2702 ducis
794 2668 1001 2702 iuliacensis
1036 2669 1072 2701 et
1107 2667 1277 2701 clivensis
1312 2666 1484 2708 religione
1519 2676 1561 2698 ac
1591 2664 1633 2698 de
1658 2664 1764 2697 rebus
1791 2675 1810 2696 a
1838 2663 1979 2697 Canisio

229 2720 500 2766 (Dusseldorpii,
527 2724 568 2756 ut
592 2722 733 2755 0111111110
759 2721 918 2764 videtur)
946 2720 1041 2765 apud
1068 2732 1147 2754 eum
1174 2720 1288 2763 gestis
1314 2731 1350 2753 v,
1375 2719 1469 2752 infra
1495 2729 1587 2751 mon.
1606 2727 1716 2759 germ.
1735 2716 1757 2750 l.
1780 2715 1856 2759 (23)
1887 2716 1977 2759 (24).

344 2781 355 2799 3
381 2781 467 2814 Ρ1115
492 2780 553 2814 IV.
580 2780 714 2814 Romae
740 2780 773 2814 9.
799 2779 1008 2814 Decembris
1037 2780 1125 2813 1565
1152 2780 1302 2812 mortem
1329 2777 1475 2812 obierat.

342 2840 355 2858 4
382 2838 458 2872 Hac
483 2839 558 2872 1010
584 2839 789 2873 condicione
812 2837 855 2872 iis
873 2838 1093 2882 temporibus
1112 2836 1290 2877 catholici,
1317 2836 1377 2880 qui
1396 2834 1610 2869 catholicum
1629 2833 1783 2867 officium
1804 2833 1978 2866 detrecta-

225 2889 321 2929 bant,
348 2901 385 2923 se
412 2902 584 2925 excusare
611 2891 843 2925 conabantur.

343 2949 356 2967 ⁵
383 2949 536 2983 Litteras
579 2949 730 2991 „Indulti
768 2949 897 2983 tertiae
936 2949 1094 2992 gratia&
1133 2948 1212 2982 urbi
1251 2950 1286 2981 et
1320 2945 1548 2981 universitati
1584 2944 1760 2984 concessi;
1801 2955 1833 2977 v,
1869 2954 1977 2988 snpra

226 3012 259 3044 p.
276 3001 471 3035 116—117.
511 3004 665 3035 Latinus
682 3004 853 3035 Latinius
870 3002 926 3036 vir
945 3002 1172 3036 doctissimus
1193 3002 1227 3034 et
1244 3001 1280 3034 in
1299 3000 1397 3034 curia
1415 3009 1561 3032 romana
1578 2996 1848 3030 versatissimus
1867 2997 1977 3030 Roma

226 3053 281 3086 21.
301 3053 435 3097 Aprilis
456 3054 544 3087 1560
564 3053 742 3088 Stanislao
766 3054 876 3088 Hosio
903 3055 1068 3099 episcopo
1094 3053 1289 3088 varmiensi
1315 3052 1479 3096 scripsit:
1512 3050 1597 3091 ,Hic
1624 3049 1741 3082 omnia
1766 3050 1977 3093 praesertim

225 3105 367 3149 publica
392 3105 487 3138 lente
513 3117 652 3150 semper
679 3107 839 3150 expediri
866 3113 949 3141 sunt
976 3107 1125 3141 solita“:
1163 3105 1279 3139 Latini
1307 3104 1436 3138 Latinii
1459 3102 1652 3147 Epistolae,
1680 3102 1733 3135 ed.
1753 3113 1772 3135 a
1792 3103 1976 3135 Dominio-0

227 3159 354 3200 Maqro
381 3157 424 3197 II,
450 3157 601 3191 Viterbii
631 3159 730 3199 1667,
759 3160 813 3193 73.
