<?xml version="1.0" encoding="UTF-8"?>
<!DOCTYPE html PUBLIC "-//W3C//DTD XHTML 1.0 Transitional//EN"
    "http://www.w3.org/TR/xhtml1/DTD/xhtml1-transitional.dtd">
<html xmlns="http://www.w3.org/1999/xhtml" xml:lang="en" lang="en">
 <head>
  <title>
</title>
<meta http-equiv="Content-Type" content="text/html;charset=utf-8" />
  <meta name='ocr-system' content='tesseract 3.04.00' />
  <meta name='ocr-capabilities' content='ocr_page ocr_carea ocr_par ocr_line ocrx_word'/>
</head>
<body>
  <div class='ocr_page' id='page_1' title='image "beatipetricanisi05cani_0927.png"; bbox 0 0 2045 3471; ppageno 0'>
   <div class='ocr_carea' id='block_1_1' title="bbox 459 205 1846 251">
    <p class='ocr_par' dir='ltr' id='par_1_1' title="bbox 459 205 1846 251">
     <span class='ocr_line' id='line_1_1' title="bbox 459 205 1846 251; baseline 0.002 -12"><span class='ocrx_word' id='word_1_1' title='bbox 459 205 554 240; x_wconf 88' lang='lat' dir='ltr'>Mon.</span> <span class='ocrx_word' id='word_1_2' title='bbox 572 206 639 240; x_wconf 83' lang='lat'>899</span> <span class='ocrx_word' id='word_1_3' title='bbox 666 205 744 240; x_wconf 90' lang='lat' dir='ltr'>sive</span> <span class='ocrx_word' id='word_1_4' title='bbox 770 217 846 240; x_wconf 80' lang='lat' dir='ltr'>var.</span> <span class='ocrx_word' id='word_1_5' title='bbox 869 206 958 249; x_wconf 86' lang='lat'>(19).</span> <span class='ocrx_word' id='word_1_6' title='bbox 1002 207 1034 241; x_wconf 91' lang='grc'>6.</span> <span class='ocrx_word' id='word_1_7' title='bbox 1052 205 1133 240; x_wconf 85' lang='grc'><strong>111111</strong></span> <span class='ocrx_word' id='word_1_8' title='bbox 1160 209 1196 240; x_wconf 87' lang='grc'>61</span> <span class='ocrx_word' id='word_1_9' title='bbox 1221 207 1253 240; x_wconf 88' lang='lat'>6.</span> <span class='ocrx_word' id='word_1_10' title='bbox 1273 205 1352 241; x_wconf 81' lang='lat' dir='ltr'>Oct.</span> <span class='ocrx_word' id='word_1_11' title='bbox 1374 207 1476 241; x_wconf 84' lang='lat'><strong><em>1566.</em></strong></span> <span class='ocrx_word' id='word_1_12' title='bbox 1760 210 1846 251; x_wconf 73' lang='grc'>839</span> 
     </span>
    </p>
   </div>
   <div class='ocr_carea' id='block_1_2' title="bbox 84 324 1848 697">
    <p class='ocr_par' dir='ltr' id='par_1_2' title="bbox 84 324 1848 697">
     <span class='ocr_line' id='line_1_2' title="bbox 207 324 1848 381; baseline 0.001 -16"><span class='ocrx_word' id='word_1_13' title='bbox 207 324 256 366; x_wconf 90' lang='lat' dir='ltr'>P.</span> <span class='ocrx_word' id='word_1_14' title='bbox 298 324 582 366; x_wconf 80' lang='lat' dir='ltr'>Theodoricus</span> <span class='ocrx_word' id='word_1_15' title='bbox 616 325 817 367; x_wconf 82' lang='lat' dir='ltr'>Canisius</span> <span class='ocrx_word' id='word_1_16' title='bbox 858 327 901 367; x_wconf 83' lang='lat' dir='ltr'>S.</span> <span class='ocrx_word' id='word_1_17' title='bbox 925 325 984 377; x_wconf 63' lang='lat' dir='ltr'>J„</span> <span class='ocrx_word' id='word_1_18' title='bbox 1025 327 1315 368; x_wconf 69' lang='lat' dir='ltr'>uniuersitatis</span> <span class='ocrx_word' id='word_1_19' title='bbox 1359 331 1393 366; x_wconf 81' lang='lat' dir='ltr'>et</span> <span class='ocrx_word' id='word_1_20' title='bbox 1434 326 1592 380; x_wconf 68' lang='lat' dir='ltr'>colieyii</span> <span class='ocrx_word' id='word_1_21' title='bbox 1633 327 1848 381; x_wconf 70' lang='lat' dir='ltr'>dilinqani</span> 
     </span>
     <span class='ocr_line' id='line_1_3' title="bbox 86 389 1847 446; baseline 0.001 -16"><span class='ocrx_word' id='word_1_22' title='bbox 86 393 232 440; x_wconf 83' lang='lat' dir='ltr'>rector,</span> <span class='ocrx_word' id='word_1_23' title='bbox 266 389 444 441; x_wconf 69' lang='lat' dir='ltr'>Diltnqa</span> <span class='ocrx_word' id='word_1_24' title='bbox 475 392 544 431; x_wconf 72' lang='grc'>25.</span> <span class='ocrx_word' id='word_1_25' title='bbox 570 390 674 432; x_wconf 84' lang='lat' dir='ltr'>Iulii</span> <span class='ocrx_word' id='word_1_26' title='bbox 705 392 820 432; x_wconf 75' lang='lat'>1566</span> <span class='ocrx_word' id='word_1_27' title='bbox 853 392 895 433; x_wconf 85' lang='lat' dir='ltr'>S.</span> <span class='ocrx_word' id='word_1_28' title='bbox 921 390 1150 432; x_wconf 80' lang='lat' dir='ltr'>Francisco</span> <span class='ocrx_word' id='word_1_29' title='bbox 1173 391 1357 445; x_wconf 68' lang='lat' dir='ltr'>Boryiae</span> <span class='ocrx_word' id='word_1_30' title='bbox 1385 393 1627 445; x_wconf 84' lang='lat' dir='ltr'>praeposito</span> <span class='ocrx_word' id='word_1_31' title='bbox 1658 393 1847 446; x_wconf 72' lang='lat' dir='ltr'>yenerali</span> 
     </span>
     <span class='ocr_line' id='line_1_4' title="bbox 85 453 1844 507; baseline 0.002 -13"><span class='ocrx_word' id='word_1_32' title='bbox 85 455 276 507; x_wconf 83' lang='lat' dir='ltr'>scripsit:</span> <span class='ocrx_word' id='word_1_33' title='bbox 308 453 354 496; x_wconf 90' lang='grc' dir='ltr'>Ρ.</span> <span class='ocrx_word' id='word_1_34' title='bbox 377 453 584 496; x_wconf 87' lang='lat' dir='ltr'>Natalis.</span> <span class='ocrx_word' id='word_1_35' title='bbox 612 488 619 496; x_wconf 95' lang='lat'><strong><em>.</em></strong></span> <span class='ocrx_word' id='word_1_36' title='bbox 647 454 852 496; x_wconf 82' lang='lat' dir='ltr'>,Patrem</span> <span class='ocrx_word' id='word_1_37' title='bbox 887 455 1065 497; x_wconf 86' lang='lat' dir='ltr'>Petrum</span> <span class='ocrx_word' id='word_1_38' title='bbox 1098 454 1313 497; x_wconf 85' lang='lat' dir='ltr'>Canisium</span> <span class='ocrx_word' id='word_1_39' title='bbox 1346 458 1391 496; x_wconf 88' lang='grc'>61</span> <span class='ocrx_word' id='word_1_40' title='bbox 1423 456 1594 497; x_wconf 85' lang='lat' dir='ltr'>nomine</span> <span class='ocrx_word' id='word_1_41' title='bbox 1628 460 1672 498; x_wconf 90' lang='lat' dir='ltr'>et</span> <span class='ocrx_word' id='word_1_42' title='bbox 1704 455 1844 497; x_wconf 83' lang='lat' dir='ltr'>officio</span> 
     </span>
     <span class='ocr_line' id='line_1_5' title="bbox 86 517 1846 573; baseline 0.002 -15"><span class='ocrx_word' id='word_1_43' title='bbox 86 517 394 571; x_wconf 86' lang='lat' dir='ltr'>prouincialem</span> <span class='ocrx_word' id='word_1_44' title='bbox 426 518 679 568; x_wconf 63' lang='lat' dir='ltr'>declamauit,</span> <span class='ocrx_word' id='word_1_45' title='bbox 722 519 894 561; x_wconf 84' lang='lat' dir='ltr'>sublato</span> <span class='ocrx_word' id='word_1_46' title='bbox 926 519 1302 573; x_wconf 88' lang='lat' dir='ltr'>viceprouincialis</span> <span class='ocrx_word' id='word_1_47' title='bbox 1339 520 1523 562; x_wconf 87' lang='lat' dir='ltr'>nomine.</span> <span class='ocrx_word' id='word_1_48' title='bbox 1557 554 1565 563; x_wconf 94' lang='lat'><strong><em>.</em></strong></span> <span class='ocrx_word' id='word_1_49' title='bbox 1592 554 1601 563; x_wconf 93' lang='lat'><strong><em>.</em></strong></span> <span class='ocrx_word' id='word_1_50' title='bbox 1626 553 1635 563; x_wconf 96' lang='lat'><strong><em>.</em></strong></span> <span class='ocrx_word' id='word_1_51' title='bbox 1670 520 1846 562; x_wconf 79' lang='lat' dir='ltr'>Gratias</span> 
     </span>
     <span class='ocr_line' id='line_1_6' title="bbox 85 583 1844 639; baseline 0.002 -16"><span class='ocrx_word' id='word_1_52' title='bbox 85 596 167 635; x_wconf 82' lang='lat' dir='ltr'>ago</span> <span class='ocrx_word' id='word_1_53' title='bbox 200 583 291 624; x_wconf 91' lang='lat' dir='ltr'>Deo</span> <span class='ocrx_word' id='word_1_54' title='bbox 323 597 432 633; x_wconf 84' lang='lat' dir='ltr'>meo,</span> <span class='ocrx_word' id='word_1_55' title='bbox 475 583 546 636; x_wconf 91' lang='lat' dir='ltr'>qui</span> <span class='ocrx_word' id='word_1_56' title='bbox 578 598 646 625; x_wconf 89' lang='lat' dir='ltr'>me</span> <span class='ocrx_word' id='word_1_57' title='bbox 678 584 802 636; x_wconf 85' lang='lat' dir='ltr'>graui</span> <span class='ocrx_word' id='word_1_58' title='bbox 835 598 964 626; x_wconf 88' lang='lat' dir='ltr'>onere</span> <span class='ocrx_word' id='word_1_59' title='bbox 998 584 1396 639; x_wconf 83' lang='lat' dir='ltr'>Viceprouincialis‚</span> <span class='ocrx_word' id='word_1_60' title='bbox 1439 585 1505 626; x_wconf 90' lang='lat' dir='ltr'>cui</span> <span class='ocrx_word' id='word_1_61' title='bbox 1543 585 1672 639; x_wconf 88' lang='lat' dir='ltr'>plane</span> <span class='ocrx_word' id='word_1_62' title='bbox 1703 585 1844 639; x_wconf 80' lang='lat' dir='ltr'>impar</span> 
     </span>
     <span class='ocr_line' id='line_1_7' title="bbox 84 647 832 697; baseline 0.003 -9"><span class='ocrx_word' id='word_1_63' title='bbox 84 661 216 697; x_wconf 87' lang='lat' dir='ltr'>eram,</span> <span class='ocrx_word' id='word_1_64' title='bbox 249 647 587 690; x_wconf 83' lang='lat' dir='ltr'>misericorditer</span> <span class='ocrx_word' id='word_1_65' title='bbox 618 649 832 692; x_wconf 87' lang='lat' dir='ltr'>liberauit.</span> 
     </span>
    </p>
   </div>
   <div class='ocr_carea' id='block_1_3' title="bbox 87 765 1232 813">
    <p class='ocr_par' dir='ltr' id='par_1_3' title="bbox 87 765 1232 813">
     <span class='ocr_line' id='line_1_8' title="bbox 87 765 1232 813; baseline 0.003 -12"><span class='ocrx_word' id='word_1_66' title='bbox 87 765 195 803; x_wconf 79' lang='grc'>899</span> <span class='ocrx_word' id='word_1_67' title='bbox 222 767 300 802; x_wconf 67' lang='lat' dir='ltr'>sive</span> <span class='ocrx_word' id='word_1_68' title='bbox 325 777 441 803; x_wconf 77' lang='lat' dir='ltr'>var.</span> <span class='ocrx_word' id='word_1_69' title='bbox 461 767 591 813; x_wconf 81' lang='grc'><strong>(19).</strong></span> <span class='ocrx_word' id='word_1_70' title='bbox 666 767 802 804; x_wconf 85' lang='lat' dir='ltr'>6.1ulii</span> <span class='ocrx_word' id='word_1_71' title='bbox 829 770 865 804; x_wconf 75' lang='lat' dir='ltr'>et</span> <span class='ocrx_word' id='word_1_72' title='bbox 893 769 923 804; x_wconf 81' lang='lat'>6.</span> <span class='ocrx_word' id='word_1_73' title='bbox 943 768 1112 805; x_wconf 72' lang='lat' dir='ltr'>Octobris</span> <span class='ocrx_word' id='word_1_74' title='bbox 1138 768 1232 804; x_wconf 82' lang='lat'><strong><em>1566.</em></strong></span> 
     </span>
    </p>
   </div>
   <div class='ocr_carea' id='block_1_4' title="bbox 83 838 1840 937">
    <p class='ocr_par' dir='ltr' id='par_1_4' title="bbox 83 838 1840 937">
     <span class='ocr_line' id='line_1_9' title="bbox 202 838 1840 884; baseline 0.003 -13"><span class='ocrx_word' id='word_1_75' title='bbox 202 838 256 871; x_wconf 87' lang='lat' dir='ltr'>Ex</span> <span class='ocrx_word' id='word_1_76' title='bbox 282 838 500 883; x_wconf 83' lang='lat' dir='ltr'>archetypis,</span> <span class='ocrx_word' id='word_1_77' title='bbox 527 851 620 883; x_wconf 86' lang='lat' dir='ltr'>quae</span> <span class='ocrx_word' id='word_1_78' title='bbox 645 842 731 874; x_wconf 89' lang='lat' dir='ltr'>sunt</span> <span class='ocrx_word' id='word_1_79' title='bbox 755 840 790 873; x_wconf 93' lang='lat' dir='ltr'>in</span> <span class='ocrx_word' id='word_1_80' title='bbox 821 839 920 881; x_wconf 77' lang='lat' dir='ltr'>„Ess“</span> <span class='ocrx_word' id='word_1_81' title='bbox 951 851 985 874; x_wconf 85' lang='lat'>11.</span> <span class='ocrx_word' id='word_1_82' title='bbox 1007 839 1072 874; x_wconf 82' lang='lat'>182</span> <span class='ocrx_word' id='word_1_83' title='bbox 1100 843 1136 873; x_wconf 89' lang='grc'>61</span> <span class='ocrx_word' id='word_1_84' title='bbox 1165 840 1267 882; x_wconf 78' lang='lat' dir='ltr'>„EN“</span> <span class='ocrx_word' id='word_1_85' title='bbox 1297 852 1331 875; x_wconf 90' lang='lat' dir='ltr'>n.</span> <span class='ocrx_word' id='word_1_86' title='bbox 1361 840 1437 875; x_wconf 80' lang='lat'>148.</span> <span class='ocrx_word' id='word_1_87' title='bbox 1480 841 1598 875; x_wconf 87' lang='lat' dir='ltr'>Etiam</span> <span class='ocrx_word' id='word_1_88' title='bbox 1626 841 1687 884; x_wconf 83' lang='lat' dir='ltr'>(ex</span> <span class='ocrx_word' id='word_1_89' title='bbox 1714 842 1840 876; x_wconf 78' lang='lat' dir='ltr'>iisdem</span> 
     </span>
     <span class='ocr_line' id='line_1_10' title="bbox 83 890 1023 937; baseline 0.004 -13"><span class='ocrx_word' id='word_1_90' title='bbox 83 890 305 936; x_wconf 85' lang='lat' dir='ltr'>archetypis)</span> <span class='ocrx_word' id='word_1_91' title='bbox 334 892 370 925; x_wconf 88' lang='lat' dir='ltr'>in</span> <span class='ocrx_word' id='word_1_92' title='bbox 397 892 485 937; x_wconf 83' lang='lat' dir='ltr'>Epp.</span> <span class='ocrx_word' id='word_1_93' title='bbox 504 894 626 927; x_wconf 80' lang='lat' dir='ltr'>Nadal</span> <span class='ocrx_word' id='word_1_94' title='bbox 653 894 703 927; x_wconf 84' lang='grc' dir='ltr'>ΠΙ</span> <span class='ocrx_word' id='word_1_95' title='bbox 732 894 797 928; x_wconf 82' lang='lat'>177</span> <span class='ocrx_word' id='word_1_96' title='bbox 824 894 1023 928; x_wconf 75' lang='lat'>241-243,</span> 
     </span>
    </p>
   </div>
   <div class='ocr_carea' id='block_1_5' title="bbox 68 963 1844 3232">
    <p class='ocr_par' dir='ltr' id='par_1_5' title="bbox 79 963 1844 1271">
     <span class='ocr_line' id='line_1_11' title="bbox 204 963 1840 1008; baseline 0.002 -13"><span class='ocrx_word' id='word_1_97' title='bbox 204 963 397 1003; x_wconf 74' lang='lat' dir='ltr'>Quaerenti</span> <span class='ocrx_word' id='word_1_98' title='bbox 422 964 576 1006; x_wconf 70' lang='lat' dir='ltr'>Borytae</span> <span class='ocrx_word' id='word_1_99' title='bbox 604 965 810 1006; x_wconf 77' lang='lat' dir='ltr'>praeposito</span> <span class='ocrx_word' id='word_1_100' title='bbox 843 964 1013 1007; x_wconf 75' lang='lat' dir='ltr'>yenerali,</span> <span class='ocrx_word' id='word_1_101' title='bbox 1049 975 1113 997; x_wconf 84' lang='lat' dir='ltr'>cur</span> <span class='ocrx_word' id='word_1_102' title='bbox 1143 966 1340 997; x_wconf 78' lang='lat' dir='ltr'>Germania</span> <span class='ocrx_word' id='word_1_103' title='bbox 1365 966 1532 1008; x_wconf 81' lang='lat' dir='ltr'>superior</span> <span class='ocrx_word' id='word_1_104' title='bbox 1568 966 1676 998; x_wconf 76' lang='lat' dir='ltr'>nzulto</span> <span class='ocrx_word' id='word_1_105' title='bbox 1712 968 1840 1007; x_wconf 77' lang='lat' dir='ltr'>nn&#39;nus,</span> 
     </span>
     <span class='ocr_line' id='line_1_12' title="bbox 83 1016 1842 1062; baseline 0.001 -15"><span class='ocrx_word' id='word_1_106' title='bbox 83 1025 189 1058; x_wconf 73' lang='lat' dir='ltr'>quam</span> <span class='ocrx_word' id='word_1_107' title='bbox 212 1016 371 1059; x_wconf 64' lang='lat' dir='ltr'>reliquae</span> <span class='ocrx_word' id='word_1_108' title='bbox 393 1018 599 1059; x_wconf 77' lang='lat' dir='ltr'>provinciae</span> <span class='ocrx_word' id='word_1_109' title='bbox 613 1018 849 1058; x_wconf 72' lang='lat' dir='ltr'>yermanicae,</span> <span class='ocrx_word' id='word_1_110' title='bbox 876 1021 1061 1060; x_wconf 74' lang='lat' dir='ltr'>prosperet</span> <span class='ocrx_word' id='word_1_111' title='bbox 1088 1016 1347 1060; x_wconf 84' lang='lat' dir='ltr'>(compluribus</span> <span class='ocrx_word' id='word_1_112' title='bbox 1366 1019 1568 1051; x_wconf 77' lang='lat' dir='ltr'>Societatem</span> <span class='ocrx_word' id='word_1_113' title='bbox 1595 1019 1842 1062; x_wconf 65' lang='lat' dir='ltr'>deserentibus,</span> 
     </span>
     <span class='ocr_line' id='line_1_13' title="bbox 79 1069 1844 1113; baseline 0.002 -12"><span class='ocrx_word' id='word_1_114' title='bbox 79 1069 206 1110; x_wconf 81' lang='lat' dir='ltr'>paucis</span> <span class='ocrx_word' id='word_1_115' title='bbox 240 1070 384 1102; x_wconf 83' lang='lat' dir='ltr'>noviciis</span> <span class='ocrx_word' id='word_1_116' title='bbox 417 1069 498 1102; x_wconf 84' lang='lat' dir='ltr'>bene</span> <span class='ocrx_word' id='word_1_117' title='bbox 528 1070 798 1112; x_wconf 82' lang='lat' dir='ltr'>proficientibus</span> <span class='ocrx_word' id='word_1_118' title='bbox 831 1071 923 1113; x_wconf 64' lang='lat' dir='ltr'>etc),</span> <span class='ocrx_word' id='word_1_119' title='bbox 963 1071 1106 1103; x_wconf 79' lang='lat' dir='ltr'>Natalis</span> <span class='ocrx_word' id='word_1_120' title='bbox 1143 1071 1306 1103; x_wconf 85' lang='lat' dir='ltr'>visitator</span> <span class='ocrx_word' id='word_1_121' title='bbox 1342 1072 1547 1113; x_wconf 79' lang='lat' dir='ltr'>respondet:</span> <span class='ocrx_word' id='word_1_122' title='bbox 1584 1073 1682 1104; x_wconf 80' lang='lat' dir='ltr'>Inter</span> <span class='ocrx_word' id='word_1_123' title='bbox 1720 1074 1844 1105; x_wconf 73' lang='lat' dir='ltr'>carias</span> 
     </span>
     <span class='ocr_line' id='line_1_14' title="bbox 83 1122 1842 1168; baseline 0.002 -15"><span class='ocrx_word' id='word_1_124' title='bbox 83 1132 209 1154; x_wconf 80' lang='lat' dir='ltr'>causas</span> <span class='ocrx_word' id='word_1_125' title='bbox 233 1122 407 1165; x_wconf 79' lang='lat' dir='ltr'>(quarum</span> <span class='ocrx_word' id='word_1_126' title='bbox 434 1123 528 1155; x_wconf 75' lang='lat' dir='ltr'>aliae</span> <span class='ocrx_word' id='word_1_127' title='bbox 552 1124 590 1155; x_wconf 82' lang='lat' dir='ltr'>in</span> <span class='ocrx_word' id='word_1_128' title='bbox 621 1123 841 1165; x_wconf 83' lang='lat' dir='ltr'>proceribus,</span> <span class='ocrx_word' id='word_1_129' title='bbox 876 1124 970 1156; x_wconf 86' lang='lat' dir='ltr'>aliae</span> <span class='ocrx_word' id='word_1_130' title='bbox 1002 1125 1039 1155; x_wconf 81' lang='lat' dir='ltr'>in</span> <span class='ocrx_word' id='word_1_131' title='bbox 1076 1125 1164 1166; x_wconf 81' lang='lat' dir='ltr'>ipsis</span> <span class='ocrx_word' id='word_1_132' title='bbox 1191 1123 1304 1156; x_wconf 84' lang='lat' dir='ltr'>Sociis</span> <span class='ocrx_word' id='word_1_133' title='bbox 1327 1125 1462 1166; x_wconf 80' lang='lat' dir='ltr'>positae</span> <span class='ocrx_word' id='word_1_134' title='bbox 1494 1125 1584 1166; x_wconf 84' lang='lat' dir='ltr'>sint)</span> <span class='ocrx_word' id='word_1_135' title='bbox 1605 1126 1842 1168; x_wconf 76' lang='lat' dir='ltr'>praecipuam</span> 
     </span>
     <span class='ocr_line' id='line_1_15' title="bbox 82 1175 1841 1219; baseline 0.003 -13"><span class='ocrx_word' id='word_1_136' title='bbox 82 1185 152 1207; x_wconf 87' lang='lat' dir='ltr'>esse</span> <span class='ocrx_word' id='word_1_137' title='bbox 176 1186 261 1218; x_wconf 79' lang='lat' dir='ltr'>eam,</span> <span class='ocrx_word' id='word_1_138' title='bbox 289 1176 382 1218; x_wconf 78' lang='lat' dir='ltr'>quod</span> <span class='ocrx_word' id='word_1_139' title='bbox 410 1175 575 1209; x_wconf 74' lang='lat' dir='ltr'>Ganisius</span> <span class='ocrx_word' id='word_1_140' title='bbox 596 1177 833 1218; x_wconf 79' lang='lat' dir='ltr'>provincialis</span> <span class='ocrx_word' id='word_1_141' title='bbox 857 1181 1002 1219; x_wconf 87' lang='lat' dir='ltr'>propter</span> <span class='ocrx_word' id='word_1_142' title='bbox 1027 1177 1122 1209; x_wconf 77' lang='lat' dir='ltr'>alias</span> <span class='ocrx_word' id='word_1_143' title='bbox 1146 1179 1391 1219; x_wconf 74' lang='lat' dir='ltr'>occupationes</span> <span class='ocrx_word' id='word_1_144' title='bbox 1417 1178 1561 1219; x_wconf 70' lang='lat' dir='ltr'>colleyia</span> <span class='ocrx_word' id='word_1_145' title='bbox 1588 1189 1657 1211; x_wconf 88' lang='lat' dir='ltr'>non</span> <span class='ocrx_word' id='word_1_146' title='bbox 1688 1180 1841 1212; x_wconf 61' lang='lat' dir='ltr'>visitarit</span> 
     </span>
     <span class='ocr_line' id='line_1_16' title="bbox 82 1229 1506 1271; baseline 0.002 -11"><span class='ocrx_word' id='word_1_147' title='bbox 82 1232 113 1260; x_wconf 88' lang='lat' dir='ltr'>et</span> <span class='ocrx_word' id='word_1_148' title='bbox 137 1229 200 1261; x_wconf 86' lang='lat' dir='ltr'>diu</span> <span class='ocrx_word' id='word_1_149' title='bbox 222 1229 410 1271; x_wconf 73' lang='lat' dir='ltr'>provincea</span> <span class='ocrx_word' id='word_1_150' title='bbox 434 1229 592 1270; x_wconf 83' lang='lat' dir='ltr'>abfuerit</span> <span class='ocrx_word' id='word_1_151' title='bbox 602 1241 615 1270; x_wconf 87' lang='lat'>,·</span> <span class='ocrx_word' id='word_1_152' title='bbox 640 1230 678 1262; x_wconf 83' lang='lat' dir='ltr'>id</span> <span class='ocrx_word' id='word_1_153' title='bbox 703 1234 817 1262; x_wconf 85' lang='lat' dir='ltr'>tamen</span> <span class='ocrx_word' id='word_1_154' title='bbox 846 1230 1102 1262; x_wconf 82' lang='lat' dir='ltr'>incommodum</span> <span class='ocrx_word' id='word_1_155' title='bbox 1130 1231 1202 1262; x_wconf 74' lang='lat' dir='ltr'>iam</span> <span class='ocrx_word' id='word_1_156' title='bbox 1227 1241 1296 1263; x_wconf 83' lang='lat' dir='ltr'>esse</span> <span class='ocrx_word' id='word_1_157' title='bbox 1320 1230 1506 1264; x_wconf 82' lang='lat' dir='ltr'>sublatum.</span> 
     </span>
    </p>

    <p class='ocr_par' dir='ltr' id='par_1_6' title="bbox 77 1301 1839 2001">
     <span class='ocr_line' id='line_1_17' title="bbox 200 1301 1839 1357; baseline 0.002 -15"><span class='ocrx_word' id='word_1_158' title='bbox 200 1301 384 1342; x_wconf 73' lang='lat' dir='ltr'>Sanctus</span> <span class='ocrx_word' id='word_1_159' title='bbox 417 1301 674 1342; x_wconf 81' lang='lat' dir='ltr'>Franciscus</span> <span class='ocrx_word' id='word_1_160' title='bbox 708 1301 758 1342; x_wconf 85' lang='lat' dir='ltr'>de</span> <span class='ocrx_word' id='word_1_161' title='bbox 778 1301 937 1356; x_wconf 64' lang='lat' dir='ltr'>Boryta</span> <span class='ocrx_word' id='word_1_162' title='bbox 968 1303 1236 1355; x_wconf 81' lang='lat' dir='ltr'>praepositus</span> <span class='ocrx_word' id='word_1_163' title='bbox 1267 1304 1477 1357; x_wconf 71' lang='lat' dir='ltr'>yeneralis</span> <span class='ocrx_word' id='word_1_164' title='bbox 1499 1304 1717 1344; x_wconf 79' lang='lat' dir='ltr'>Societatis</span> <span class='ocrx_word' id='word_1_165' title='bbox 1744 1304 1839 1345; x_wconf 84' lang='lat' dir='ltr'>Iesu</span> 
     </span>
     <span class='ocr_line' id='line_1_18' title="bbox 81 1364 1837 1421; baseline 0.003 -16"><span class='ocrx_word' id='word_1_166' title='bbox 81 1364 217 1405; x_wconf 79' lang='lat' dir='ltr'>Roma</span> <span class='ocrx_word' id='word_1_167' title='bbox 257 1369 298 1407; x_wconf 82' lang='lat' dir='ltr'>o&#39;.</span> <span class='ocrx_word' id='word_1_168' title='bbox 323 1365 426 1406; x_wconf 79' lang='lat' dir='ltr'>Iulii</span> <span class='ocrx_word' id='word_1_169' title='bbox 458 1368 574 1407; x_wconf 73' lang='lat'><em>1566</em></span> <span class='ocrx_word' id='word_1_170' title='bbox 615 1367 673 1406; x_wconf 84' lang='lat' dir='ltr'>ad</span> <span class='ocrx_word' id='word_1_171' title='bbox 707 1366 754 1408; x_wconf 77' lang='lat' dir='ltr'>P.</span> <span class='ocrx_word' id='word_1_172' title='bbox 779 1366 1084 1420; x_wconf 70' lang='lat' dir='ltr'>Hieronymum</span> <span class='ocrx_word' id='word_1_173' title='bbox 1118 1366 1327 1420; x_wconf 76' lang='lat' dir='ltr'>Natalem,</span> <span class='ocrx_word' id='word_1_174' title='bbox 1369 1368 1687 1421; x_wconf 76' lang='lat' dir='ltr'>provinciarum</span> <span class='ocrx_word' id='word_1_175' title='bbox 1727 1370 1771 1411; x_wconf 76' lang='lat' dir='ltr'>S.</span> <span class='ocrx_word' id='word_1_176' title='bbox 1796 1369 1837 1411; x_wconf 79' lang='lat' dir='ltr'>J.</span> 
     </span>
     <span class='ocr_line' id='line_1_19' title="bbox 81 1430 1839 1486; baseline 0.003 -17"><span class='ocrx_word' id='word_1_177' title='bbox 81 1431 297 1483; x_wconf 80' lang='lat' dir='ltr'>Austriae,</span> <span class='ocrx_word' id='word_1_178' title='bbox 332 1431 593 1472; x_wconf 70' lang='lat' dir='ltr'>Germaniae</span> <span class='ocrx_word' id='word_1_179' title='bbox 623 1430 865 1483; x_wconf 80' lang='lat' dir='ltr'>Inferioris,</span> <span class='ocrx_word' id='word_1_180' title='bbox 902 1431 1160 1472; x_wconf 73' lang='lat' dir='ltr'>Germaniae</span> <span class='ocrx_word' id='word_1_181' title='bbox 1192 1432 1449 1486; x_wconf 82' lang='lat' dir='ltr'>Superioris,</span> <span class='ocrx_word' id='word_1_182' title='bbox 1492 1433 1631 1474; x_wconf 78' lang='lat' dir='ltr'>Rheni</span> <span class='ocrx_word' id='word_1_183' title='bbox 1667 1435 1839 1484; x_wconf 79' lang='lat' dir='ltr'>„visita-</span> 
     </span>
     <span class='ocr_line' id='line_1_20' title="bbox 80 1493 1839 1550; baseline 0.002 -15"><span class='ocrx_word' id='word_1_184' title='bbox 80 1493 250 1548; x_wconf 81' lang='lat' dir='ltr'>torem“,</span> <span class='ocrx_word' id='word_1_185' title='bbox 284 1497 477 1550; x_wconf 76' lang='lat' dir='ltr'>scripsit:</span> <span class='ocrx_word' id='word_1_186' title='bbox 516 1495 585 1536; x_wconf 92' lang='lat' dir='ltr'>No</span> <span class='ocrx_word' id='word_1_187' title='bbox 619 1495 781 1536; x_wconf 81' lang='lat' dir='ltr'>dexare</span> <span class='ocrx_word' id='word_1_188' title='bbox 814 1495 866 1536; x_wconf 88' lang='lat' dir='ltr'>de</span> <span class='ocrx_word' id='word_1_189' title='bbox 899 1495 1148 1545; x_wconf 62' lang='lat' dir='ltr'>demandam,</span> <span class='ocrx_word' id='word_1_190' title='bbox 1182 1510 1212 1549; x_wconf 85' lang='lat' dir='ltr'>y</span> <span class='ocrx_word' id='word_1_191' title='bbox 1243 1496 1423 1549; x_wconf 86' lang='lat' dir='ltr'>holgare</span> <span class='ocrx_word' id='word_1_192' title='bbox 1456 1510 1526 1538; x_wconf 87' lang='lat' dir='ltr'>ser</span> <span class='ocrx_word' id='word_1_193' title='bbox 1558 1496 1735 1539; x_wconf 84' lang='lat' dir='ltr'>auisado</span> <span class='ocrx_word' id='word_1_194' title='bbox 1769 1499 1839 1540; x_wconf 84' lang='lat' dir='ltr'>alo</span> 
     </span>
     <span class='ocr_line' id='line_1_21' title="bbox 80 1559 1838 1615; baseline 0.002 -15"><span class='ocrx_word' id='word_1_195' title='bbox 80 1572 228 1600; x_wconf 87' lang='lat' dir='ltr'>menos</span> <span class='ocrx_word' id='word_1_196' title='bbox 261 1559 446 1614; x_wconf 88' lang='lat' dir='ltr'>despues</span> <span class='ocrx_word' id='word_1_197' title='bbox 479 1560 576 1602; x_wconf 89' lang='lat' dir='ltr'>dela</span> <span class='ocrx_word' id='word_1_198' title='bbox 608 1559 739 1602; x_wconf 87' lang='lat' dir='ltr'>uisita</span> <span class='ocrx_word' id='word_1_199' title='bbox 771 1559 869 1602; x_wconf 87' lang='lat' dir='ltr'>dela</span> <span class='ocrx_word' id='word_1_200' title='bbox 901 1560 1097 1613; x_wconf 76' lang='lat' dir='ltr'>superior</span> <span class='ocrx_word' id='word_1_201' title='bbox 1120 1560 1352 1602; x_wconf 80' lang='lat' dir='ltr'>Germania</span> <span class='ocrx_word' id='word_1_202' title='bbox 1375 1562 1475 1613; x_wconf 91' lang='lat' dir='ltr'>qual</span> <span class='ocrx_word' id='word_1_203' title='bbox 1507 1561 1658 1615; x_wconf 88' lang='lat' dir='ltr'>piensa</span> <span class='ocrx_word' id='word_1_204' title='bbox 1680 1562 1732 1605; x_wconf 84' lang='lat' dir='ltr'>V.</span> <span class='ocrx_word' id='word_1_205' title='bbox 1757 1562 1838 1604; x_wconf 82' lang='lat' dir='ltr'>Re-</span> 
     </span>
     <span class='ocr_line' id='line_1_22' title="bbox 81 1618 1836 1680; baseline 0.002 -15"><span class='ocrx_word' id='word_1_206' title='bbox 81 1624 283 1666; x_wconf 87' lang='lat' dir='ltr'>uerencia</span> <span class='ocrx_word' id='word_1_207' title='bbox 314 1638 389 1665; x_wconf 88' lang='lat' dir='ltr'>sea</span> <span class='ocrx_word' id='word_1_208' title='bbox 420 1625 464 1666; x_wconf 87' lang='lat' dir='ltr'>la</span> <span class='ocrx_word' id='word_1_209' title='bbox 497 1638 641 1674; x_wconf 72' lang='lat' dir='ltr'>causa,</span> <span class='ocrx_word' id='word_1_210' title='bbox 684 1639 763 1678; x_wconf 89' lang='lat' dir='ltr'>por</span> <span class='ocrx_word' id='word_1_211' title='bbox 794 1625 836 1666; x_wconf 86' lang='lat' dir='ltr'>la</span> <span class='ocrx_word' id='word_1_212' title='bbox 869 1625 968 1678; x_wconf 90' lang='lat' dir='ltr'>qual</span> <span class='ocrx_word' id='word_1_213' title='bbox 1004 1639 1102 1666; x_wconf 87' lang='lat' dir='ltr'>essa</span> <span class='ocrx_word' id='word_1_214' title='bbox 1134 1625 1364 1667; x_wconf 83' lang='lat' dir='ltr'>Prouincia</span> <span class='ocrx_word' id='word_1_215' title='bbox 1396 1640 1442 1667; x_wconf 88' lang='lat' dir='ltr'>es</span> <span class='ocrx_word' id='word_1_216' title='bbox 1482 1629 1559 1668; x_wconf 86' lang='lat' dir='ltr'>tan</span> <span class='ocrx_word' id='word_1_217' title='bbox 1600 1618 1836 1680; x_wconf 77' lang='lat' dir='ltr'>trauajosa&#39;,</span> 
     </span>
     <span class='ocr_line' id='line_1_23' title="bbox 80 1689 1838 1744; baseline 0.002 -14"><span class='ocrx_word' id='word_1_218' title='bbox 80 1690 427 1731; x_wconf 83' lang='lat' dir='ltr'>conseruandose</span> <span class='ocrx_word' id='word_1_219' title='bbox 458 1693 535 1731; x_wconf 87' lang='lat' dir='ltr'>tan</span> <span class='ocrx_word' id='word_1_220' title='bbox 567 1689 863 1731; x_wconf 87' lang='lat' dir='ltr'>difficilmente</span> <span class='ocrx_word' id='word_1_221' title='bbox 895 1704 947 1731; x_wconf 91' lang='lat' dir='ltr'>en</span> <span class='ocrx_word' id='word_1_222' title='bbox 981 1690 1065 1731; x_wconf 85' lang='lat' dir='ltr'>ella</span> <span class='ocrx_word' id='word_1_223' title='bbox 1097 1690 1161 1732; x_wconf 85' lang='grc'>106</span> <span class='ocrx_word' id='word_1_224' title='bbox 1194 1690 1425 1741; x_wconf 79' lang='lat' dir='ltr'>subiectos,</span> <span class='ocrx_word' id='word_1_225' title='bbox 1464 1705 1493 1744; x_wconf 89' lang='lat' dir='ltr'><strong>y</strong></span> <span class='ocrx_word' id='word_1_226' title='bbox 1525 1692 1838 1744; x_wconf 84' lang='lat' dir='ltr'>estragandose</span> 
     </span>
     <span class='ocr_line' id='line_1_24' title="bbox 79 1754 1838 1810; baseline 0.002 -15"><span class='ocrx_word' id='word_1_227' title='bbox 79 1755 239 1804; x_wconf 89' lang='lat' dir='ltr'>tantos,</span> <span class='ocrx_word' id='word_1_228' title='bbox 282 1768 311 1807; x_wconf 91' lang='lat' dir='ltr'>y</span> <span class='ocrx_word' id='word_1_229' title='bbox 343 1754 536 1795; x_wconf 85' lang='lat' dir='ltr'>saliendo</span> <span class='ocrx_word' id='word_1_230' title='bbox 568 1757 645 1796; x_wconf 81' lang='lat' dir='ltr'>tan</span> <span class='ocrx_word' id='word_1_231' title='bbox 677 1768 808 1808; x_wconf 90' lang='lat' dir='ltr'>pocos</span> <span class='ocrx_word' id='word_1_232' title='bbox 840 1768 866 1796; x_wconf 90' lang='lat' dir='ltr'>a</span> <span class='ocrx_word' id='word_1_233' title='bbox 897 1755 964 1795; x_wconf 87' lang='lat' dir='ltr'>luz</span> <span class='ocrx_word' id='word_1_234' title='bbox 998 1754 1117 1796; x_wconf 89' lang='lat' dir='ltr'>delos</span> <span class='ocrx_word' id='word_1_235' title='bbox 1150 1769 1232 1808; x_wconf 89' lang='lat' dir='ltr'>que</span> <span class='ocrx_word' id='word_1_236' title='bbox 1265 1770 1318 1797; x_wconf 88' lang='lat' dir='ltr'>en</span> <span class='ocrx_word' id='word_1_237' title='bbox 1351 1756 1435 1798; x_wconf 88' lang='lat' dir='ltr'>ella</span> <span class='ocrx_word' id='word_1_238' title='bbox 1472 1769 1518 1797; x_wconf 89' lang='lat' dir='ltr'>se</span> <span class='ocrx_word' id='word_1_239' title='bbox 1550 1758 1722 1798; x_wconf 88' lang='lat' dir='ltr'>reciuen</span> <span class='ocrx_word' id='word_1_240' title='bbox 1756 1771 1838 1810; x_wconf 88' lang='lat' dir='ltr'>que</span> 
     </span>
     <span class='ocr_line' id='line_1_25' title="bbox 77 1819 1837 1873; baseline 0.003 -14"><span class='ocrx_word' id='word_1_241' title='bbox 77 1832 233 1872; x_wconf 89' lang='lat' dir='ltr'>parece</span> <span class='ocrx_word' id='word_1_242' title='bbox 265 1821 516 1862; x_wconf 84' lang='lat' dir='ltr'>entretener</span> <span class='ocrx_word' id='word_1_243' title='bbox 537 1819 651 1860; x_wconf 89' lang='lat' dir='ltr'>solos</span> <span class='ocrx_word' id='word_1_244' title='bbox 684 1833 804 1860; x_wconf 87' lang='lat' dir='ltr'>essos</span> <span class='ocrx_word' id='word_1_245' title='bbox 827 1833 956 1873; x_wconf 90' lang='lat' dir='ltr'>pocos</span> <span class='ocrx_word' id='word_1_246' title='bbox 980 1820 1199 1873; x_wconf 85' lang='lat' dir='ltr'>collegios,</span> <span class='ocrx_word' id='word_1_247' title='bbox 1235 1822 1386 1862; x_wconf 85' lang='lat' dir='ltr'>cuesta</span> <span class='ocrx_word' id='word_1_248' title='bbox 1408 1834 1502 1862; x_wconf 87' lang='lat' dir='ltr'>mas</span> <span class='ocrx_word' id='word_1_249' title='bbox 1525 1835 1607 1873; x_wconf 87' lang='lat' dir='ltr'>que</span> <span class='ocrx_word' id='word_1_250' title='bbox 1630 1821 1694 1863; x_wconf 79' lang='lat' dir='ltr'>las</span> <span class='ocrx_word' id='word_1_251' title='bbox 1718 1826 1837 1864; x_wconf 81' lang='lat' dir='ltr'>otras</span> 
     </span>
     <span class='ocr_line' id='line_1_26' title="bbox 77 1883 1834 1939; baseline 0.002 -14"><span class='ocrx_word' id='word_1_252' title='bbox 77 1886 169 1925; x_wconf 88' lang='lat' dir='ltr'>tres</span> <span class='ocrx_word' id='word_1_253' title='bbox 192 1883 443 1926; x_wconf 87' lang='lat' dir='ltr'>Prouincias</span> <span class='ocrx_word' id='word_1_254' title='bbox 471 1884 633 1937; x_wconf 79' lang='lat' dir='ltr'>juntas,</span> <span class='ocrx_word' id='word_1_255' title='bbox 667 1899 695 1938; x_wconf 86' lang='lat' dir='ltr'>y</span> <span class='ocrx_word' id='word_1_256' title='bbox 717 1884 833 1926; x_wconf 86' lang='lat' dir='ltr'>tiene</span> <span class='ocrx_word' id='word_1_257' title='bbox 866 1898 959 1925; x_wconf 85' lang='lat' dir='ltr'>mas</span> <span class='ocrx_word' id='word_1_258' title='bbox 992 1884 1282 1926; x_wconf 86' lang='lat' dir='ltr'>difficultades</span> <span class='ocrx_word' id='word_1_259' title='bbox 1305 1899 1387 1938; x_wconf 91' lang='lat' dir='ltr'>que</span> <span class='ocrx_word' id='word_1_260' title='bbox 1419 1886 1546 1928; x_wconf 88' lang='lat' dir='ltr'>todas</span> <span class='ocrx_word' id='word_1_261' title='bbox 1573 1886 1680 1927; x_wconf 84' lang='lat' dir='ltr'>ellas</span> <span class='ocrx_word' id='word_1_262' title='bbox 1713 1887 1834 1939; x_wconf 83' lang='lat' dir='ltr'>quasi</span> 
     </span>
     <span class='ocr_line' id='line_1_27' title="bbox 77 1947 490 2001; baseline 0.005 -12"><span class='ocrx_word' id='word_1_263' title='bbox 77 1947 144 1989; x_wconf 88' lang='lat' dir='ltr'>sin</span> <span class='ocrx_word' id='word_1_264' title='bbox 176 1948 490 2001; x_wconf 86' lang='lat' dir='ltr'>comparacion.</span> 
     </span>
    </p>

    <p class='ocr_par' dir='ltr' id='par_1_7' title="bbox 68 2014 1836 3232">
     <span class='ocr_line' id='line_1_28' title="bbox 193 2014 1836 2070; baseline 0.002 -16"><span class='ocrx_word' id='word_1_265' title='bbox 193 2014 366 2055; x_wconf 84' lang='lat' dir='ltr'>Natalis</span> <span class='ocrx_word' id='word_1_266' title='bbox 390 2014 617 2069; x_wconf 82' lang='lat' dir='ltr'>Oeniponte</span> <span class='ocrx_word' id='word_1_267' title='bbox 639 2016 678 2056; x_wconf 82' lang='lat'>6.</span> <span class='ocrx_word' id='word_1_268' title='bbox 707 2014 893 2055; x_wconf 80' lang='lat' dir='ltr'>Octobris</span> <span class='ocrx_word' id='word_1_269' title='bbox 916 2016 1031 2056; x_wconf 72' lang='lat'><strong><em>1560</em></strong></span> <span class='ocrx_word' id='word_1_270' title='bbox 1053 2015 1236 2069; x_wconf 69' lang='lat' dir='ltr'>Boryiae</span> <span class='ocrx_word' id='word_1_271' title='bbox 1259 2016 1506 2070; x_wconf 81' lang='lat' dir='ltr'>respondet:</span> <span class='ocrx_word' id='word_1_272' title='bbox 1549 2016 1705 2057; x_wconf 79' lang='lat' dir='ltr'>Varias</span> <span class='ocrx_word' id='word_1_273' title='bbox 1740 2018 1836 2058; x_wconf 82' lang='lat' dir='ltr'>illa-</span> 
     </span>
     <span class='ocr_line' id='line_1_29' title="bbox 76 2078 1835 2136; baseline 0.002 -17"><span class='ocrx_word' id='word_1_274' title='bbox 76 2093 172 2119; x_wconf 85' lang='lat' dir='ltr'>rum</span> <span class='ocrx_word' id='word_1_275' title='bbox 205 2078 501 2132; x_wconf 77' lang='lat' dir='ltr'>difficultatum</span> <span class='ocrx_word' id='word_1_276' title='bbox 536 2093 620 2121; x_wconf 88' lang='lat' dir='ltr'>esse</span> <span class='ocrx_word' id='word_1_277' title='bbox 654 2094 829 2120; x_wconf 72' lang='lat' dir='ltr'>causas:</span> <span class='ocrx_word' id='word_1_278' title='bbox 869 2080 1066 2121; x_wconf 86' lang='lat' dir='ltr'>Societati</span> <span class='ocrx_word' id='word_1_279' title='bbox 1097 2094 1219 2121; x_wconf 80' lang='lat' dir='ltr'>suani</span> <span class='ocrx_word' id='word_1_280' title='bbox 1248 2080 1479 2122; x_wconf 80' lang='lat' dir='ltr'>libertatem</span> <span class='ocrx_word' id='word_1_281' title='bbox 1513 2095 1538 2121; x_wconf 88' lang='lat' dir='ltr'>a</span> <span class='ocrx_word' id='word_1_282' title='bbox 1570 2083 1835 2136; x_wconf 84' lang='lat' dir='ltr'>principibus</span> 
     </span>
     <span class='ocr_line' id='line_1_30' title="bbox 77 2144 1834 2199; baseline 0.002 -15"><span class='ocrx_word' id='word_1_283' title='bbox 77 2158 296 2198; x_wconf 71' lang='lat' dir='ltr'>eorumque</span> <span class='ocrx_word' id='word_1_284' title='bbox 337 2145 596 2185; x_wconf 82' lang='lat' dir='ltr'>consiliariis</span> <span class='ocrx_word' id='word_1_285' title='bbox 638 2149 761 2199; x_wconf 78' lang='lat' dir='ltr'>atque</span> <span class='ocrx_word' id='word_1_286' title='bbox 792 2144 1046 2199; x_wconf 69' lang='lat' dir='ltr'>Inyolstadii</span> <span class='ocrx_word' id='word_1_287' title='bbox 1087 2147 1212 2186; x_wconf 83' lang='lat' dir='ltr'>etiam</span> <span class='ocrx_word' id='word_1_288' title='bbox 1250 2146 1300 2186; x_wconf 86' lang='lat' dir='ltr'>ab</span> <span class='ocrx_word' id='word_1_289' title='bbox 1342 2147 1617 2187; x_wconf 59' lang='lat' dir='ltr'>amitt-ersuate</span> <span class='ocrx_word' id='word_1_290' title='bbox 1658 2148 1834 2187; x_wconf 83' lang='lat' dir='ltr'>circum-</span> 
     </span>
     <span class='ocr_line' id='line_1_31' title="bbox 76 2209 1834 2265; baseline 0.002 -16"><span class='ocrx_word' id='word_1_291' title='bbox 76 2209 188 2260; x_wconf 85' lang='lat' dir='ltr'>cidi;</span> <span class='ocrx_word' id='word_1_292' title='bbox 220 2223 246 2249; x_wconf 89' lang='lat' dir='ltr'>a</span> <span class='ocrx_word' id='word_1_293' title='bbox 273 2209 521 2263; x_wconf 80' lang='lat' dir='ltr'>proceribus</span> <span class='ocrx_word' id='word_1_294' title='bbox 552 2223 868 2263; x_wconf 75' lang='lat' dir='ltr'>nonnumquam</span> <span class='ocrx_word' id='word_1_295' title='bbox 902 2211 1026 2250; x_wconf 87' lang='lat' dir='ltr'>etiam</span> <span class='ocrx_word' id='word_1_296' title='bbox 1048 2210 1191 2251; x_wconf 83' lang='lat' dir='ltr'>Socios</span> <span class='ocrx_word' id='word_1_297' title='bbox 1220 2225 1377 2265; x_wconf 81' lang='lat' dir='ltr'>parum</span> <span class='ocrx_word' id='word_1_298' title='bbox 1410 2210 1667 2252; x_wconf 78' lang='lat' dir='ltr'>oboedientes</span> <span class='ocrx_word' id='word_1_299' title='bbox 1697 2212 1834 2264; x_wconf 73' lang='lat' dir='ltr'>foveri</span> 
     </span>
     <span class='ocr_line' id='line_1_32' title="bbox 78 2274 1831 2330; baseline 0.002 -17"><span class='ocrx_word' id='word_1_300' title='bbox 78 2278 113 2313; x_wconf 90' lang='lat' dir='ltr'>et</span> <span class='ocrx_word' id='word_1_301' title='bbox 141 2274 314 2328; x_wconf 70' lang='lat' dir='ltr'>proteyi.</span> <span class='ocrx_word' id='word_1_302' title='bbox 359 2275 576 2329; x_wconf 73' lang='lat' dir='ltr'>Auyustae</span> <span class='ocrx_word' id='word_1_303' title='bbox 609 2274 733 2315; x_wconf 79' lang='lat' dir='ltr'>aedes</span> <span class='ocrx_word' id='word_1_304' title='bbox 767 2288 851 2315; x_wconf 87' lang='lat' dir='ltr'>esse</span> <span class='ocrx_word' id='word_1_305' title='bbox 884 2288 968 2325; x_wconf 82' lang='lat' dir='ltr'>eas,</span> <span class='ocrx_word' id='word_1_306' title='bbox 1002 2276 1047 2315; x_wconf 82' lang='lat' dir='ltr'>in</span> <span class='ocrx_word' id='word_1_307' title='bbox 1081 2275 1231 2330; x_wconf 80' lang='lat' dir='ltr'>quibus</span> <span class='ocrx_word' id='word_1_308' title='bbox 1254 2276 1450 2329; x_wconf 70' lang='lat' dir='ltr'>reliyiosa</span> <span class='ocrx_word' id='word_1_309' title='bbox 1486 2276 1714 2329; x_wconf 79' lang='lat' dir='ltr'>disciplina</span> <span class='ocrx_word' id='word_1_310' title='bbox 1746 2292 1831 2318; x_wconf 76' lang='lat' dir='ltr'>ser-</span> 
     </span>
     <span class='ocr_line' id='line_1_33' title="bbox 74 2339 1831 2393; baseline 0.003 -15"><span class='ocrx_word' id='word_1_311' title='bbox 74 2339 170 2378; x_wconf 81' lang='lat' dir='ltr'>vari</span> <span class='ocrx_word' id='word_1_312' title='bbox 201 2352 285 2379; x_wconf 86' lang='lat' dir='ltr'>non</span> <span class='ocrx_word' id='word_1_313' title='bbox 314 2341 482 2392; x_wconf 87' lang='lat' dir='ltr'>possit.</span> <span class='ocrx_word' id='word_1_314' title='bbox 509 2339 701 2392; x_wconf 70' lang='lat' dir='ltr'>Colleqiis</span> <span class='ocrx_word' id='word_1_315' title='bbox 741 2343 919 2380; x_wconf 76' lang='lat' dir='ltr'>rectores</span> <span class='ocrx_word' id='word_1_316' title='bbox 956 2339 1198 2393; x_wconf 71' lang='lat' dir='ltr'>praefuisse</span> <span class='ocrx_word' id='word_1_317' title='bbox 1239 2340 1356 2380; x_wconf 78' lang='lat' dir='ltr'>haud</span> <span class='ocrx_word' id='word_1_318' title='bbox 1398 2341 1459 2381; x_wconf 82' lang='lat' dir='ltr'>ita</span> <span class='ocrx_word' id='word_1_319' title='bbox 1499 2341 1670 2381; x_wconf 83' lang='lat' dir='ltr'>idoneos</span> <span class='ocrx_word' id='word_1_320' title='bbox 1686 2356 1701 2391; x_wconf 81' lang='lat'>,·</span> <span class='ocrx_word' id='word_1_321' title='bbox 1742 2343 1831 2383; x_wconf 81' lang='lat' dir='ltr'>Mo-</span> 
     </span>
     <span class='ocr_line' id='line_1_34' title="bbox 74 2402 1832 2462; baseline 0.003 -19"><span class='ocrx_word' id='word_1_322' title='bbox 74 2402 220 2444; x_wconf 78' lang='lat' dir='ltr'>nacliii</span> <span class='ocrx_word' id='word_1_323' title='bbox 250 2403 298 2444; x_wconf 83' lang='lat' dir='ltr'>P.</span> <span class='ocrx_word' id='word_1_324' title='bbox 322 2403 551 2456; x_wconf 83' lang='lat' dir='ltr'>Hoffaeum</span> <span class='ocrx_word' id='word_1_325' title='bbox 581 2404 754 2444; x_wconf 83' lang='lat' dir='ltr'>rectoris</span> <span class='ocrx_word' id='word_1_326' title='bbox 789 2418 941 2445; x_wconf 86' lang='lat' dir='ltr'>munus</span> <span class='ocrx_word' id='word_1_327' title='bbox 973 2418 1096 2459; x_wconf 74' lang='lat' dir='ltr'>aeyre</span> <span class='ocrx_word' id='word_1_328' title='bbox 1138 2406 1389 2446; x_wconf 85' lang='lat' dir='ltr'>sustinuisse</span> <span class='ocrx_word' id='word_1_329' title='bbox 1415 2439 1422 2447; x_wconf 92' lang='lat'><strong><em>.</em></strong></span> <span class='ocrx_word' id='word_1_330' title='bbox 1448 2405 1678 2460; x_wconf 70' lang='lat' dir='ltr'>Mayistros</span> <span class='ocrx_word' id='word_1_331' title='bbox 1709 2421 1832 2462; x_wconf 84' lang='lat' dir='ltr'>saepe</span> 
     </span>
     <span class='ocr_line' id='line_1_35' title="bbox 74 2469 1831 2524; baseline 0.002 -16"><span class='ocrx_word' id='word_1_332' title='bbox 74 2472 252 2508; x_wconf 84' lang='lat' dir='ltr'>mutatos</span> <span class='ocrx_word' id='word_1_333' title='bbox 285 2482 380 2509; x_wconf 85' lang='lat' dir='ltr'>esse.</span> <span class='ocrx_word' id='word_1_334' title='bbox 443 2469 497 2509; x_wconf 86' lang='lat' dir='ltr'>In</span> <span class='ocrx_word' id='word_1_335' title='bbox 527 2469 788 2522; x_wconf 83' lang='lat' dir='ltr'>provinciam</span> <span class='ocrx_word' id='word_1_336' title='bbox 820 2469 966 2509; x_wconf 79' lang='lat' dir='ltr'>missos</span> <span class='ocrx_word' id='word_1_337' title='bbox 999 2484 1084 2510; x_wconf 83' lang='lat' dir='ltr'>esse</span> <span class='ocrx_word' id='word_1_338' title='bbox 1117 2470 1303 2511; x_wconf 83' lang='lat' dir='ltr'>homines</span> <span class='ocrx_word' id='word_1_339' title='bbox 1333 2484 1487 2524; x_wconf 82' lang='lat' dir='ltr'>parum</span> <span class='ocrx_word' id='word_1_340' title='bbox 1521 2470 1730 2524; x_wconf 81' lang='lat' dir='ltr'>probatos,</span> <span class='ocrx_word' id='word_1_341' title='bbox 1775 2473 1831 2512; x_wconf 83' lang='lat' dir='ltr'>ad</span> 
     </span>
     <span class='ocr_line' id='line_1_36' title="bbox 68 2533 1828 2588; baseline 0.002 -15"><span class='ocrx_word' id='word_1_342' title='bbox 68 2533 334 2586; x_wconf 81' lang='lat' dir='ltr'>precandum</span> <span class='ocrx_word' id='word_1_343' title='bbox 365 2533 484 2574; x_wconf 70' lang='lat' dir='ltr'>haud</span> <span class='ocrx_word' id='word_1_344' title='bbox 515 2534 619 2573; x_wconf 83' lang='lat' dir='ltr'>satis</span> <span class='ocrx_word' id='word_1_345' title='bbox 652 2534 906 2584; x_wconf 63' lang='lat' dir='ltr'>exercitatos,</span> <span class='ocrx_word' id='word_1_346' title='bbox 942 2535 1075 2574; x_wconf 76' lang='lat' dir='ltr'>variis</span> <span class='ocrx_word' id='word_1_347' title='bbox 1103 2536 1341 2575; x_wconf 83' lang='lat' dir='ltr'>animorum</span> <span class='ocrx_word' id='word_1_348' title='bbox 1369 2535 1686 2588; x_wconf 77' lang='lat' dir='ltr'>infirmitatibus</span> <span class='ocrx_word' id='word_1_349' title='bbox 1718 2537 1828 2578; x_wconf 85' lang='lat' dir='ltr'>labo-</span> 
     </span>
     <span class='ocr_line' id='line_1_37' title="bbox 73 2596 1830 2650; baseline 0.002 -13"><span class='ocrx_word' id='word_1_350' title='bbox 73 2602 229 2638; x_wconf 83' lang='lat' dir='ltr'>rantes.</span> <span class='ocrx_word' id='word_1_351' title='bbox 293 2596 350 2638; x_wconf 89' lang='lat' dir='ltr'>Et</span> <span class='ocrx_word' id='word_1_352' title='bbox 381 2610 486 2638; x_wconf 90' lang='lat' dir='ltr'>sono</span> <span class='ocrx_word' id='word_1_353' title='bbox 519 2597 631 2638; x_wconf 85' lang='lat' dir='ltr'>altre</span> <span class='ocrx_word' id='word_1_354' title='bbox 663 2610 805 2646; x_wconf 85' lang='lat' dir='ltr'>cause,</span> <span class='ocrx_word' id='word_1_355' title='bbox 838 2599 909 2638; x_wconf 78' lang='lat' dir='ltr'>ma</span> <span class='ocrx_word' id='word_1_356' title='bbox 941 2597 1084 2650; x_wconf 88' lang='lat' dir='ltr'>quella</span> <span class='ocrx_word' id='word_1_357' title='bbox 1116 2612 1201 2639; x_wconf 91' lang='lat' dir='ltr'>non</span> <span class='ocrx_word' id='word_1_358' title='bbox 1231 2598 1417 2640; x_wconf 86' lang='lat' dir='ltr'>lasciaro</span> <span class='ocrx_word' id='word_1_359' title='bbox 1451 2599 1491 2639; x_wconf 92' lang='lat' dir='ltr'>di</span> <span class='ocrx_word' id='word_1_360' title='bbox 1525 2598 1628 2649; x_wconf 85' lang='lat' dir='ltr'>dire,</span> <span class='ocrx_word' id='word_1_361' title='bbox 1663 2599 1740 2641; x_wconf 89' lang='grc'><strong>6116</strong></span> <span class='ocrx_word' id='word_1_362' title='bbox 1773 2601 1830 2642; x_wconf 88' lang='grc'><strong>1111</strong></span> 
     </span>
     <span class='ocr_line' id='line_1_38' title="bbox 72 2660 1828 2714; baseline 0.003 -13"><span class='ocrx_word' id='word_1_363' title='bbox 72 2675 178 2714; x_wconf 86' lang='lat' dir='ltr'>pare</span> <span class='ocrx_word' id='word_1_364' title='bbox 211 2663 236 2702; x_wconf 72' lang='lat' dir='ltr'>a</span> <span class='ocrx_word' id='word_1_365' title='bbox 268 2674 336 2702; x_wconf 88' lang='lat' dir='ltr'>me</span> <span class='ocrx_word' id='word_1_366' title='bbox 367 2660 603 2714; x_wconf 88' lang='lat' dir='ltr'>principale</span> <span class='ocrx_word' id='word_1_367' title='bbox 637 2661 714 2702; x_wconf 89' lang='lat' dir='ltr'>che</span> <span class='ocrx_word' id='word_1_368' title='bbox 746 2661 788 2702; x_wconf 90' lang='lat' dir='ltr'>in</span> <span class='ocrx_word' id='word_1_369' title='bbox 821 2661 914 2702; x_wconf 86' lang='lat' dir='ltr'>sino</span> <span class='ocrx_word' id='word_1_370' title='bbox 948 2664 1032 2714; x_wconf 71' lang='lat' dir='ltr'>qua</span> <span class='ocrx_word' id='word_1_371' title='bbox 1072 2662 1103 2703; x_wconf 93' lang='lat' dir='ltr'>il</span> <span class='ocrx_word' id='word_1_372' title='bbox 1135 2663 1406 2704; x_wconf 86' lang='lat' dir='ltr'>Prouinciale</span> <span class='ocrx_word' id='word_1_373' title='bbox 1437 2677 1523 2704; x_wconf 91' lang='lat' dir='ltr'>non</span> <span class='ocrx_word' id='word_1_374' title='bbox 1563 2664 1619 2705; x_wconf 89' lang='lat' dir='ltr'>ha</span> <span class='ocrx_word' id='word_1_375' title='bbox 1651 2665 1828 2708; x_wconf 83' lang='lat' dir='ltr'>visitato</span> 
     </span>
     <span class='ocr_line' id='line_1_39' title="bbox 74 2725 1829 2780; baseline 0.003 -14"><span class='ocrx_word' id='word_1_376' title='bbox 74 2725 255 2767; x_wconf 89' lang='lat' dir='ltr'>essendo</span> <span class='ocrx_word' id='word_1_377' title='bbox 289 2728 499 2779; x_wconf 87' lang='lat' dir='ltr'>occupato</span> <span class='ocrx_word' id='word_1_378' title='bbox 531 2725 574 2766; x_wconf 89' lang='lat' dir='ltr'>in</span> <span class='ocrx_word' id='word_1_379' title='bbox 607 2726 720 2768; x_wconf 88' lang='lat' dir='ltr'>altro</span> <span class='ocrx_word' id='word_1_380' title='bbox 753 2730 850 2775; x_wconf 64' lang='lat' dir='ltr'>etc„</span> <span class='ocrx_word' id='word_1_381' title='bbox 894 2729 938 2768; x_wconf 91' lang='lat' dir='ltr'>et</span> <span class='ocrx_word' id='word_1_382' title='bbox 970 2727 1292 2780; x_wconf 86' lang='lat' dir='ltr'>specialmente,</span> <span class='ocrx_word' id='word_1_383' title='bbox 1327 2727 1524 2769; x_wconf 87' lang='lat' dir='ltr'>hauendo</span> <span class='ocrx_word' id='word_1_384' title='bbox 1556 2727 1672 2770; x_wconf 78' lang='lat' dir='ltr'>satta</span> <span class='ocrx_word' id='word_1_385' title='bbox 1703 2732 1829 2772; x_wconf 87' lang='lat' dir='ltr'>tanta</span> 
     </span>
     <span class='ocr_line' id='line_1_40' title="bbox 71 2790 1827 2847; baseline 0.003 -16"><span class='ocrx_word' id='word_1_386' title='bbox 71 2790 283 2840; x_wconf 82' lang='lat' dir='ltr'>absentia,</span> <span class='ocrx_word' id='word_1_387' title='bbox 316 2790 455 2843; x_wconf 89' lang='lat' dir='ltr'>prima</span> <span class='ocrx_word' id='word_1_388' title='bbox 486 2804 563 2843; x_wconf 91' lang='lat' dir='ltr'>per</span> <span class='ocrx_word' id='word_1_389' title='bbox 594 2790 637 2831; x_wconf 90' lang='lat' dir='ltr'>la</span> <span class='ocrx_word' id='word_1_390' title='bbox 659 2790 1011 2843; x_wconf 84' lang='lat' dir='ltr'>congregatione,</span> <span class='ocrx_word' id='word_1_391' title='bbox 1045 2791 1160 2845; x_wconf 88' lang='lat' dir='ltr'>dipoi</span> <span class='ocrx_word' id='word_1_392' title='bbox 1194 2806 1271 2846; x_wconf 91' lang='lat' dir='ltr'>per</span> <span class='ocrx_word' id='word_1_393' title='bbox 1294 2792 1336 2834; x_wconf 84' lang='lat' dir='ltr'>la</span> <span class='ocrx_word' id='word_1_394' title='bbox 1358 2792 1572 2842; x_wconf 86' lang='lat' dir='ltr'>missione,</span> <span class='ocrx_word' id='word_1_395' title='bbox 1606 2793 1683 2835; x_wconf 89' lang='grc'><strong>6116</strong></span> <span class='ocrx_word' id='word_1_396' title='bbox 1706 2796 1827 2847; x_wconf 82' lang='lat' dir='ltr'>quasi</span> 
     </span>
     <span class='ocr_line' id='line_1_41' title="bbox 71 2854 1825 2909; baseline 0.004 -14"><span class='ocrx_word' id='word_1_397' title='bbox 71 2854 115 2895; x_wconf 91' lang='lat' dir='ltr'>in</span> <span class='ocrx_word' id='word_1_398' title='bbox 159 2854 257 2907; x_wconf 85' lang='lat' dir='ltr'>quel</span> <span class='ocrx_word' id='word_1_399' title='bbox 298 2858 444 2908; x_wconf 86' lang='lat' dir='ltr'>tempo</span> <span class='ocrx_word' id='word_1_400' title='bbox 486 2854 759 2896; x_wconf 88' lang='lat' dir='ltr'>declinorono</span> <span class='ocrx_word' id='word_1_401' title='bbox 801 2855 934 2897; x_wconf 91' lang='lat' dir='ltr'>molto</span> <span class='ocrx_word' id='word_1_402' title='bbox 976 2855 1016 2896; x_wconf 90' lang='grc'>16</span> <span class='ocrx_word' id='word_1_403' title='bbox 1058 2870 1155 2897; x_wconf 89' lang='grc'><strong>6066</strong></span> <span class='ocrx_word' id='word_1_404' title='bbox 1198 2857 1240 2897; x_wconf 84' lang='grc'>(11</span> <span class='ocrx_word' id='word_1_405' title='bbox 1281 2860 1435 2909; x_wconf 86' lang='lat' dir='ltr'>questa</span> <span class='ocrx_word' id='word_1_406' title='bbox 1472 2856 1712 2900; x_wconf 75' lang='lat' dir='ltr'>prouincia.</span> <span class='ocrx_word' id='word_1_407' title='bbox 1749 2893 1756 2901; x_wconf 94' lang='lat'><strong><em>.</em></strong></span> <span class='ocrx_word' id='word_1_408' title='bbox 1818 2895 1825 2902; x_wconf 88' lang='lat'><strong><em>.</em></strong></span> 
     </span>
     <span class='ocr_line' id='line_1_42' title="bbox 71 2918 1826 2977; baseline 0.003 -18"><span class='ocrx_word' id='word_1_409' title='bbox 71 2918 238 2960; x_wconf 88' lang='lat' dir='ltr'>Adesso</span> <span class='ocrx_word' id='word_1_410' title='bbox 272 2932 350 2960; x_wconf 89' lang='lat' dir='ltr'>con</span> <span class='ocrx_word' id='word_1_411' title='bbox 382 2919 425 2960; x_wconf 86' lang='lat' dir='ltr'>la</span> <span class='ocrx_word' id='word_1_412' title='bbox 456 2919 601 2972; x_wconf 85' lang='lat' dir='ltr'>gratia</span> <span class='ocrx_word' id='word_1_413' title='bbox 633 2919 701 2960; x_wconf 88' lang='lat' dir='ltr'>del</span> <span class='ocrx_word' id='word_1_414' title='bbox 735 2919 916 2971; x_wconf 80' lang='lat' dir='ltr'>Signore</span> <span class='ocrx_word' id='word_1_415' title='bbox 949 2921 1170 2962; x_wconf 87' lang='lat' dir='ltr'>essendosi</span> <span class='ocrx_word' id='word_1_416' title='bbox 1203 2923 1417 2963; x_wconf 82' lang='lat' dir='ltr'>assettate</span> <span class='ocrx_word' id='word_1_417' title='bbox 1448 2921 1489 2962; x_wconf 87' lang='grc'>16</span> <span class='ocrx_word' id='word_1_418' title='bbox 1520 2935 1618 2963; x_wconf 89' lang='grc'><strong>6066</strong></span> <span class='ocrx_word' id='word_1_419' title='bbox 1652 2926 1696 2965; x_wconf 85' lang='grc'>61</span> <span class='ocrx_word' id='word_1_420' title='bbox 1727 2937 1826 2977; x_wconf 88' lang='lat' dir='ltr'>pro-</span> 
     </span>
     <span class='ocr_line' id='line_1_43' title="bbox 71 2983 1824 3040; baseline 0.003 -16"><span class='ocrx_word' id='word_1_421' title='bbox 71 2983 184 3026; x_wconf 89' lang='lat' dir='ltr'>uisto</span> <span class='ocrx_word' id='word_1_422' title='bbox 217 2984 258 3025; x_wconf 73' lang='lat' dir='ltr'>al</span> <span class='ocrx_word' id='word_1_423' title='bbox 290 2986 421 3034; x_wconf 88' lang='lat' dir='ltr'>tutto,</span> <span class='ocrx_word' id='word_1_424' title='bbox 455 2987 499 3026; x_wconf 89' lang='grc'>61</span> <span class='ocrx_word' id='word_1_425' title='bbox 530 2983 748 3025; x_wconf 89' lang='lat' dir='ltr'>visitando</span> <span class='ocrx_word' id='word_1_426' title='bbox 780 2984 810 3024; x_wconf 86' lang='lat' dir='ltr'>il</span> <span class='ocrx_word' id='word_1_427' title='bbox 843 2984 1126 3035; x_wconf 85' lang='lat' dir='ltr'>Prouinciale‚</span> <span class='ocrx_word' id='word_1_428' title='bbox 1170 2989 1215 3028; x_wconf 91' lang='lat' dir='ltr'>et</span> <span class='ocrx_word' id='word_1_429' title='bbox 1246 2986 1511 3028; x_wconf 82' lang='lat' dir='ltr'>attendendo</span> <span class='ocrx_word' id='word_1_430' title='bbox 1545 2986 1587 3027; x_wconf 72' lang='lat' dir='ltr'>al</span> <span class='ocrx_word' id='word_1_431' title='bbox 1619 3001 1824 3040; x_wconf 87' lang='lat' dir='ltr'>gouerno,</span> 
     </span>
     <span class='ocr_line' id='line_1_44' title="bbox 69 3047 1825 3105; baseline 0.003 -16"><span class='ocrx_word' id='word_1_432' title='bbox 69 3047 111 3089; x_wconf 92' lang='grc'>16</span> <span class='ocrx_word' id='word_1_433' title='bbox 151 3061 250 3089; x_wconf 89' lang='grc'><strong>6066</strong></span> <span class='ocrx_word' id='word_1_434' title='bbox 293 3047 512 3089; x_wconf 84' lang='lat' dir='ltr'>andarano</span> <span class='ocrx_word' id='word_1_435' title='bbox 555 3048 724 3101; x_wconf 82' lang='lat' dir='ltr'>meglio,</span> <span class='ocrx_word' id='word_1_436' title='bbox 767 3052 811 3091; x_wconf 86' lang='lat' dir='ltr'>et</span> <span class='ocrx_word' id='word_1_437' title='bbox 851 3063 934 3090; x_wconf 92' lang='lat' dir='ltr'>non</span> <span class='ocrx_word' id='word_1_438' title='bbox 977 3063 1023 3091; x_wconf 94' lang='lat' dir='ltr'>so</span> <span class='ocrx_word' id='word_1_439' title='bbox 1056 3064 1102 3091; x_wconf 90' lang='lat' dir='ltr'>se</span> <span class='ocrx_word' id='word_1_440' title='bbox 1143 3050 1239 3092; x_wconf 86' lang='lat' dir='ltr'>dica</span> <span class='ocrx_word' id='word_1_441' title='bbox 1280 3051 1414 3105; x_wconf 87' lang='lat' dir='ltr'>padre</span> <span class='ocrx_word' id='word_1_442' title='bbox 1446 3051 1584 3092; x_wconf 87' lang='grc'><strong>611611</strong></span> <span class='ocrx_word' id='word_1_443' title='bbox 1617 3053 1825 3096; x_wconf 88' lang='lat' dir='ltr'>Demonio</span> 
     </span>
     <span class='ocr_line' id='line_1_45' title="bbox 69 3111 1821 3171; baseline 0.004 -19"><span class='ocrx_word' id='word_1_444' title='bbox 69 3111 320 3165; x_wconf 84' lang='lat' dir='ltr'>perseguita</span> <span class='ocrx_word' id='word_1_445' title='bbox 352 3116 506 3164; x_wconf 89' lang='lat' dir='ltr'>questa</span> <span class='ocrx_word' id='word_1_446' title='bbox 539 3112 766 3154; x_wconf 87' lang='lat' dir='ltr'>Prouincia</span> <span class='ocrx_word' id='word_1_447' title='bbox 797 3114 930 3167; x_wconf 84' lang='lat' dir='ltr'>padre</span> <span class='ocrx_word' id='word_1_448' title='bbox 963 3128 1040 3167; x_wconf 87' lang='lat' dir='ltr'>per</span> <span class='ocrx_word' id='word_1_449' title='bbox 1076 3117 1182 3156; x_wconf 87' lang='lat' dir='ltr'>star’</span> <span class='ocrx_word' id='word_1_450' title='bbox 1207 3116 1276 3157; x_wconf 88' lang='lat' dir='ltr'>nel</span> <span class='ocrx_word' id='word_1_451' title='bbox 1317 3130 1460 3157; x_wconf 87' lang='lat' dir='ltr'>mezzo</span> <span class='ocrx_word' id='word_1_452' title='bbox 1493 3116 1821 3171; x_wconf 82' lang='lat' dir='ltr'>d’Alamagnia,</span> 
     </span>
     <span class='ocr_line' id='line_1_46' title="bbox 70 3177 1155 3232; baseline 0.004 -15"><span class='ocrx_word' id='word_1_453' title='bbox 70 3179 115 3218; x_wconf 88' lang='lat' dir='ltr'>et</span> <span class='ocrx_word' id='word_1_454' title='bbox 145 3177 333 3230; x_wconf 88' lang='lat' dir='ltr'>sperarsi</span> <span class='ocrx_word' id='word_1_455' title='bbox 365 3180 488 3219; x_wconf 84' lang='lat' dir='ltr'>tanto</span> <span class='ocrx_word' id='word_1_456' title='bbox 522 3177 659 3220; x_wconf 79' lang='lat' dir='ltr'>frutto</span> <span class='ocrx_word' id='word_1_457' title='bbox 692 3191 812 3219; x_wconf 87' lang='lat' dir='ltr'>come</span> <span class='ocrx_word' id='word_1_458' title='bbox 844 3178 879 3219; x_wconf 88' lang='lat' dir='ltr'>si</span> <span class='ocrx_word' id='word_1_459' title='bbox 912 3193 1040 3232; x_wconf 85' lang='lat' dir='ltr'>spera</span> <span class='ocrx_word' id='word_1_460' title='bbox 1073 3183 1155 3221; x_wconf 87' lang='grc'><strong>616.</strong></span> 
     </span>
    </p>
   </div>
  </div>
 </body>
</html>
