2045 3471
189 195 272 236 672
542 194 635 227 Mon.
657 194 724 228 748
751 193 829 228 sive
855 205 965 237 germ.
986 193 1008 228 1.
1032 193 1120 237 (23).
1160 192 1266 227 Initio
1292 205 1338 227 m.
1358 193 1431 227 Ian.
1451 205 1481 227 a.
1505 194 1606 228 1566.

187 310 426 345 Conferences
451 321 513 344 sur
539 310 591 343 les
618 312 786 345 matieres
813 312 855 345 de
881 311 916 345 la
943 310 1118 354 Religion,
1155 312 1175 344 a
1209 310 1245 344 la
1279 310 1395 354 priere
1431 310 1472 344 de
1507 310 1699 354 l’Eveque“
1732 310 1769 354 (l.
1797 323 1826 346 c.
1853 311 1951 355 253).

187 365 239 398 Ac
265 364 402 407 Python
432 363 611 405 (secutus,
650 367 756 408 puto,
792 364 1023 407 Dorignium,
1059 366 1099 397 ut
1133 363 1311 406 solebat):
1354 362 1462 405 „Cum
1491 363 1696 406 Osnabrugi
1734 367 1952 402 versaretur.

186 417 330 451 volente
357 416 543 461 Episcopo,
579 418 735 462 saepius,
771 429 850 451 cum
877 417 1149 451 Haereticorum
1178 416 1366 460 Magistris
1393 419 1428 450 et
1454 417 1705 458 Praeconibus,
1741 417 1776 450 in
1807 429 1952 451 arenam

187 469 373 506 descendit
398 469 493 513 iique
519 481 588 503 non
615 471 840 514 impotenter,
877 482 939 514 pro
966 482 1063 504 more
1090 472 1324 510 caeterorum,
1360 470 1423 503 sed
1453 470 1647 511 moderate,
1682 470 1718 503 in
1752 471 1846 504 omni
1873 482 1952 504 con-

188 534 326 567 gressu,
362 534 442 556 sese
477 522 697 557 habuerunt“
739 524 776 566 (l.
805 535 834 557 c.
862 524 1079 565 219—220).
1112 523 1177 557 VEt
1212 535 1255 557 ex
1283 523 1448 568 Pythone
1474 524 1596 557 Riess:
1633 523 1755 564 ,Auoh
1791 524 1856 557 mit
1885 524 1952 557 den

187 575 434 610 lutherischen
462 576 667 619 Predigern,
701 577 757 610 die
783 577 860 611 sich
887 577 963 610 hier
989 577 1100 611 durch
1127 577 1382 611 bescheidenes
1409 576 1543 610 VVesen
1570 576 1837 617 hcrvorthaten,
1864 576 1954 611 hielt

188 641 227 663 er
253 630 370 672 einige
398 628 659 663 Conferenzen“
693 629 730 673 (l.
759 642 787 664 c.
816 631 913 673 349).

309 682 474 716 Canisius
509 694 595 716 sane
630 695 700 717 non
736 683 851 717 solum
884 684 918 717 in
946 683 1145 723 itineribus,
1181 683 1244 716 sed
1280 683 1388 716 etiam
1423 683 1459 716 in
1486 682 1577 716 aulis
1602 683 1813 727 principum,
1847 685 1954 727 atque

188 747 310 769 eorum
346 747 496 779 quoque,
534 737 593 779 qui
629 736 735 770 simul
771 737 928 781 episcopi
965 739 1076 777 erant,
1112 736 1147 770 in
1182 738 1425 781 protestantes
1460 747 1568 780 saepe
1602 736 1799 776 incidebat3
1839 747 1883 769 ne
1910 747 1954 769 ex

188 789 468 832 osnaburgensis
493 789 633 832 quidem
662 789 820 834 episcopi
855 790 936 823 aula
972 789 1194 823 consiliarios
1229 791 1472 834 protestantes
1507 789 1668 824 abfuisse
1702 789 1792 823 satis
1818 791 1955 823 certum

190 844 255 883 est,
282 841 494 886 praesertim
522 853 603 876 cum
629 842 860 876 Franciscum
887 855 907 876 a
932 842 1119 884 VValdeck,
1147 843 1207 886 qui
1235 843 1375 887 Hoyam
1402 844 1438 876 in
1465 842 1672 887 episcopatu
1699 844 1955 883 antecesserat,

189 896 484 939 protestantismo
510 896 646 929 favisse
674 898 814 930 constet
828 897 848 930 ¹.
901 895 1017 937 Quare
1046 897 1089 930 ad
1124 896 1189 930 hos
1225 908 1365 940 quoque
1400 896 1579 941 pertinere
1610 895 1716 930 facile
1742 895 1878 929 dixeris
1904 906 1954 936 ea,

191 959 284 992 quae
311 959 331 981 a
359 948 501 982 Canisio
528 949 766 983 Furstenavia
801 949 856 984 29.
884 948 1092 983 Decembris
1121 948 1210 984 1565
1237 949 1374 994 scripta
1401 961 1496 983 nunc
1531 949 1684 993 primum
1722 948 1806 992 (nisi
1832 947 1954 992 fallor)

190 1001 359 1044 vulgavi:
397 999 473 1035 Hae
500 1001 734 1036 Germanicae
769 1002 1077 1047 peregrinationes
1117 1014 1218 1045 „cum
1253 1002 1445 1037 haereticis
1481 1002 1707 1046 quotidianos
1742 1012 1957 1045 congressus

192 1054 379 1088 adferunt“
413 1054 462 1097 (v.
490 1066 599 1099 supra
625 1067 657 1100 p.
680 1055 775 1099 157),
812 1059 846 1090 et
873 1067 964 1100 quae
990 1056 1034 1090 ab
1061 1056 1183 1090 eodem
1212 1056 1356 1091 Canisio
1383 1056 1438 1090 28.
1457 1056 1614 1090 Ianuarii
1636 1056 1725 1090 1566
1749 1055 1957 1098 Moguntiae

194 1108 237 1141 de
264 1107 433 1141 universa
458 1108 520 1142 illa
547 1108 726 1151 legatione
763 1110 799 1142 et
833 1109 1121 1154 peregrinatione
1156 1111 1280 1143 notata
1311 1110 1465 1153 primum
1491 1109 1610 1154 posuit
1638 1109 1833 1143 Sacehinus
1860 1108 1899 1151 (l.
1927 1119 1955 1142 c.

194 1160 298 1202 227):
331 1159 447 1202 „Deus
466 1188 473 1194 .
493 1188 500 1195 .
521 1189 528 1195 .
548 1161 682 1196 amicos
715 1162 865 1196 subinde
891 1162 1057 1196 fauentes
1085 1162 1191 1204 dedit,
1218 1164 1259 1196 ut
1285 1162 1393 1196 etiam
1420 1162 1564 1207 sectarij
1592 1174 1656 1196 nos
1681 1173 1751 1196 non
1777 1161 1956 1205 grauatim

195 1213 369 1252 audirent,
406 1226 486 1248 cum
511 1215 685 1248 rationem
712 1215 795 1249 fidei
823 1215 1030 1249 Catholicae
1056 1215 1307 1249 redderemus“
1342 1216 1389 1257 (V.
1417 1227 1526 1260 supra
1552 1228 1585 1260 p.
1607 1216 1703 1258 181).
1753 1215 1956 1249 Notandum

195 1268 327 1307 tamen,
364 1266 546 1301 Canisium
583 1268 624 1301 de
664 1267 896 1310 „haereticis“
936 1271 972 1302 et
1000 1268 1221 1310 „sectariis“,
1256 1280 1325 1301 non
1362 1269 1403 1302 de
1439 1268 1701 1302 haereticorum
1740 1267 1954 1309 „ministris“

196 1319 254 1353 vel
286 1320 557 1363 „praeconibus‘
588 1321 694 1365 loqui.
734 1320 845 1361 Quem
866 1321 1069 1365 Osnaburgi
1095 1321 1173 1355 sive
1200 1332 1279 1355 cum
1306 1321 1540 1366 praeconibus
1567 1320 1852 1365 protestantibus
1878 1331 1958 1353 con-

196 1383 360 1414 gressum
387 1373 464 1407 sive
491 1385 610 1407 eorum
638 1374 850 1408 modestiam
876 1374 951 1408 ulla
977 1375 1114 1408 ratione
1142 1376 1329 1418 expertum
1361 1386 1450 1415 esse,
1485 1386 1600 1418 neque
1627 1385 1647 1407 a
1673 1373 1798 1418 primis
1825 1373 1959 1407 Canisii

196 1425 414 1470 biographis,
440 1438 555 1470 neque
582 1427 625 1460 ab
651 1427 725 1460 ullo
752 1439 797 1460 ex
822 1427 1004 1462 historicis
1031 1427 1360 1470 osnaburgensibus
1386 1429 1561 1461 testatum
1586 1427 1744 1470 reperio;
1779 1426 1847 1460 hoc
1873 1437 1959 1460 vero

198 1477 506 1522 Osnabuigenses,
542 1480 650 1514 etiam
686 1480 746 1524 qui
779 1482 1113 1525 protestantismum
1148 1483 1359 1524 sequuntur,
1395 1480 1570 1525 produnt:
1606 1480 1646 1514 ln
1680 1479 1823 1513 illorum
1859 1479 1958 1513 mini·

196 1534 353 1565 strorum
378 1544 525 1566 numero
551 1533 712 1567 homines
739 1534 783 1567 ad
809 1534 924 1568 rixam
952 1533 1057 1567 valde
1084 1538 1265 1578 promptos
1291 1534 1404 1567 fuisse
1432 1534 1732 1577 (Hamelmanwcs
1761 1533 1783 1566 l.
1810 1544 1839 1567 c.
1869 1532 1958 1567 1150

197 1584 240 1618 ad
271 1585 370 1619 1164.
423 1587 480 1620 Jo.
507 1587 572 1620 ΕΖ).
600 1588 703 1620 Stcive
737 1586 759 1620 l.
791 1599 820 1621 c.
856 1587 1053 1621 323—324.
1108 1587 1159 1630 [C.
1190 1586 1318 1629 Stic‘ve,]
1356 1586 1573 1621 Geschichte
1612 1587 1674 1621 der
1709 1586 1812 1620 Stadt
1847 1585 1958 1619 Osna-

197 1637 311 1671 briick
338 1638 398 1677 ΙΙΙ,
427 1638 639 1673 Osnabriick
670 1640 769 1680 1826,
797 1640 966 1683 61-70).

317 1690 441 1735 Neque
479 1692 595 1735 magis
634 1693 775 1737 probari
812 1697 982 1738 possunt,
1021 1705 1112 1737 quae
1148 1695 1262 1727 Boero
1300 1695 1425 1727 narrat
1463 1693 1504 1727 de
1540 1692 1682 1737 publica
1717 1692 1960 1737 disputatione

200 1743 404 1786 Osnaburgi
423 1745 516 1779 inter
536 1745 716 1780 Canisium
743 1748 779 1780 et
796 1749 1039 1791 protestantes
1065 1746 1207 1781 habita:
1239 1746 1388 1788 ,Alcuni
1415 1746 1472 1780 dei
1498 1746 1558 1791 piu
1584 1746 1710 1780 audaci
1735 1757 1804 1779 non
1831 1745 1959 1779 ebbero

200 1797 340 1840 ritegno
368 1798 402 1832 di
428 1798 572 1832 sfidarlo
600 1811 620 1833 a
648 1799 813 1844 pubblica
841 1800 1004 1844 disputa:
1032 1811 1090 1834 ma
1116 1800 1221 1834 tristo
1248 1800 1271 1833 il
1292 1800 1482 1843 guadagno
1501 1800 1566 1833 che
1584 1800 1714 1839 fecero,
1740 1798 1960 1832 tornandone

200 1861 265 1883 con
291 1850 323 1884 le
356 1863 463 1885 corna
498 1852 698 1894 abbassate,
735 1853 873 1887 confusi
909 1866 927 1886 e
962 1854 1196 1897 vergognati“
1231 1853 1333 1896 (Can.
1361 1853 1460 1895 287).
1511 1852 1646 1886 Eadem
1671 1855 1794 1886 narrat
1824 1853 1957 1885 Garcia

202 1903 240 1945 (1.
268 1915 296 1937 c.
325 1904 422 1947 244).
475 1905 590 1939 Etiam
616 1906 733 1949 magis
768 1907 906 1951 poetice
932 1908 1168 1950 Dauriynac:
1202 1907 1232 1940 Il
1262 1906 1400 1947 „reduit
1425 1917 1483 1940 ses
1509 1906 1735 1939 adversaires
1761 1907 1782 1939 a
1807 1905 1959 1949 prendre

200 1956 235 1990 la
262 1956 352 1991 fuite
378 1970 467 2002 pour
493 1970 531 1992 se
558 1959 754 1993 soustraire
780 1962 800 1993 a
826 1960 861 1993 la
887 1960 996 1994 honte
1023 1960 1082 2004 qui
1108 1960 1161 1993 les
1188 1960 1331 1993 ecrase“
1364 1959 1401 2002 (l.
1429 1971 1458 1993 c.
1486 1959 1584 2002 277).
1636 1958 1810 1993 Similiter
1837 1957 1958 2003 (paulo

200 2012 319 2043 tamen
346 2011 580 2056 moderatius)
610 2013 763 2055 Se'yuin:
801 2013 877 2054 „Un
914 2013 982 2047 defi
1017 2015 1118 2058 porte
1152 2024 1216 2058 par
1248 2025 1295 2046 un
1321 2012 1507 2056 heretique
1533 2011 1583 2045 lui
1609 2012 1744 2045 fournit
1769 2011 1958 2045 l'occasion

200 2063 281 2097 d'un
319 2064 494 2109 triomphe
532 2068 568 2099 et
602 2066 654 2099 les
689 2069 885 2100 novateurs
921 2078 964 2100 en
999 2070 1166 2110 recurent
1200 2078 1269 2100 une
1304 2065 1470 2099 nouvelle
1501 2065 1707 2099 confusi0n“
1740 2065 1777 2108 (l.
1805 2076 1834 2098 c.
1862 2064 1958 2107 181).

201 2116 298 2158 Quae
325 2117 451 2151 iisdem
477 2130 589 2163 paene
617 2120 737 2153 verbis
763 2122 975 2164 repetuntur
1001 2120 1045 2154 ab
1074 2121 1152 2153 Αἶρε
1180 2119 1218 2163 (l.
1247 2131 1275 2153 c.
1304 2119 1402 2161 209).

201 2233 307 2270 748
335 2236 412 2269 sive
440 2245 606 2280 gel-ln.
626 2235 662 2271 l.
683 2236 818 2281 (23).
894 2236 1003 2272 Initio
1029 2247 1075 2273 ni.
1094 2236 1259 2273 Ianuarii
1286 2246 1318 2272 a.
1338 2235 1430 2272 1566.

319 2308 373 2341 Ex
399 2307 487 2342 libro
508 2309 734 2351 „Her-manni
752 2310 1017 2353 Hanwlmamzi,
1045 2308 1078 2343 S.
1099 2308 1132 2343 S.
1152 2308 1274 2342 Theol.
1294 2307 1428 2341 Licent.
1449 2310 1485 2341 et
1512 2307 1593 2340 dum
1622 2306 1763 2340 viveret
1781 2305 1958 2350 Superint.

199 2361 464 2404 Oldenburgici,
493 2361 610 2406 Opera
637 2362 1058 2405 genealogico-historica
1085 2363 1127 2396 de
1153 2361 1383 2406 Westphalia
1421 2364 1456 2394 et
1483 2360 1638 2394 Saxonia
1665 2359 1834 2401 inferiori,
1863 2387 1868 2393 .
1890 2386 1896 2392 .
1925 2359 1959 2392 in

200 2426 308 2448 unum
336 2414 502 2448 volumen
530 2417 701 2458 congesta
727 2415 770 2449 ab
797 2417 947 2449 Ernesto
977 2417 1105 2449 Casc'm.
1125 2413 1390 2457 Wasserbaeh“,
1417 2413 1634 2456 Lemgoviae
1665 2413 1764 2453 1711,
1794 2412 1894 2446 1010.

320 2486 621 2518 Ηαηιείυιαηηηηι
636 2496 809 2519 narrare:
827 2486 1055 2519 Guilz'elnmm
1067 2486 1206 2519 ιῙιιίίαοί
1219 2490 1248 2518 et
1267 2485 1397 2519 Cliviae
1411 2486 1531 2517 ducem
1546 2488 1692 2526 optasse,
1705 2487 1744 2516 ut
1756 2479 1956 2525 ‚‚scelestus“

203 2538 259 2570 ille
288 2538 455 2571 Canisius
481 2539 675 2581 reliquique
700 2540 858 2571 Jesecitae
885 2539 1029 2581 „Rheno
1057 2535 1381 2581 immergerentur&
1434 2538 1529 2579 Quae.
1554 2537 1639 2578 fides
1664 2536 1828 2569 adhiberi
1850 2535 1960 2577 possit

202 2592 258 2628 iis,
296 2602 383 2634 quae
420 2593 507 2624 idem
536 2592 819 2625 Hamelmannns
853 2594 962 2634 refert
997 2593 1038 2625 de
1074 2593 1200 2625 litteris
1228 2591 1427 2634 pontificiis
1454 2602 1524 2633 per
1557 2591 1741 2623 Canisfum
1772 2587 1960 2621 Guilz'elmo

202 2644 334 2686 allatis,
361 2645 402 2676 de
429 2646 588 2678 oratione
613 2656 635 2677 α
666 2645 809 2678 Canisio
834 2646 965 2687 habita,
993 2646 1033 2678 de
1059 2646 1159 2678 decc-is
1185 2655 1362 2687 responso.

322 2715 598 2756 Hermcmnus
616 2716 899 2757 Homelmonn
916 2717 938 2766 (
940 2719 1104 2758 1525-
1120 2718 1232 2757 1595
1230 2716 1255 2767 )
1278 2715 1616 2768 osnabmyewsz's,
1640 2712 1958 2767 protestantiszmz

204 2780 395 2819 mimssster
437 2779 511 2829 (ab
557 2795 596 2821 a.
634 2783 749 2822 1558
794 2782 851 2821 ud
895 2783 1010 2822 1568
1050 2781 1296 2835 Lemqoviae
1337 2805 1394 2808 —
1429 2776 1650 2832 „Lemqu
1691 2777 1960 2831 principatus

327 2916 336 2934 ¹
362 2917 593 2950 Hermannzcs
620 2919 901 2952 Hamelmanmcs
927 2918 1217 2960 osnaburgensis,
1253 2916 1529 2961 protestantium
1556 2914 1853 2949 bileveldensium
1880 2927 1959 2948 con·

204 2965 369 3008 tionator,
389 2969 585 3003 Bileveldia
606 2971 658 3004 13.
674 2971 794 3004 Martii
816 2971 904 3005 1555
924 2971 1146 3005 Hartmanno
1166 2971 1282 3014 Beyer
1305 2972 1341 3004 et
1358 2969 1517 3003 Mathiae
1535 2968 1662 3008 Ritter,
1682 2968 1958 3011 protestantium

206 3018 542 3055 francofurtensium
570 3023 754 3064 ministris,
781 3024 944 3068 scripsit:
972 3024 1122 3057 Ioannes
1148 3024 1192 3057 ab
1219 3023 1323 3067 Hoya
1350 3023 1537 3067 episcopus
1565 3020 1876 3063 „Osnabrugensis
1896 3048 1902 3053 .
1923 3048 1930 3055 .
1950 3047 1958 3055 .

208 3071 349 3104 videtur
377 3100 383 3106 .
414 3101 419 3106 .
449 3101 456 3107 .
487 3075 609 3108 favere
644 3075 842 3118 Evangelio
880 3077 937 3119 [Ξ
964 3075 1300 3119 Protestantismo]‚
1340 3075 1423 3119 quia
1461 3073 1698 3117 Evangelicos
1737 3073 1959 3107 consiliarios

208 3123 350 3157 habet“.
401 3125 599 3169 Epistulam
626 3129 746 3171 posuit
771 3130 827 3163 Jo.
852 3130 975 3171 Geory.
996 3129 1188 3171 Leuckfeld
1213 3128 1247 3162 in
1278 3127 1458 3169 „Historia
1482 3125 1767 3166 Hamelmanni“,
1794 3125 1959 3167 Quedlin-

211 3175 301 3218 burg
326 3177 396 3210 und
423 3179 684 3213 Aschersleben
712 3181 813 3222 1720,
839 3181 989 3215 28—31.
