2045 3471
587 192 753 235 Augusta
770 191 1036 226 Vindelicorum
1063 191 1095 225 4.
1114 191 1200 224 Maii
1228 190 1330 225 1566.
1751 193 1833 233 249

79 311 348 354 concilianda
380 314 590 364 utraquea
622 310 848 363 Religione
881 310 1190 353 tractationem
1232 309 1274 350 in
1317 309 1503 351 medium
1537 309 1794 351 adferebant
1809 311 1837 352 1.

79 376 288 419 Nonnulli
309 376 465 418 seriam
488 375 601 417 inter
623 375 846 429 Principes
879 375 1168 425 collationem,
1204 374 1256 416 de
1287 376 1381 416 toto
1404 374 1641 427 Religionis
1664 374 1839 427 negotio

78 442 356 496 perlubenter
395 440 619 483 ursissent.
682 440 926 481 Communis
960 443 1003 483 et
1035 440 1187 493 ingens
1229 439 1566 493 protestantium
1600 439 1728 481 ardor
1759 439 1840 480 hoc

78 506 321 559 flagitabat,
364 508 411 548 ut
445 504 766 547 Ecclesiasticis
800 519 851 546 ea
884 505 1062 547 daretur
1094 507 1303 558 potestas,
1347 518 1397 545 ac
1430 503 1614 557 profana
1646 504 1838 553 libertas,

79 573 127 613 ut
168 571 239 623 qui
280 570 455 620 uellent,
502 570 557 611 ad
588 570 883 611 Lutheranam
915 572 1078 612 sectam
1114 568 1384 619 (leficerentb,
1428 571 1472 610 et
1503 568 1626 610 bonis
1666 568 1838 611 interim

79 635 399 677 Ecclesiasticis
421 634 594 676 minime
616 634 968 677 fraudarentur2.
1012 635 1174 676 Verum
1199 634 1407 676 aduersus
1440 633 1518 675 has
1542 647 1688 675 omnes
1722 637 1839 676 artes

79 703 123 743 et
163 700 339 742 fraudes
384 700 626 742 Sathanae⁰
673 701 914 753 pugnatum
961 702 1050 749 est,
1100 702 1144 741 et
1185 699 1289 741 uicit
1331 699 1548 748 Christus,
1597 698 1839 751 Christique

84 765 279 807 Vicarius
310 765 353 806 in
386 764 554 817 Legato
586 778 677 815 suo,
721 768 769 807 ut
802 764 993 806 disiectis
1025 764 1218 807 tenebris
1250 764 1328 805 lux
1360 763 1608 805 Catholicae
1640 762 1840 805 ueritatis

80 829 238 872 clarius
261 829 502 882 effulgeret,
537 828 728 882 nihilque
750 829 873 870 nobis
906 830 1117 871 adimeret
1149 831 1406 882 potestas
1438 828 1796 870 tenebrarum
1810 829 1838 870 3.

78 894 199 944 Quod
239 894 510 948 praeclarum
544 893 717 935 Domini
749 894 989 936 Cardinalis
1032 897 1252 936 certamen
1296 907 1346 935 eo
1390 892 1667 947 spectabilius
1710 892 1841 934 etiam

78 959 174 1010 fuit,
209 973 291 1012 quo
325 958 603 1001 celebriorem
626 958 822 1001 uidemus
853 959 966 1001 hunc
988 959 1236 1013 Principum
1258 958 1575 1001 haereticorum
1599 955 1719 999 esse‘I
1741 971 1842 999 con-

77 1026 280 1074 uentum,
332 1023 405 1076 qui
445 1023 732 1076 undequaque
781 1023 990 1077 plurimos
1033 1027 1076 1066 et
1118 1023 1428 1065 audacissimos
1470 1024 1514 1065 et
1555 1022 1841 1065 obstinatiss.

77 1103 216 1131 nouae
248 1089 479 1143 perfidiaee
511 1092 859 1143 propugnatores
892 1088 1073 1132 tenetf4.
1136 1089 1263 1130 Nunc
1304 1089 1384 1130 hoc
1424 1088 1600 1130 tandem
1642 1089 1842 1130 effectum

79 1157 160 1203 est,
193 1156 242 1196 ut
275 1154 327 1195 de
359 1153 588 1207 Religione
620 1153 828 1196 tractatio
862 1167 991 1206 quam
1025 1153 1206 1207 Sectarij
1240 1153 1536 1208 postulabant,
1570 1152 1742 1206 penitus
1774 1166 1842 1194 re-

77 1219 192 1261 iecta
224 1219 292 1269 sit,
336 1219 502 1260 nullum
534 1221 582 1261 ut
614 1218 713 1261 inde
745 1218 981 1273 periculum
1015 1219 1150 1261 metui
1182 1221 1327 1272 queat.
1391 1218 1619 1260 Caeterum
1652 1232 1765 1259 noua
1798 1220 1842 1260 et

77 1283 309 1337 singularis
348 1283 424 1325 illa
465 1284 699 1326 difficultas
741 1284 930 1334 emersit,
973 1287 1021 1326 ut
1062 1298 1232 1325 sacrum
1275 1283 1509 1325 Concilium
1542 1282 1842 1325 Tridentinum

76 1348 121 1391 in
153 1349 234 1390 hoc
265 1349 359 1403 ipso
393 1352 606 1391 conuentu
628 1363 751 1391 suum
784 1349 945 1391 habeat
975 1349 1116 1390 locum
1140 1352 1184 1391 et
1206 1351 1360 1403 aperta
1383 1348 1659 1390 Confessione
1683 1347 1840 1390 Catho-

77 1414 258 1455 licorum
292 1414 633 1465 cohonesteturg,
677 1414 769 1463 Qua
801 1414 844 1455 in
877 1428 924 1456 re
958 1413 1131 1456 difficile
1164 1413 1306 1456 dictuh
1336 1415 1415 1464 est,
1451 1413 1600 1466 quales
1632 1414 1840 1465 quantos-

79 1493 161 1531 que
194 1479 366 1520 labores
399 1479 630 1521 exhauriat
662 1479 870 1521 Dominus
903 1479 1155 1529 Cardinalis‚
1190 1479 1262 1532 qui
1295 1492 1464 1520 omnem
1497 1477 1621 1519 sanei
1652 1477 1838 1531 lapidem

78 1547 238 1594 mouet,
280 1546 329 1586 ut
361 1544 661 1598 oportunek
693 1547 738 1587 et
777 1544 1124 1598 importune5
1157 1543 1427 1586 commendet
1459 1543 1692 1597 Synodum,
1728 1543 1841 1584 eius-

79 1622 161 1662 que
183 1609 309 1650 fidem
334 1611 378 1651 et
400 1609 712 1651 authoritatem
737 1608 963 1651 Germanis
986 1609 1248 1663 comprobet,
1284 1608 1425 1661 quoad
1449 1607 1539 1650 eius
1562 1607 1653 1649 fieri
1682 1610 1840 1661 potest.

76 1673 330 1715 Precamur1
362 1675 501 1715 Deum
535 1673 636 1727 Opt.
659 1674 776 1724 Max,
820 1674 932 1726 quod
971 1674 1080 1715 bene
1114 1676 1314 1727 coeptum
1347 1675 1460 1724 estm,
1503 1672 1679 1715 uirtutis
1721 1672 1840 1714 eiusn

78 1739 286 1781 dextera⁰
315 1741 625 1792 promoueatur
647 1753 698 1780 ac
729 1738 940 1781 feliciterp
974 1738 1240 1788 conficiatur,
1273 1738 1433 1792 partim
1465 1751 1518 1779 ne
1540 1740 1718 1780 sanctae
1751 1737 1842 1778 sedi

79 1802 359 1857 Apostolicae
393 1806 437 1846 et
469 1817 600 1845 uerae
632 1803 850 1856 Religioni
890 1803 1201 1858 praeiudicium
1234 1803 1368 1844 ullum
1402 1802 1640 1853 adferatur,
1682 1802 1840 1856 partim

78 1871 127 1911 ut
159 1868 380 1911 Catholica
412 1869 576 1911 ueritas
609 1870 653 1911 et
685 1869 889 1922 dignitas,
923 1882 1034 1921 quae
1067 1882 1162 1910 cum
1194 1867 1443 1922 premiturq,
1485 1867 1743 1917 illustratur,
1787 1881 1842 1908 ex

79 1934 160 1975 hac
200 1934 319 1976 lucta
350 1948 474 1976 suum
507 1934 640 1976 etiam
678 1934 824 1988 capiat
863 1933 1190 1976 incrementum.
1256 1932 1343 1975 Ora
1383 1947 1462 1987 pro
1503 1932 1625 1974 nobis
1658 1936 1701 1975 et
1736 1932 1842 1974 Ger-

79 1998 223 2040 mania
254 1998 507 2041 Reuerende
540 1999 685 2041 Pater.
748 1999 975 2052 Augustae
1008 2000 1034 2040 4
1067 1998 1170 2052 Maij
1205 1999 1348 2041 .1566.

948 2069 1108 2111 Seruus
1140 2069 1183 2110 in
1216 2068 1387 2111 Christo
1420 2069 1466 2111 P.
1491 2068 1719 2110 Canisius¹.

198 2140 225 2191 ἢ·
258 2138 501 2181 Admodum
543 2140 797 2182 Reuerendo
839 2140 881 2181 in
915 2139 1083 2182 Christo
1123 2139 1258 2190 Patri,
1301 2140 1348 2182 P.
1382 2138 1613 2181 Francisco
1655 2138 1841 2192 Borgiae

80 2203 336 2258 Praeposito
368 2204 563 2257 generali
595 2204 826 2247 Societatis
857 2204 1011 2247 JESV.
1077 2204 1253 2248 Romae.

198 2290 227 2321 a)
247 2296 381 2322 veraque
402 2291 438 2314 X.
513 2288 543 2321 b)
565 2291 599 2314 In
620 2291 655 2314 W
671 2294 829 2315 correctum
849 2298 884 2315 ex
904 2289 1092 2316 desficereiit.
1172 2290 1198 2321 c)
1220 2289 1344 2314 fraudes
1364 2289 1420 2314 hoc
1440 2296 1513 2314 sane
1528 2290 1563 2314 X.
1585 2290 1657 2314 λιτά.
1732 2288 1762 2319 d)
1783 2290 1843 2314 Ilo«-

81 2339 105 2356 v.
126 2332 155 2356 in
177 2333 201 2356 1⁷
217 2340 235 2356 α
256 2333 284 2356 C.
305 2339 397 2363 snpra
422 2339 536 2355 versum
555 2331 696 2362 scriptum
717 2335 767 2356 est.
877 2333 904 2363 e)
926 2330 1050 2364 perfidie
1066 2332 1106 2355 11⁷.
1217 2331 1245 2362 1')
1271 2332 1302 2355 ln.
1325 2332 1357 2355 W
1374 2339 1390 2355 α
1412 2333 1440 2356 (¹.
1461 2334 1617 2355 correctum
1637 2339 1672 2355 ea:
1693 2330 1777 2355 tonat
1796 2330 1844 2361 (ἓ).

79 2372 110 2404 g)
131 2371 354 2398 Catholicorum
375 2378 411 2396 eo
432 2371 614 2397 honestetur
634 2373 669 2396 X.
774 2371 804 2403 h)
825 2372 939 2397 dietum
961 2374 997 2398 X.
1101 2372 1122 2403 i)
1143 2371 1223 2397 hunc
1244 2374 1280 2397 X.
1302 2373 1376 2397 Lau.
1478 2371 1510 2403 k)
1531 2369 1701 2404 opportune
1722 2372 1771 2400 W;
1791 2378 1843 2403 op<

79 2413 204 2446 portuni
224 2415 260 2439 X.
345 2412 366 2444 l)
386 2413 569 2438 Praecamur
588 2414 628 2437 W.
715 2413 755 2444 ni)
777 2415 813 2439 Ιη
831 2415 857 2438 V
872 2414 1006 2445 sequitur
1025 2421 1108 2443 suae,
1128 2422 1145 2438 α
1167 2415 1196 2439 C.
1217 2414 1422 2438 omittendam.
1510 2416 1539 2444 ῃ)
1561 2414 1620 2437 Hoc
1642 2421 1664 2437 ι’.
1687 2413 1714 2437 in
1736 2414 1761 2437 Γ
1775 2420 1793 2436 (ι
1814 2414 1843 2437 C.

79 2463 172 2487 supra
200 2463 270 2480 vers.
291 2455 431 2486 scriptum
458 2457 508 2479 est.
548 2455 583 2478 Ιιι
611 2454 644 2477 W
660 2457 687 2479 et
712 2455 793 2485 apud
814 2456 887 2480 Lacl.
909 2456 1043 2486 sequitur
1069 2456 1111 2482 ut.
1221 2456 1250 2485 o)
1281 2454 1408 2479 dextere
1428 2456 1464 2479 X.
1575 2455 1604 2487 p)
1635 2453 1784 2479 foeliciter
1804 2454 1843 2478 W.

81 2497 111 2528 q)
132 2496 301 2529 praemitur
320 2497 360 2522 Hs.
452 2498 477 2527 Γ)
499 2496 625 2526 Sequens
647 2496 800 2526 Inscriptio
820 2504 855 2520 ea:
875 2497 910 2520 W
926 2497 1109 2527 transcripta
1130 2500 1189 2527 esu·
1210 2498 1234 2521 Γ
1251 2505 1307 2520 mm
1326 2496 1408 2520 habet
1431 2497 1515 2520 ine-cr.

203 2591 212 2611 ¹
238 2593 270 2624 A
298 2590 451 2633 Georgio
478 2589 614 2623 Vicelio
642 2592 678 2623 et
704 2589 858 2632 Georgio
885 2590 1087 2625 Cassandro
1119 2591 1220 2625 iussu
1246 2590 1483 2624 Maximiliani
1512 2590 1554 2623 Il.
1582 2590 1845 2634 compositam?

83 2643 136 2677 Cf.
164 2644 333 2678 Scluoarz
358 2644 381 2677 l.
408 2655 439 2678 c.
469 2644 530 2683 1&
568 2644 613 2677 Ν.
633 2644 769 2676 Paulus
794 2643 830 2676 in
861 2644 1126 2685 „Historisches
1154 2643 1359 2678 Jahrbueh‘
1390 2642 1524 2676 XXVII
1554 2642 1641 2682 341;
1681 2644 1766 2677 Can.
1794 2642 1843 2676 IV

83 2703 279 2737 765—766.

201 2756 214 2776 ²
245 2756 502 2797 ⁷,Resemvatum
521 2754 840 2796 eeclesiasticmffl,
859 2755 953 2798 quod
968 2757 1107 2796 vocant,
1127 2755 1301 2798 abrogare
1319 2755 1508 2793 volebant:
1537 2766 1570 2788 v.
1590 2765 1697 2798 supra
1716 2766 1748 2799 p.
1764 2755 1844 2789 212.

202 2809 214 2828 ³
241 2808 303 2842 Col
332 2809 361 2849 1,
391 2809 443 2842 13.
496 2808 549 2842 Cf.
576 2808 625 2841 Lc
651 2807 706 2847 22,
737 2807 794 2841 53.

199 2863 212 2882 ⁴
239 2861 353 2902 Quam
379 2861 613 2895 vehementer
649 2863 685 2893 ct
720 2859 826 2904 impie
853 2859 1009 2894 Michael
1036 2860 1159 2899 Diller,
1196 2860 1366 2893 Friderici
1395 2860 1456 2894 Ill.
1493 2859 1661 2894 electoris
1696 2859 1846 2905 palatini

83 2914 315 2955 contionator,
335 2915 523 2958 Augustae
542 2913 685 2953 dixerit,
705 2913 787 2946 vide
813 2924 923 2957 supra
949 2925 981 2957 p.
1001 2914 1097 2947 224³.
1141 2913 1419 2956 Christophorus
1439 2913 1754 2956 Wurttembergae
1773 2914 1845 2947 dux

83 2969 225 3011 praeter
242 2967 491 3001 Balthasarem
512 2965 717 3000 Bidenbach
744 2965 1023 2999 contionatorem
1050 2977 1171 2999 secum
1199 2965 1398 2999 adduxerat
1424 2966 1532 2999 etiam
1551 2965 1717 3000 Iacobum
1743 2966 1845 3000 illum

84 3019 247 3054 Andreae
275 3020 373 3064 (vide
398 3031 507 3065 supra
543 3032 576 3064 p.
595 3019 693 3061 215).
745 3018 957 3061 wolfgangi
988 3018 1088 3052 ducis
1115 3018 1372 3061 neoburgensis
1399 3018 1679 3053 continuatorem
1715 3019 1847 3062 agebat

83 3071 313 3107 Tilemannus
338 3072 541 3107 Heshusius
578 3071 790 3106 lutheranus
816 3071 918 3114 isque
949 3070 1233 3113 litigiosissimus
1263 3071 1319 3113 (B.
1344 3075 1385 3104 (l.
1405 3074 1542 3116 δῖναι-ι’,
1569 3072 1846 3107 Ausfiihrlicher

83 3124 229 3159 Bericht
253 3137 323 3159 von
350 3126 412 3159 der
436 3125 681 3159 Psaltzischen
709 3123 1048 3164 Kirchcn-Historie,
1076 3123 1292 3157 Franckfurt
1314 3124 1413 3165 17:21,
1444 3125 1521 3158 168.
1558 3126 1843 3168 ΑΚΖιιεῖεΙιοΙιη,

85 3176 204 3211 Briefe
230 3178 412 3212 Friedrich
438 3179 501 3212 des
528 3178 713 3212 Frommen
740 3177 766 3217 1,
794 3176 1076 3219 Braunschweig
1104 3176 1204 3217 1868,
1232 3177 1328 3219 6:36).
1474 3178 1487 3197 ⁵
1513 3178 1533 3211 2
1560 3178 1639 3212 Tim
1665 3179 1696 3215 4.
1725 3179 1756 3213 2.
