2077 3461
227 205 253 245 6
711 201 812 236 1199.
841 200 1004 236 Canisius
1031 201 1065 235 S.
1083 200 1274 235 Francisco
1301 201 1343 234 de
1370 200 1510 243 Borgia.

225 320 463 363 Oardinalis
486 323 646 371 noster,
681 322 725 363 et
747 320 797 362 D.
819 320 1029 373 Georgius
1052 320 1276 373 Fuggerus
1299 319 1465 361 vellent
1487 317 1662 371 adiungi
1685 318 1799 361 dicto
1822 319 1983 361 Baroni

225 389 270 429 et
302 387 465 428 duobus
497 385 705 427 fratribus
737 385 961 439 Fuggeris,
994 388 1043 427 ut
1073 385 1245 426 illorum
1278 397 1424 425 curam
1455 383 1614 426 habeat
1646 383 1909 437 singularem
1940 383 1985 425 in

225 451 415 504 Collegio
449 451 717 500 Germanico,
758 450 1014 504 praesertim
1057 463 1110 490 ne
1152 448 1252 501 quid
1292 448 1377 489 illis
1420 448 1531 490 desit
1567 447 1611 489 in
1644 449 1834 490 curanda
1865 449 1985 490 vale-

224 516 394 566 tudine,
441 515 620 568 aliisque
664 515 792 557 rebus
834 514 1002 568 corpori
1042 512 1310 566 necessarijs.
1384 512 1467 554 Sed
1509 513 1622 565 quod
1662 512 1717 554 ad
1757 512 1901 555 studia
1942 515 1986 555 et

225 594 367 622 mores
399 581 629 622 eorundem
664 580 834 629 attinet,
872 578 1128 631 relinquitur
1160 577 1297 619 omnis
1330 591 1382 619 ea
1415 591 1519 619 cura
1549 577 1904 631 praeceptoribus
1935 591 1986 619 ac

226 645 587 697 gubernatoribus
610 643 801 697 Collegij.
840 644 867 685 J
872 643 967 684 dem
990 643 1041 684 D.
1066 641 1286 696 Philippus
1309 641 1533 695 pecuniam
1557 642 1712 683 afferet
1732 641 1774 682 in
1797 641 1985 694 gratiam

225 709 409 752 filiorum
442 709 613 751 Domini
646 708 844 761 Georgii³
875 706 1077 760 Fuggeri.

346 775 410 816 De
451 774 625 826 reliquis
667 787 777 826 quae
818 772 872 814 ad
913 772 990 813 hos
1031 771 1236 813 honestos
1275 773 1320 813 et
1350 771 1516 813 nobiles
1548 771 1846 813 adolescentes
1879 770 1987 812 Ger-

226 839 403 881 manosb
435 839 665 893 pertinent,
699 838 824 891 plura
855 851 940 878 non
963 836 1115 887 dicam,
1148 850 1227 878 nec
1259 836 1446 878 arbitror
1479 850 1585 890 opus
1615 849 1721 885 esse,
1756 849 1850 877 cum
1874 835 1988 877 adsit

228 903 364 946 ueluti
405 903 523 945 ducis
565 904 657 944 loco
689 916 774 943 non
806 902 944 943 solum
977 901 1117 943 dictus
1149 902 1199 943 D.
1234 901 1469 955 Philippus,
1511 914 1662 942 Verum
1701 900 1832 942 etiam
1864 900 1987 942 fami-

228 969 347 1011 liaris
387 968 558 1010 Domini
599 967 838 1009 Cardinalis
881 966 1132 1008 Leonardus
1181 968 1223 1008 et
1270 968 1499 1019 praeterea
1539 965 1586 1008 P.
1620 964 1866 1019 Aloysius1‚
1916 964 1988 1017 qui

228 1034 352 1088 plura
385 1047 527 1075 coram
562 1034 780 1086 exponent
812 1032 887 1073 (16ο
918 1031 983 1073 1115
1015 1030 1388 1081 Adolescentibus,
1428 1029 1542 1072 faxit
1574 1030 1782 1080 Christus,
1825 1032 1873 1072 ut
1904 1029 1988 1070 Pa-

229 1100 399 1140 rentum
440 1098 565 1139 simul
607 1101 651 1139 et
683 1097 1018 1150 Praeceptorum
1061 1095 1356 1149 expectationi
1398 1095 1562 1137 faciant
1603 1094 1723 1138 satis,
1786 1095 1836 1136 D.
1872 1093 1989 1136 Zotti

228 1162 340 1204 filius
377 1164 457 1204 100
481 1162 660 1203 ducatos
693 1161 755 1207 (ni
776 1161 924 1214 fallar)
958 1161 1071 1215 apud
1097 1161 1356 1202 Rectorem‘2
1388 1160 1586 1213 deponet.
1636 1159 1874 1201 Cardinalis
1907 1172 1984 1213 pro

229 1228 398 1269 Barone
431 1230 475 1269 et
506 1227 557 1269 D.
592 1226 818 1280 Philippo3
850 1228 1046 1279 sumptus
1079 1239 1226 1267 omnes
1259 1225 1462 1266 exoluere
1494 1224 1734 1278 pollicetur.

347 1292 451 1333 Cum
491 1291 556 1332 his
597 1291 733 1333 mittit
772 1291 885 1331 idem
918 1290 1156 1332 Cardinalis
1189 1292 1359 1331 centum
1398 1288 1675 1343 exemplaria,
1716 1287 1832 1340 (nam
1864 1288 1990 1342 plura

229 1370 313 1398 non
346 1358 549 1410 poterant
579 1357 731 1397 horum
764 1355 941 1408 adiungi
962 1354 1162 1406 sarcinis)
1194 1355 1236 1395 in
1260 1354 1413 1407 quibus
1435 1353 1701 1406 Apostolica,
1735 1356 1784 1395 ut
1814 1355 1988 1402 vocant,

231 1421 382 1463 brevia
413 1421 525 1463 sicut
556 1420 823 1474 postulatum
856 1419 939 1462 fuit
976 1418 1350 1467 coniunximus4⁰¹;
1393 1418 1616 1460 Mittemus
1650 1431 1704 1458 ex
1734 1417 1819 1458 illis
1851 1417 1988 1471 plura,

230 1486 266 1527 si
296 1486 360 1528 ita
393 1486 622 1527 conuenire
654 1485 866 1527 videatur.
920 1484 1095 1526 Excusa
1126 1486 1227 1525 sunt
1250 1485 1335 1525 230
1359 1483 1625 1537 exemplaria
1657 1482 1699 1523 in
1727 1481 1989 1524 uniuersum.

232 1552 464 1605 Speramus
504 1551 583 1591 hoc
616 1549 836 1591 Pontificis
876 1549 1054 1591 maximi
1091 1548 1387 1591 testimonium
1420 1547 1532 1602 apud
1565 1547 1723 1589 multos
1755 1546 1989 1589 valiturum

231 1616 440 1658 aduersus
472 1615 799 1657 obtrectatores

351 1680 531 1734 Scripsit
563 1680 617 1721 ad
649 1693 716 1721 me
749 1679 988 1721 Cardinalis
1019 1677 1301 1728 Varmiensis,
1343 1680 1387 1720 et
1419 1677 1542 1730 quasi
1574 1676 1836 1730 expostulat,
1876 1676 1989 1729 quod

231 1745 287 1788 ad
319 1759 365 1787 se
398 1759 483 1787 non
514 1745 699 1795 veniam,
732 1758 871 1798 neque
903 1744 1074 1786 mittam
1108 1743 1455 1785 concionatorem
1479 1742 1752 1792 Germanum,
1787 1754 1912 1793 quem
1945 1741 1988 1781 in

234 1810 383 1864 primis
416 1811 597 1863 exoptat
609 1810 638 1851 5.

352 1875 434 1916 Sed
476 1877 594 1916 errat
626 1874 668 1915 in
702 1887 764 1922 eo,
807 1873 919 1926 quod
952 1872 1175 1915 existimat
1207 1886 1274 1913 me
1307 1871 1443 1912 solum
1457 1877 1481 1920 θ,
1521 1884 1605 1911 non
1637 1871 1774 1911 solum
1806 1869 1849 1910 in
1883 1869 1988 1911 Ger-

232 1939 389 1989 mania,
423 1939 499 1981 sed
531 1938 661 1981 etiam
684 1937 728 1978 in
757 1937 935 1979 Polonia
968 1940 1012 1979 et
1043 1936 1217 1978 Prussia
1249 1934 1578 1990 prouincialemf
1605 1934 1847 1976 habendum
1881 1947 1988 1976 esse.

235 2004 378 2056 Atque
409 2003 472 2045 ita
503 2002 677 2056 scripsit
709 2002 839 2044 etiam
872 2002 926 2043 ad
958 2005 1152 2044 nostrum
1177 2001 1446 2042 Cardinalem
1461 2001 1488 2042 6.
1542 1999 1749 2040 Videmus
1780 2013 1865 2040 non
1898 1998 1989 2040 sine

233 2069 381 2111 multis
420 2067 700 2109 incommodis
740 2070 785 2109 et
824 2066 1035 2120 molestijs
1075 2066 1236 2107 fratres
1276 2066 1378 2107 illuc
1419 2064 1689 2118 peruenisse:
1732 2065 1781 2104 ut
1821 2066 1864 2105 et
1907 2063 1989 2117 ipsi

233 2135 464 2175 testantur.
543 2132 673 2174 Faxit
719 2131 925 2172 Dominus
977 2133 1026 2173 ut
1077 2131 1247 2184 amplae
1293 2130 1447 2171 messig
1500 2143 1627 2182 quam
1674 2128 1987 2181 ingrediuntur,

234 2198 450 2240 curandae
482 2211 609 2251 pares
642 2210 736 2238 6556
768 2195 947 2249 possint.
1002 2196 1233 2249 Speramus
1265 2195 1322 2237 M.
1351 2195 1525 2236 Petrum
1560 2193 1899 2234 ΤΓ6116Γ611561117
1934 2206 1988 2234 ex

235 2262 478 2305 Coloniensi
509 2261 697 2314 Collegio
731 2261 920 2311 missum,
953 2260 1039 2302 iam
1071 2260 1113 2301 in
1147 2259 1365 2301 Prussiam
1398 2272 1566 2312 quoque
1598 2257 1858 2312 peruenisse.
1911 2256 1988 2298 Vi-

237 2327 363 2369 detur
403 2329 548 2369 autem
580 2326 782 2368 Fratrum
822 2324 991 2365 illorum
1034 2323 1265 2377 singularis
1297 2323 1409 2365 ratio
1450 2323 1648 2365 habenda
1680 2335 1786 2367 esse,
1829 2320 1988 2374 partim

354 2424 382 2456 a)
402 2426 438 2449 In
457 2425 535 2449 arch.
556 2432 628 2449 corr.
649 2432 685 2448 ex
704 2430 722 2448 a
734 2422 863 2447 Domino
879 2420 1017 2452 Georgio.
1087 2421 1115 2452 Ι»)
1136 2422 1171 2445 In
1191 2422 1270 2445 arrh.
1284 2429 1358 2445 corr.
1373 2428 1408 2445 eae
1426 2426 1596 2450 germanos.
1665 2418 1690 2449 c)
1712 2419 1875 2443 Com-ectum
1896 2420 1936 2442 est
1952 2416 1987 2441 de

236 2466 284 2495 (ab
304 2466 377 2497 ipso,
396 2469 427 2490 ut
446 2466 570 2495 videtur,
591 2466 633 2492 C.)
653 2473 688 2490 ex
707 2464 766 2488 alio
785 2464 882 2495 aliquo
902 2463 993 2487 verbo.
1062 2461 1092 2492 d)
1116 2463 1162 2486 Ita
1183 2463 1229 2488 (ab
1251 2462 1322 2493 ipso,
1344 2465 1371 2485 ut
1392 2462 1518 2491 ridetur,
1539 2462 1580 2490 C.)
1597 2468 1670 2485 corr.
1686 2462 1727 2484 est
1741 2467 1776 2483 ea:
1789 2457 1988 2484 iniunximus.

239 2508 265 2538 6)
284 2508 321 2532 In
340 2508 418 2531 arch.
438 2510 599 2538 sequuntur
619 2514 661 2531 vr.
681 2511 742 2530 non
768 2504 823 2533 sol,
849 2504 938 2528 oblim.
1012 2502 1034 2528 f!
1056 2504 1089 2527 In
1117 2503 1194 2527 τινι-11.
1215 2503 1347 2533 sequitur
1367 2502 1398 2526 et
1425 2503 1466 2526 vel
1485 2502 1580 2526 simile
1600 2509 1635 2531 zu,
1661 2501 1747 2525 oblite.
1821 2500 1851 2531 g)
1872 2499 1920 2523 lta
1940 2500 1986 2526 (ab

236 2543 310 2574 ipso,
329 2546 359 2567 ur
380 2543 505 2573 videtur,
525 2543 565 2567 C.)
586 2549 660 2567 corr.
681 2544 721 2566 est
741 2548 776 2565 ex
795 2539 900 2564 mensi.

360 2660 369 2678 ¹
404 2659 443 2693 Ρ.
479 2658 648 2703 Aloysius
687 2656 918 2701 (Ludovicus)
956 2655 998 2688 de
1033 2654 1205 2688 Mendoza
1241 2654 1274 2688 S.
1302 2655 1334 2688 J.
1371 2665 1403 2687 a.
1442 2653 1530 2688 1563
1570 2654 1604 2686 et
1642 2651 1733 2686 1564
1770 2650 1986 2685 cardinalem

239 2710 459 2755 aliquamdiu
485 2711 676 2744 comitatus
703 2712 789 2750 erat,
825 2721 857 2743 a.
885 2708 975 2743 1564
1000 2707 1186 2749 Augustae
1213 2708 1249 2740 et
1274 2705 1440 2749 Dilingae
1466 2707 1633 2739 versatus
1659 2706 1754 2743 erat:
1791 2702 1872 2736 vide
1902 2703 1987 2736 Can.

240 2763 290 2796 IV
316 2763 383 2797 313
411 2764 595 2798 586—587
623 2763 690 2797 669
717 2763 784 2796 690
811 2762 878 2796 919
906 2763 972 2795 etc.

359 2816 371 2835 '²
406 2816 459 2849 Ab
497 2827 528 2849 a.
558 2816 648 2850 1564
683 2815 721 2849 P.
748 2814 920 2859 Iosephus
947 2813 1163 2848 Cortesonus
1203 2810 1427 2854 (Cortesone)
1465 2809 1605 2852 collegii
1644 2807 1838 2852 germanici
1873 2809 1990 2841 rector

240 2870 318 2902 erat
344 2867 462 2911 (eard.
492 2869 701 2902 Steinhuber
726 2868 749 2901 l.
776 2879 804 2901 c.
831 2868 862 2901 Ι2
888 2866 962 2910 87).
1108 2865 1121 2884 ³
1146 2864 1375 2898 Doberainer.

360 2922 372 2939 ‘¹
399 2920 450 2953 De
476 2919 531 2953 his
557 2919 687 2954 libellis
714 2920 805 2960 vide,
832 2931 923 2963 quae
948 2918 1013 2953 sub
1040 2918 1137 2962 ipsas
1162 2916 1227 2950 has
1252 2916 1394 2949 litteras
1419 2915 1591 2949 dicentur.

360 2973 372 2991 ⁵
399 2972 475 3005 Hae
501 2971 670 3006 Stanislai
696 2972 797 3006 Hosii
823 2972 965 3006 litterae
1000 2971 1146 3005 exstant
1178 2969 1215 3002 in
1244 2970 1328 3002 Can.
1357 2968 1405 3002 1V
1432 2966 1628 3002 756—758.
1679 2965 1810 2998 Hosius
1844 2964 1988 2997 ineunte

243 3036 273 3059 a.
295 3024 385 3059 1565
403 3024 676 3067 Braunsbergae
698 3024 970 3068 (Braunsberg)‚
996 3034 1087 3067 quae
1110 3022 1193 3056 urbs
1221 3022 1328 3055 etiam
1354 3021 1389 3054 in
1415 3020 1521 3054 rebus
1547 3018 1713 3052 civilibus
1739 3016 1815 3050 61115
1841 3017 1988 3061 imperio

242 3077 403 3112 subiecta
428 3080 515 3116 erat,
542 3077 730 3120 collegium
758 3077 946 3111 Societatis
972 3076 1198 3115 institueram
1225 3074 1306 3108 vide
1336 3075 1421 3108 Can.
1448 3072 1497 3105 IV
1524 3071 1591 3105 609
1618 3070 1685 3105 758
1713 3070 1790 3104 796.

362 3131 374 3149 ⁶
401 3129 454 3163 Cf.
483 3130 569 3162 Can.
596 3129 645 3163 IV
673 3129 773 3163 1051.

362 3183 374 3202 7
400 3182 439 3216 P.
466 3182 611 3215 Petrum
638 3181 733 3215 Fahe
760 3181 792 3215 S.
821 3182 873 3221 J.;
900 3181 981 3214 vide
1011 3182 1096 3214 Can.
1124 3180 1156 3212 II
1182 3179 1275 3213 488⁴
1301 3177 1505 3217 494-—4953
1534 3176 1583 3210 IV
1609 3175 1677 3210 665
1704 3175 1771 3209 778
1798 3174 1877 3208 796.
