2045 3471
526 184 692 227 Augusta
711 183 816 218 Vind.
835 184 892 219 24.
911 185 995 229 Apr.
1015 203 1060 208 ——
1079 185 1110 218 5.
1129 183 1215 218 Maii
1244 184 1345 218 1566.
1733 186 1816 227 247

59 305 175 346 sotto
206 303 248 344 le
279 317 390 357 pene
423 303 490 344 del
523 303 723 353 Recesso,
758 317 1011 357 oppugnare
1034 302 1165 356 quelli
1197 302 1310 344 della
1343 302 1561 345 contraria
1592 305 1731 356 parte,
1764 316 1818 344 ne

59 381 202 410 essere
235 367 474 422 oppugnati
489 368 515 410 1.
568 367 685 409 Nelli
718 367 844 409 altri⁸
875 367 1045 410 articoli
1078 367 1155 409 che
1186 369 1362 410 restano
1396 381 1480 409 non
1512 381 1559 409 66
1592 367 1704 410 altro
1738 366 1816 409 che

58 433 100 475 la
133 432 457 475 confirmatione
490 432 605 474 della
636 446 744 486 pace
776 435 871 475 soto
903 433 947 475 la
978 446 1091 488 pena
1123 435 1206 475 etc.
1240 432 1317 474 che
1350 432 1384 473 si
1418 432 1523 474 dice.

369 503 491 545 Haec
532 505 558 544 a
598 502 722 544 nobis
764 503 879 546 dicta
920 503 1007 547 sint
1049 506 1093 546 et
1134 502 1328 546 subiecta
1369 505 1620 545 reuerenter
1659 502 1816 545 iudicio

269 568 310 611 S.
343 569 395 610 D.
427 567 482 610 N.
517 570 561 610 et
604 571 782 610 sanctae
826 568 948 610 Sedis
991 568 1290 622 Apostolicae,
1338 568 1611 620 omniumque
1655 567 1816 610 rectius

268 632 544 675 sentientium
558 632 586 675 ¹³.

174 703 465 757 Hieronymus
496 702 671 745 Natalis
703 704 731 755 †
792 703 949 745 Petrus
981 703 1188 747 Canisius.
1251 704 1280 756 †
1311 703 1501 746 Jacobus
1532 703 1755 746 Ledesma.
1815 694 1820 699 ’

173 795 225 829 De
251 795 307 829 his
333 795 464 829 litteris
491 795 583 836 vide,
610 806 702 839 quae
728 797 852 829 notata
877 798 961 830 sunt
987 807 1095 841 supra
1122 808 1154 841 p.
1182 796 1381 831 232—233.

173 848 272 882 Haec
306 849 405 893 pacis
440 851 664 892 augustanae
689 848 949 893 interpretatio,
986 861 1203 894 quamquam
1230 861 1250 883 a
1275 849 1416 890 Natale,
1452 848 1606 890 Canisio,
1642 849 1816 884 Ledesma

53 902 258 946 subscripta
285 904 349 943 est,
375 904 496 936 tamen
522 902 748 946 potissimum
774 913 795 935 a
815 901 957 936 Canisio
984 905 1040 936 est
1066 903 1283 947 composita,
1311 902 1369 937 hic
1388 902 1481 936 enim
1500 902 1658 936 omnium
1684 902 1816 947 optime

54 967 111 989 res
144 956 369 999 germanicas
403 957 572 996 noverat;
609 955 666 989 hic
700 955 799 989 solus
834 956 1075 998 germanicam
1112 956 1282 999 linguam,
1318 968 1389 1000 qua
1423 956 1566 990 litterae
1600 956 1700 1000 pacis
1737 967 1816 989 con-

56 1009 214 1054 scriptae
240 1010 352 1049 erant,
380 1008 547 1042 callebat.

172 1061 336 1096 Canisius
372 1074 402 1095 a.
433 1062 521 1096 1555
547 1062 746 1103 Augustae,
782 1073 862 1095 cum
898 1062 939 1096 de
974 1074 1061 1106 pace
1091 1062 1153 1096 illa
1180 1062 1364 1106 agebatur,
1402 1062 1621 1106 aliquamdiu
1648 1064 1815 1096 versatus

54 1117 110 1149 est
139 1114 244 1158 (Can.
270 1115 285 1148 1
313 1115 501 1149 553—554
525 1115 594 1148 565
623 1115 719 1157 750).
771 1115 868 1148 Idem
896 1115 1096 1160 complures
1123 1128 1167 1150 ex
1194 1115 1416 1161 principibus
1443 1117 1478 1149 et
1503 1114 1726 1156 consiliariis,
1754 1115 1815 1159 qui

51 1168 259 1202 tractationi
293 1167 344 1202 illi
379 1168 594 1208 intererant,
630 1168 719 1202 bene
753 1171 923 1209 noverat;
960 1171 1000 1203 ut
1035 1169 1296 1203 Ferdinandum
1324 1169 1350 1203 I.
1386 1180 1519 1212 regem,
1555 1168 1743 1202 Albertum
1770 1168 1813 1202 V.

52 1221 229 1255 Bavariae
263 1221 398 1261 ducem,
434 1221 646 1255 Michaelem
684 1232 703 1255 a
730 1221 927 1265 Ki'ienburg
961 1222 1269 1267 archiepiscopum
1295 1221 1611 1264 salisburgensem,
1646 1222 1813 1255 Ioannem

53 1273 263 1308 Udalricum
287 1274 438 1316 Zasium,
475 1273 668 1318 Georgium
694 1274 828 1317 Ilsung,
865 1274 1074 1317 VViguleum
1101 1275 1237 1315 Hundt,
1274 1274 1569 1319 Christophorum
1595 1274 1813 1318 VVelsinger,

52 1327 312 1372 Wolfgangum
331 1328 511 1361 Andream
538 1327 662 1368 Rhem,
690 1327 791 1362 alios.
834 1329 886 1361 Ac
912 1327 1158 1362 Ferdinandus
1176 1329 1202 1362 I.
1230 1328 1373 1362 Canisio
1399 1328 1443 1361 ab
1469 1339 1500 1361 a.
1530 1328 1620 1362 1558
1646 1327 1689 1361 ad
1723 1327 1813 1362 1563

51 1380 278 1415 familiariter
303 1380 472 1414 utebatur
501 1381 606 1421 (Can.
626 1380 657 1413 II
677 1380 746 1415 204
762 1381 830 1415 447
851 1381 937 1421 764;
967 1381 1015 1415 [V
1033 1382 1076 1416 50
1099 1382 1165 1415 152
1187 1382 1250 1415 157
1274 1381 1368 1424 174).
1412 1380 1509 1414 Scire
1536 1380 1647 1424 igitur
1672 1383 1814 1425 poterat

53 1433 228 1474 Canisius,
256 1433 385 1478 quibus
411 1433 570 1468 consiliis
596 1433 763 1467 catholici
790 1445 916 1478 pacem
942 1436 1183 1477 augustanam
1218 1435 1370 1469 inissent
1395 1436 1432 1468 et
1457 1433 1542 1477 quid
1568 1434 1604 1467 111
1630 1433 1707 1468 eius
1733 1445 1813 1468 con-

52 1487 251 1521 dicionibus
277 1487 508 1521 admittendis
534 1489 772 1531 spectassent.

171 1540 303 1582 Quodsi
329 1541 494 1575 Canisius
529 1540 676 1584 eiusque
710 1539 798 1574 socii
833 1539 1004 1582 scribunt,
1041 1540 1247 1581 catholicos,
1281 1552 1361 1574 cum
1389 1540 1485 1574 vires
1519 1539 1587 1574 sibi
1621 1541 1812 1584 suppetere

50 1593 305 1635 intellexerint,
340 1593 431 1628 bona
468 1595 503 1627 et
537 1593 614 1627 iura
649 1604 669 1627 a
703 1594 987 1637 protestantibus
1022 1594 1153 1628 iniuste
1187 1593 1310 1628 ablata
1344 1593 1412 1628 sibi
1437 1593 1682 1627 vindicaturos
1712 1604 1812 1627 esse:

51 1647 204 1680 multum
239 1648 336 1681 certe
371 1647 506 1687 aberat,
541 1648 582 1680 ut
607 1648 851 1691 protestantes
878 1647 936 1680 vel
970 1647 1104 1681 diutius
1130 1647 1188 1681 vel
1223 1646 1384 1681 sanctius
1421 1657 1545 1692 paoem
1571 1647 1811 1690 augustanam

49 1703 257 1741 servarent;
292 1700 329 1734 hi
364 1701 457 1736 enim
493 1701 561 1734 iam
599 1700 680 1734 inde
715 1712 735 1734 a
761 1699 935 1744 proximis
961 1703 1043 1745 post
1076 1712 1201 1745 pacem
1227 1701 1362 1734 factam
1388 1699 1501 1741 annis,
1537 1712 1617 1734 cum
1645 1699 1812 1734 catholici

50 1754 126 1788 eius
161 1753 428 1788 condicionibus
454 1753 622 1797 religiose
657 1756 806 1794 starent,
842 1754 940 1798 pacis
973 1753 1161 1788 violandae
1196 1754 1484 1799 opportunitates
1520 1753 1742 1798 quaerebant
1776 1756 1812 1788 et

50 1806 246 1841 catholicos
271 1807 394 1841 multis
420 1807 508 1846 locis
534 1806 718 1840 vexabant
753 1817 885 1850 eosque
920 1807 1036 1850 magis
1062 1807 1250 1851 magisque
1276 1806 1515 1848 monasteriis,
1551 1805 1723 1850 collegiis,
1759 1806 1812 1840 in-

48 1860 162 1902 tegris
188 1860 455 1905 episcopatibus
481 1859 702 1904 spoliabant3
731 1860 777 1893 cf.
795 1871 904 1904 supra
922 1872 955 1904 p.
975 1860 1069 1894 174³.
1112 1859 1197 1902 ,Die
1215 1860 1416 1904 Zulassung
1442 1860 1505 1894 der
1522 1860 1811 1899 Protestanten“‚

47 1913 164 1957 inquit
181 1914 226 1947 K.
246 1915 393 1957 Ko‘hler,
424 1913 607 1956 „erschien
635 1912 696 1957 [im
715 1912 1054 1957 Religionsfrieden]
1081 1925 1149 1947 nur
1175 1913 1229 1947 als
1256 1914 1313 1947 ein
1331 1913 1510 1956 vorl'aufig
1536 1913 1810 1957 geschlossenes

50 1965 288 2011 Compromifi,
324 1966 378 2000 bis
413 1978 451 2001 es
477 1966 645 2009 gelingen
673 1966 801 2007 werde,
837 1966 905 2000 den
939 1977 981 2000 zu
1007 1965 1122 2000 Recht
1148 1966 1390 2000 bestehenden
1415 1966 1572 2000 Zustand
1599 1965 1690 2000 auch
1716 1966 1809 2000 that-

49 2019 211 2054 sachlich
245 2020 378 2054 wieder
412 2019 672 2053 he1·zustellen“
714 2019 956 2061 (Jahrbucher
990 2019 1048 2053 fiir
1081 2019 1264 2054 Deutsche
1297 2019 1491 2062 Theologie
1525 2018 1656 2059 XXIII,
1693 2018 1810 2053 Gotha

52 2072 151 2114 1878,
179 2073 277 2116 392).
329 2073 375 2106 Et
406 2073 608 2106 Theodorus
634 2073 818 2105 chndner:
857 2072 949 2114 „Das
973 2072 1246 2107 Friedenswerk
1271 2083 1347 2106 war
1373 2072 1430 2106 ein
1456 2072 1559 2106 recht
1584 2071 1808 2106 unvollkom-

49 2137 181 2166 menes,
217 2126 264 2159 im
292 2125 437 2160 Grunde
464 2137 530 2159 nur
565 2126 621 2159 ein
647 2124 988 2167 lVaffenstillstand,
1025 2125 1254 2169 aufgenotigt
1288 2125 1401 2160 durch
1431 2126 1495 2160 das
1521 2125 1810 2159 Ruhebediirfnis

48 2178 169 2213 beider
194 2178 382 2213 Parteien“
415 2178 648 2222 (Geschichte
678 2178 740 2212 des
766 2178 964 2212 deutschen
990 2178 1125 2213 Volkes
1152 2179 1178 2220 Ι,
1205 2179 1389 2222 Stuttgart
1417 2179 1518 2220 1894,
1554 2178 1653 2222 309).
1704 2178 1809 2213 Certe

47 2243 164 2276 neque
190 2233 286 2275 regis
312 2232 551 2266 Romanorum
577 2243 692 2275 neque
719 2231 936 2275 reliquorum
963 2232 1163 2277 principum
1191 2232 1448 2267 catholicorum
1476 2234 1564 2273 erat,
1599 2243 1705 2275 quam
1732 2231 1808 2275 plu—

47 2284 137 2320 rima
163 2287 199 2319 et
225 2285 446 2330 amplissima
472 2285 563 2319 bona
589 2284 835 2319 ecclesiastica
861 2284 920 2319 vel
947 2285 1055 2319 etiam
1081 2285 1241 2330 integros
1268 2285 1496 2330 episcopatus
1522 2285 1808 2330 protestantibus

47 2339 258 2379 condonare,
285 2339 345 2372 vel
370 2338 625 2372 iurisdictionis
653 2337 918 2372 ecclesiasticae
953 2339 1164 2373 exercitium
1192 2351 1213 2373 a
1238 2350 1369 2382 magna
1397 2337 1610 2372 Germaniae
1645 2339 1746 2382 parte
1773 2337 1807 2371 in

47 2395 258 2437 perpetuum
284 2404 488 2433 removere;
515 2392 645 2426 summi
672 2394 791 2426 autem
818 2392 996 2437 pontificis
1014 2392 1129 2426 nuntii
1149 2404 1193 2426 ex
1212 2392 1379 2434 comitiis,
1407 2395 1599 2436 antequam
1627 2403 1697 2436 pax
1715 2402 1807 2425 com-

48 2446 163 2490 posita
190 2448 297 2487 esset,
324 2445 565 2479 discesserant
593 2445 745 2487 (Koleler
769 2445 791 2479 1.
820 2457 849 2479 c.
876 2445 973 2489 389).
1024 2445 1101 2480 Hoc
1130 2447 1251 2479 tamen
1278 2445 1457 2479 fateamur
1482 2446 1641 2489 oportet:
1677 2444 1807 2478 Postea

47 2498 233 2540 catholici,
269 2502 377 2543 atque
413 2499 505 2531 inter
539 2497 604 2531 hos
640 2497 839 2542 complures
875 2497 1065 2532 Societatis
1100 2498 1261 2532 homines
1295 2498 1391 2542 iique
1427 2496 1652 2541 gravissimi,
1699 2497 1805 2530 etiam

46 2551 164 2596 planis
190 2552 309 2586 verbis
344 2552 551 2592 docuerunt,
587 2561 711 2595 pacem
745 2550 938 2594 religionis,
974 2551 1104 2596 quippe
1141 2563 1232 2596 quae
1266 2563 1337 2596 pax
1373 2553 1470 2585 esset
1504 2562 1572 2584 non
1604 2550 1807 2594 dogmatica

46 2605 108 2639 sed
136 2605 290 2650 politica,
326 2616 346 2638 a
373 2604 559 2638 catholicis
593 2604 730 2637 servari
757 2603 886 2638 debere
912 2616 1062 2649 semper,
1098 2616 1167 2638 non
1193 2605 1236 2638 ad
1273 2607 1415 2648 tenipus
1441 2606 1580 2638 tantum
1607 2603 1664 2636 vel
1692 2602 1807 2637 solum

46 2658 289 2703 exspectando
315 2660 351 2691 et
376 2657 570 2697 tolerando,
602 2656 716 2700 quoad
743 2656 820 2691 eius
846 2657 990 2701 impune
1016 2658 1236 2700 frangendae
1263 2657 1417 2691 facultas
1444 2657 1604 2696 adesset;
1642 2657 1691 2689 ita
1718 2667 1751 2689 v.
1771 2667 1806 2699 g.

165 2748 191 2766 a*
213 2742 272 2766 Hoc
294 2749 315 2765 ι’.
336 2741 365 2765 in
390 2743 416 2765 Γ.
436 2748 527 2771 supra
550 2748 661 2763 versum
682 2739 823 2770 scriptum
844 2743 892 2764 esf.
967 2738 998 2769 b)
1019 2740 1105 2771 Apud
1127 2741 1199 2764 Lad.
1220 2739 1352 2770 sequitur
1373 2738 1429 2763 etc.

170 2854 179 2873 ¹
214 2853 290 2886 Art.
320 2852 363 2887 14
401 2852 482 2895 (art.
512 2853 553 2886 13
590 2852 632 2885 de
667 2851 848 2895 equitibus
883 2851 945 2885 illa
980 2851 1103 2892 habet,
1139 2863 1230 2895 quae
1265 2862 1375 2896 supra
1409 2862 1442 2895 p.
1469 2850 1555 2885 244⁵
1589 2850 1801 2894 memoravi)

46 2904 97 2939 ita
114 2905 241 2939 habet:
272 2905 474 2948 „Nachdem
496 2933 501 2940 .
523 2933 529 2939 .
551 2933 557 2940 .
578 2905 612 2939 in
632 2905 748 2938 vielen
775 2905 857 2938 frei-
876 2904 947 2938 und
974 2905 1226 2938 reichsstetten
1254 2904 1310 2938 die
1337 2903 1424 2937 bede
1451 2903 1646 2947 religionen
1665 2930 1672 2938 .
1693 2931 1699 2938 .
1720 2931 1727 2938 .
1748 2904 1802 2938 ein

47 2958 115 2992 zeit
142 2958 226 2992 hero
262 2958 310 2992 im
336 2970 433 3002 gang
460 2958 531 2992 und
560 2957 742 3002 geprauch
769 2968 947 3000 gewesen,
983 2968 1022 2991 so
1049 2957 1163 2991 sollen
1190 2956 1409 2999 dieselbigen
1436 2956 1578 2990 hinfiiro
1610 2956 1701 2991 auch
1728 2956 1803 2991 also

47 3010 186 3055 pleiben
215 3038 221 3045 .
242 3038 248 3045 .
268 3038 275 3045 .
302 3012 374 3045 und
400 3011 534 3054 bilrger
560 3012 630 3045 und
658 3011 788 3044 andere
807 3011 986 3043 einwoner
1014 3037 1020 3043 .
1042 3036 1049 3043 .
1070 3036 1077 3043 .
1104 3009 1268 3043 friedlich
1296 3010 1366 3042 und
1394 3008 1501 3053 ruhig
1519 3009 1574 3044 bei
1600 3010 1670 3043 und
1689 3010 1803 3044 neben

48 3064 215 3098 einander
241 3065 385 3098 wonen“
418 3064 457 3107 (1.
485 3076 515 3098 c.
544 3064 641 3106 743).
692 3065 915 3097 Laurentius
940 3064 1085 3096 ll'erner
1112 3063 1153 3095 de
1181 3062 1246 3096 hac
1273 3073 1380 3106 pace:
1418 3061 1596 3105 ,Nirgend
1622 3062 1723 3096 mehr
1749 3062 1802 3096 als

47 3116 83 3150 in
109 3117 314 3160 Augsburg,
340 3117 411 3151 und
438 3117 515 3151 hier
541 3116 691 3160 nirgend
718 3116 820 3150 mehr
846 3115 900 3150 als
926 3115 1156 3156 beimVolke,
1185 3115 1305 3148 wurde
1325 3115 1379 3148 die
1400 3115 1564 3149 wohltat
1591 3115 1799 3160 politischer

47 3168 148 3203 Ruhe
174 3170 408 3214 empfunden“
443 3169 673 3212 (Geschichte
701 3169 763 3203 der
789 3168 893 3204 Stadt
918 3168 1122 3212 Augsburg,
1149 3168 1344 3211 Augsburg
1365 3167 1463 3209 1900,
1491 3167 1588 3212 260).
