2077 3461
623 197 666 232 ΙΙ.
694 197 915 231 Prooemium
944 197 1136 231 voluminis
1161 197 1288 241 quinti.
1719 200 1834 229 XXXV

80 328 125 350 ex
143 315 316 349 facultate
334 315 516 360 pontificia
533 316 568 349 in
586 314 842 349 monasterium
860 314 1073 348 feminarum
1092 317 1232 348 mutare
1250 314 1368 358 ibique
1387 326 1487 348 sacro
1503 315 1679 349 velamine
1694 314 1834 349 Christo

80 368 291 413 desponderi
317 368 524 411 cogitabant
553 368 636 410 (229
662 368 761 410 265).
804 367 903 408 Quod
930 379 1010 401 cum
1037 366 1201 401 0311151115
1227 367 1271 401 115
1298 368 1528 401 dissuasisset
1557 368 1668 411 (773),
1696 367 1834 407 Η313111,

79 421 115 455 111
141 421 307 466 oppidum
334 420 504 461 vicinum,
540 421 695 464 migrare
726 421 846 465 ibique
885 420 1098 454 feminarum
1132 420 1303 463 pietatem
1330 422 1427 454 certo
1462 420 1595 461 ordine,
1628 433 1694 454 non
1730 420 1834 465 plane

79 474 275 508 monastico
304 476 435 513 tamen,
470 473 664 507 colentium
699 473 888 517 collegium
925 473 1100 517 quoddam
1136 473 1323 506 instituere
1357 473 1393 506 in
1428 474 1583 507 animum
1618 473 1835 507 induxerunt

81 526 203 570 (484);
237 538 258 560 a
284 526 462 560 Societate
488 528 607 559 autem
634 527 838 560 sacerdotes
874 525 1010 570 aliquot
1039 526 1230 570 petierunt,
1265 526 1325 569 qui
1351 525 1465 559 Halae
1500 538 1584 560 snas
1617 538 1835 570 suarumque

77 580 293 614 feminarum
319 579 561 613 confessiones
587 579 795 623 exciperent
821 582 857 613 et
881 579 916 612 in
942 578 1087 623 templo,
1115 578 1206 622 quod
1227 579 1470 619 exstruebant,
1498 580 1610 613 sacris
1628 579 1835 613 ministeriis

77 634 313 676 fungerentur
348 631 433 675 (434
467 632 571 675 473);
611 632 704 676 quod
740 643 809 676 quo
844 632 985 666 facilius
1017 634 1313 675 assequerentur,
1352 631 1465 665 Halae
1504 632 1693 666 Societatis
1731 632 1834 666 colle-

77 685 173 729 gium
202 685 260 719 vel
285 684 486 718 tirocinium
515 685 666 718 condere
692 684 863 719 volebant
891 685 1004 728 (484).
1054 684 1206 728 Borgias
1241 685 1466 729 praepositus
1500 685 1678 728 generalis
1704 685 1834 719 Lanoio

77 738 206 772 rectori
244 739 479 782 oenipontano
517 737 663 781 scripsit
696 749 765 771 non
805 738 983 782 expedire,
1022 740 1062 771 ut
1097 736 1288 771 Societatis
1326 738 1530 772 sacerdotes
1565 737 1678 772 Halae
1714 738 1832 772 sedem

77 792 250 825 haberent
277 790 398 834 (502);
437 789 634 834 Oeniponte
670 792 788 824 autem
826 802 885 824 eos
920 791 1098 824 interdum
1126 790 1255 824 Halam
1290 790 1341 824 ire
1376 802 1480 835 posse
1517 791 1628 833 (484).
1681 791 1834 824 Lanoius

76 844 165 878 haec
200 855 280 878 cuin
315 842 449 886 reginis
484 843 747 877 communicare
781 855 849 877 non
886 844 1050 878 audebat.
1102 843 1266 877 Canisius
1301 855 1385 877 vero
1420 856 1457 877 re
1493 844 1635 887 cognita
1662 844 1833 877 Lanoium

76 897 198 931 statim
231 897 375 940 reginas
409 895 508 930 adire
543 896 667 935 iussit;
703 908 772 930 non
805 908 883 930 esse
919 908 961 930 ea
993 898 1027 930 in
1063 908 1100 930 re
1136 896 1433 930 dissimulandum
1469 908 1533 930 nec
1568 908 1698 930 vanam
1733 908 1833 941 spem

76 951 319 990 nutriendam;
348 950 500 992 Borgiae
526 950 741 983 sententiam
767 949 835 983 sibi
862 961 1008 994 prorsus
1033 949 1176 994 probari
1205 949 1317 991 (484).
1369 949 1480 983 Paulo
1506 952 1625 984 tamen
1652 952 1733 995 post
1757 953 1832 984 tum

78 1004 241 1038 Canisius
266 1005 342 1036 tum
370 1002 524 1036 Lanoius
549 1002 754 1045 reginarum
773 1002 931 1036 lacrimis
956 1005 991 1036 et
1019 1002 1231 1036 Ferdinandi
1257 1002 1458 1037 archiducis
1485 1003 1649 1047 precibus
1669 1003 1834 1037 commoti

76 1057 244 1099 Borgiam
270 1060 501 1100 rogaverunt,
528 1058 568 1089 ut
593 1056 766 1089 rationem
794 1055 950 1099 aliquam
979 1067 1039 1089 eas
1065 1055 1197 1089 solacio
1224 1055 1403 1089 afficiendi
1430 1058 1632 1099 quaereret3
1669 1059 1777 1100 atque
1802 1056 1832 1089 is

76 1112 112 1144 et
137 1109 340 1144 tirocinium
366 1108 455 1142 illud
482 1109 637 1149 admisit,
668 1111 704 1142 et
740 1108 890 1151 collegio
917 1108 1095 1152 virginum
1123 1109 1361 1142 confessarios
1389 1109 1584 1147 concessit:
1619 1110 1679 1153 qui
1713 1111 1833 1143 tamen

75 1165 157 1208 post
186 1162 389 1206 reginarum
417 1164 565 1195 mortem
593 1161 624 1195 ei
650 1161 828 1195 adimendi
859 1164 999 1201 essent;
1033 1161 1121 1195 11300
1148 1173 1232 1194 vero
1259 1161 1303 1195 ad
1328 1164 1470 1195 sextum
1498 1162 1603 1196 huius
1630 1163 1746 1207 operis
1774 1174 1831 1195 vo-

74 1216 204 1256 lumen,
230 1227 299 1249 non
325 1215 370 1249 ad
396 1214 462 1248 hoc
489 1214 663 1258 quintum,
690 1217 867 1259 spectant.

193 1268 373 1303 Patientia
403 1279 491 1312 opus
517 1270 595 1301 erat
621 1267 762 1302 Canisio
788 1268 992 1312 praeposito
1021 1267 1230 1312 provinciali
1262 1268 1368 1301 etiam
1400 1269 1434 1301 in
1461 1268 1583 1302 multis
1610 1268 1689 1302 aliis
1715 1268 1830 1302 rebus.

76 1320 142 1362 Qui
178 1321 393 1356 Societatem
426 1322 461 1354 in
498 1319 690 1354 Germania
727 1321 910 1365 superiore
936 1320 1238 1364 ingrediebantur,
1273 1322 1348 1354 fere
1375 1332 1496 1355 omnes
1532 1320 1827 1363 „adolescentuli‘

75 1377 177 1409 erant
213 1375 326 1418 (497).
377 1374 509 1407 Deerat
533 1374 708 1416 magister
744 1374 964 1408 noviciorum
999 1374 1137 1407 muneri
1175 1377 1281 1418 aptus
1320 1374 1403 1416 (266
1438 1375 1506 1408 279
1540 1375 1647 1417 457);
1687 1375 1832 1408 deerant

75 1428 236 1471 collegiis
249 1428 325 1461 fere
339 1427 511 1467 omnibus,
531 1427 591 1470 qui
614 1427 836 1469 „ministros“
853 1428 931 1461 sive
946 1430 1121 1460 rectorum
1142 1427 1322 1460 adiutores
1341 1429 1377 1460 et
1389 1427 1606 1460 domesticae
1625 1426 1832 1471 disciplinae

75 1481 241 1515 custodes
276 1492 383 1523 agere
417 1484 565 1524 possent
603 1480 662 1521 (80
688 1479 758 1514 278
784 1480 881 1524 529).
932 1480 972 1514 Ρ.
999 1480 1178 1513 Martinus
1206 1480 1445 1513 Leubenstain
1480 1480 1692 1522 Ingolstadii
1726 1480 1829 1513 simul

73 1536 200 1574 rector,
225 1534 398 1575 minister,
424 1533 665 1573 subminister,
693 1544 827 1577 coquus
854 1536 931 1567 erat
960 1533 1074 1576 (457).
1125 1533 1366 1567 Theodoricus
1393 1532 1568 1572 Canisius,
1595 1533 1692 1566 Petri
1722 1533 1832 1566 frater

74 1599 116 1621 ex
144 1589 245 1632 patre
272 1589 308 1620 et
333 1585 475 1629 collegii
500 1585 819 1629 universitatisque
846 1586 1050 1629 dilinganae
1076 1587 1203 1626 rector,
1229 1586 1381 1619 multum
1404 1586 1615 1629 aegrotabat
1637 1586 1719 1623 (440
1745 1586 1829 1629 450)

73 1643 108 1674 et
133 1639 314 1674 laboribus
340 1650 451 1683 paene
478 1639 732 1672 conficiebatur
759 1640 843 1682 (402
870 1639 967 1681 525).
1010 1638 1181 1672 Hoffaeus
1199 1641 1315 1672 rector
1332 1638 1556 1673 monacensis
1574 1639 1829 1674 Theodoricum

74 1692 254 1727 Canisium
281 1692 374 1737 apud
400 1692 544 1725 Petrum
571 1691 721 1725 fratrem
747 1693 962 1725 auctoritate
988 1691 1069 1736 plus
1095 1703 1199 1736 posse
1225 1703 1331 1735 quam
1351 1691 1507 1735 reliquos
1533 1703 1655 1725 omnes
1673 1694 1830 1726 rectores

72 1746 300 1780 existimabat
330 1745 448 1788 (832);
483 1745 576 1778 idem
612 1745 749 1779 duobus
784 1745 856 1779 illis
892 1744 1045 1779 Canisiis
1081 1745 1263 1778 difficilem
1298 1756 1337 1778 se
1363 1744 1557 1789 praebebat
1591 1747 1698 1788 atque
1726 1745 1829 1779 vehe-

72 1801 209 1833 menter
234 1798 424 1839 nitebatur,
451 1800 490 1832 ut
516 1799 665 1832 rectoris
700 1798 816 1831 officio
850 1797 1064 1831 liberaretur
1093 1797 1176 1841 (145
1205 1798 1299 1840 764).
1351 1797 1504 1832 Lanoius
1540 1809 1679 1841 quoque
1714 1801 1830 1832 rector

71 1852 329 1897 oenipontanus
353 1851 510 1885 muneris
536 1862 625 1884 onus
651 1851 848 1894 aegerrime
874 1851 1076 1885 sustinebat
1104 1851 1224 1893 (382);
1254 1852 1480 1894 querebatur,
1506 1851 1573 1884 sibi
1600 1851 1728 1885 missos
1751 1863 1829 1885 esse

71 1917 132 1939 eos
167 1906 226 1949 qui
261 1905 343 1939 alibi
378 1905 464 1938 ferri
490 1916 559 1938 11011
585 1904 787 1948 potuissent
824 1904 937 1947 (418).
989 1904 1143 1938 Lanoius
1169 1905 1244 1948 ipse
1275 1916 1371 1945 vero,
1408 1907 1447 1938 ut
1473 1903 1638 1938 Canisius
1663 1907 1828 1944 testatur,

71 1959 127 1992 vir
153 1961 229 1992 erat
258 1958 410 2001 „bonus“
440 1957 594 2001 quidem,
619 1958 682 1991 sed
708 1957 837 1991 indolis
863 1957 1086 1991 vehementis
1113 1959 1149 1990 et
1174 1961 1247 1990 tum
1268 1957 1335 1991 sibi
1353 1961 1429 1991 tum
1448 1957 1600 1991 caeteris
1616 1957 1723 1991 nimis
1748 1958 1828 2001 rigi-

72 2012 137 2045 dus
172 2014 208 2045 et
242 2022 371 2056 parcus
409 2010 490 2054 (457
517 2010 626 2053 472);
662 2010 835 2044 notabant
860 2010 896 2043 in
922 2022 962 2044 eo
988 2010 1139 2050 sodales,
1176 2011 1268 2054 quod
1295 2010 1363 2044 sibi
1389 2010 1576 2052 diffideret,
1604 2010 1696 2054 quod
1723 2011 1828 2044 anxie

70 2065 105 2098 id
132 2064 326 2106 moliretur,
351 2076 395 2098 ne
422 2064 490 2097 cibi
516 2063 621 2097 nimis
646 2064 728 2098 boni
753 2065 977 2108 pararentur,
1004 2064 1121 2107 idque,
1141 2064 1192 2097 ait
1210 2063 1385 2104 Canisius,
1413 2075 1452 2097 eo
1471 2063 1558 2103 1000,
1590 2075 1658 2107 quo
1685 2066 1828 2108 propter

72 2117 159 2152 caeli
186 2129 301 2151 mores
326 2117 464 2161 solique
490 2116 635 2160 ingenia
659 2117 714 2150 illi
739 2129 804 2151 nec
831 2116 966 2150 salubri
992 2122 1083 2158 aere,
1111 2128 1175 2150 nec
1199 2116 1376 2157 carnibus,
1403 2128 1468 2151 nec
1486 2116 1644 2160 piscibus
1661 2116 1827 2151 instructi

71 2173 155 2205 sunt
182 2171 297 2214 (472).

191 2224 356 2258 Omnium
384 2223 539 2257 maxime
559 2223 742 2257 daemonio
761 2234 907 2257 exosum
936 2234 1014 2257 esse
1046 2222 1234 2256 videbatur
1253 2221 1443 2266 collegium
1462 2222 1692 2265 dilinganum.
1725 2222 1827 2256 Eras-

71 2289 167 2311 mum
185 2277 341 2311 Vclcker
359 2276 554 2310 rhetorices
579 2277 804 2319 magistrum,
831 2276 923 2320 quod
946 2277 1042 2318 „sine
1061 2287 1192 2320 sponsa
1209 2277 1332 2309 vivere
1351 2287 1418 2309 non
1439 2275 1567 2309 vellet'⁴
1593 2276 1680 2319 (13),
1700 2275 1826 2309 solutis

71 2331 165 2365 votis
201 2330 277 2373 (49)
312 2330 442 2363 dimitti
477 2331 634 2374 oportuit
671 2331 760 2374 (54).
820 2329 859 2363 Ρ.
888 2329 1071 2363 Conradus
1101 2328 1305 2371 Swagerius
1340 2328 1542 2371 theologiae
1574 2328 1754 2373 professor
1788 2340 1825 2362 se

71 2394 92 2416 a
118 2383 271 2418 Canisiis
308 2382 430 2416 durius
465 2383 613 2416 tractari
649 2382 901 2426 laboribusque
937 2382 1087 2427 opprimi
1122 2381 1326 2415 affirmabat
1355 2382 1437 2424 (109
1465 2383 1569 2424 611);
1606 2382 1639 2414 in
1675 2382 1825 2425 patriam

70 2436 173 2475 abiit,
208 2448 228 2470 a
263 2436 440 2470 Societate
475 2436 639 2470 discessit
679 2435 761 2479 (725
799 2436 903 2477 766);
940 2436 983 2469 ad
1019 2435 1152 2468 amicas
1187 2435 1285 2468 Petri
1322 2434 1455 2468 Canisii
1492 2434 1633 2468 litteras
1675 2435 1826 2479 „scripto

71 2490 296 2523 exulcerat&
327 2489 509 2533 respondit
530 2489 651 2531 (493);
679 2500 723 2522 110
748 2489 942 2533 praepositi
969 2488 1110 2532 quidem
1134 2488 1312 2530 generalis
1339 2487 1491 2532 epistula
1517 2489 1696 2521 suavitate
1723 2487 1826 2531 plena

71 2542 233 2586 placatus
260 2544 314 2575 est
343 2542 456 2585 (631).
499 2542 537 2575 P.
556 2541 711 2575 Thomas
737 2553 877 2585 quoque
897 2541 1032 2582 Gallus,
1059 2541 1095 2574 in
1113 2540 1285 2582 Swagerii
1309 2540 1423 2573 locum
1443 2540 1670 2581 substitutus,
1698 2540 1824 2574 rectori

71 2595 212 2638 collegii
246 2595 430 2629 molestias
465 2595 614 2639 parabat
651 2595 762 2637 (495).
822 2595 862 2628 111
900 2594 988 2639 ipsis
1023 2594 1130 2628 etiam
1166 2594 1356 2627 Societatis
1386 2593 1575 2626 iuvenibus
1601 2592 1825 2627 scholasticis

72 2651 158 2690 erat,
184 2648 244 2692 qui
271 2648 312 2682 de
339 2648 568 2692 conceptione
594 2647 727 2681 Beatae
754 2648 889 2682 Mariae
915 2647 1077 2690 Virginis
1103 2649 1139 2680 et
1165 2647 1207 2679 de
1234 2647 1316 2689 igne
1342 2647 1469 2679 tartari
1496 2646 1640 2679 sinistre
1666 2646 1825 2687 sentiret,

71 2701 113 2735 de
138 2704 361 2736 sacramento
388 2700 636 2735 Eucharistiae
671 2700 774 2734 alteri
810 2700 916 2735 dubia
951 2701 1110 2737 iniceret,
1148 2700 1255 2733 libros
1282 2699 1476 2732 obscaenus
1508 2699 1644 2742 legeret
1669 2702 1703 2732 et
1731 2711 1823 2733 ama-

70 2755 179 2789 torios
205 2766 250 2788 ex
276 2755 318 2788 iis
345 2765 472 2788 versus
498 2765 749 2797 nonnunquam
776 2755 945 2787 recitaret
972 2753 1056 2796 (456
1083 2753 1180 2794 469).

189 2807 293 2842 Nolui
308 2808 406 2848 11300,
421 2807 488 2840 etsi
499 2818 665 2850 magnam
682 2810 818 2851 partem
834 2807 950 2840 adhuc
963 2807 1182 2850 incomperta
1199 2806 1255 2839 vel
1270 2805 1391 2848 ignota
1406 2808 1517 2844 erant,
1532 2804 1674 2838 silentio
1686 2807 1824 2848 tegere:

72 2872 160 2894 neve
186 2863 316 2900 tamen,
343 2871 485 2904 quaeso,
512 2859 745 2900 obliviscaris,
773 2871 853 2894 011111
880 2859 1003 2903 paucis
1029 2859 1100 2892 illis
1127 2858 1328 2891 hominibus
1354 2869 1479 2901 parum
1506 2858 1605 2891 bonis
1631 2858 1690 2892 vel
1716 2858 1820 2892 etiam

71 2925 154 2948 vere
189 2913 358 2958 improbis
392 2913 497 2956 longe
524 2913 643 2957 plures
669 2913 792 2951 fuisse,
819 2913 878 2956 qui
906 2912 1096 2955 diligenter
1123 2913 1398 2954 constanterque
1425 2911 1552 2944 officiis
1578 2912 1823 2954 fungerentur.

72 2965 117 3000 Hi
142 2978 222 3001 raro
247 2969 386 3000 tantum
414 2970 449 3000 et
469 2966 634 3002 breviter.
662 2977 740 2999 cum
760 2965 899 2999 occasio
918 2966 998 3003 fert,
1025 2966 1285 3002 memorantur3
1313 2967 1352 2997 ut
1378 2975 1457 2997 cum
1476 2967 1652 3005 narratur,
1680 2964 1823 3007 Dilinga

71 3018 106 3052 in
131 3019 352 3063 Hungariam
379 3019 659 3063 praepositorum
688 3019 787 3052 iussu
814 3018 1021 3052 discessisse
1048 3017 1087 3051 P.
1107 3017 1253 3050 Petrum
1272 3016 1444 3057 Hernath,
1471 3016 1681 3060 hungarum,
1712 3016 1822 3061 philo-

71 3072 215 3116 sophiae
240 3072 489 3117 professorem,
528 3083 676 3114 „magno
704 3071 878 3104 desiderio
904 3070 977 3104 sui*
1010 3070 1131 3103 inultis
1157 3069 1280 3103 relicto
1309 3070 1422 3112 (286).
1450 3070 1647 3114 Oeniponte
1673 3071 1820 3104 fratrem

73 3124 381 3159 Bartholomaeum
407 3124 583 3158 Mellitum
615 3125 776 3166 ⁷,sancte“
808 3126 985 3156 mortuum
1017 3135 1095 3156 esse
1125 3122 1236 3165 (297).
1287 3123 1385 3156 Haec
1421 3134 1505 3156 sane
1541 3126 1594 3157 est
1627 3124 1822 3157 communis

73 3179 230 3212 veterum
257 3177 513 3212 tabulariorum
540 3177 649 3211 ratio:
681 3177 732 3210 De
759 3189 826 3210 uno
853 3176 993 3210 homine
1020 3175 1233 3217 turbulento,
1271 3176 1376 3220 impio
1409 3176 1489 3220 plus
1523 3176 1556 3209 in
1593 3177 1635 3210 iis
1662 3176 1822 3209 invenias

1496 3237 1538 3268 C*
