2045 3471
200 190 283 230 662
526 187 621 222 Mon.
641 188 709 222 744
734 187 812 222 sive
837 200 948 232 germ.
968 188 989 222 l.
1013 188 1103 231 (19).
1142 188 1197 223 25.
1216 188 1408 224 Now—4.
1427 189 1512 225 Dec.
1535 191 1634 226 1565.

197 304 404 349 explicavit,
432 303 618 338 Embricae
647 304 876 346 (Emmerich,
909 305 991 339 olim
1018 305 1170 339 ducatus
1197 305 1390 347 cliviensis,
1425 319 1518 341 nunc
1543 309 1748 352 provinciae
1775 310 1954 346 rhenanae

196 357 299 401 regni
323 357 499 392 borussici
524 357 707 402 oppidum)
736 358 926 400 collegium
953 359 1142 393 Societatis
1169 361 1203 392 et
1229 358 1425 400 incohavit,
1451 362 1488 394 et
1513 373 1544 395 a.
1562 361 1793 397 1591—1594
1819 364 1954 408 primus

196 412 315 445 rector
332 411 483 452 curavit,
509 413 546 444 et
563 411 738 445 adversus
755 411 962 446 Mauritium
982 411 1259 446 Nassoviensem
1279 412 1428 456 eiusque
1447 412 1666 449 Calvinistas
1685 416 1861 457 defendit;
1888 418 1956 452 toti

196 475 337 508 quoque
363 463 556 498 Societatis
581 464 787 508 provinciae
813 465 993 499 rhenanae
1019 464 1240 508 aliquamdiu
1270 465 1535 509 (1595—1598)
1564 468 1789 513 praepositus
1815 470 1885 504 fuit
1919 474 1956 505 et

196 516 307 551 libros
342 516 478 561 aliquot
513 517 680 560 vulgavit
710 518 771 561 (H.
798 519 836 552 J.
862 519 1007 562 Allard,
1034 517 1142 551 Pater
1169 518 1325 552 Joannes
1350 518 1496 560 Hasius‚
1523 520 1559 553 in
1589 520 1777 562 „Studieffl
1807 521 1848 557 D.
1874 523 1956 558 XLI

199 570 396 605 145—160.
447 572 595 604 Hansen
630 571 653 605 l.
689 583 717 605 0.
746 571 932 606 783-785
960 572 1038 606 788.
1089 572 1313 616 Reiffenberq
1347 571 1369 606 l.
1398 583 1425 606 0.
1454 572 1640 608 290-295
1673 574 1860 612 335-338
1886 577 1955 612 632

198 623 242 657 ad
269 622 348 658 633.
399 624 483 658 Ant.
510 625 669 668 Rccland,
703 624 820 659 Series
846 627 882 658 et
908 624 1013 658 Vitae
1039 625 1282 669 professorum
1309 624 1369 659 SS.
1388 625 1603 669 Theologiae
1639 629 1698 671 qui
1725 628 1955 674 Wirceburgi

198 677 408 719 docuerunt,
444 677 673 721 Wirceburgi
701 677 804 718 1835,
839 679 966 712 9—10.
1018 679 1283 722 Sommervoyel,
1319 678 1408 712 Bibl.
1436 679 1486 712 IV
1516 680 1599 720 1353
1638 680 1686 714 IX
1715 681 1812 724 462).
1864 683 1955 718 Huic

198 730 308 774 igitur
333 729 497 765 Raderus
523 742 568 765 m.
588 731 752 765 Ianuario
778 743 810 765 a.
832 732 921 766 1613
947 731 1103 776 scripsit.
1148 731 1212 765 Cui
1231 733 1369 765 Hosius
1386 732 1552 766 Embrica
1581 734 1633 767 13.
1652 733 1837 769 Februarii
1866 736 1955 771 1613

197 783 428 827 *respondit:
463 783 593 818 Dolere
627 795 676 826 se,
712 784 805 828 quod
839 784 881 818 de
909 784 1042 818 Canisii
1072 784 1178 818 rebus
1202 796 1272 818 non
1299 786 1542 828 interrogatus
1569 789 1667 820 esset
1696 790 1798 829 „ante
1824 800 1956 833 paucos

198 836 353 877 annos“;
379 838 466 870 tunc
492 837 585 870 enim
612 836 647 870 in
674 837 769 871 vivis
796 840 907 878 erant,
935 837 1062 881 iuquit,
1093 837 1226 879 „frater
1244 838 1320 872 eius
1340 838 1396 872 vir
1414 838 1621 873 Consularis
1638 841 1656 881 ¹,
1683 842 1719 874 et
1743 852 1844 875 soror
1869 842 1956 876 mihi

197 889 360 923 confiteri
394 889 535 924 solita2.
595 889 662 924 Sed
699 891 893 924 etiamnum
929 892 1123 935 supersunt
1157 902 1278 924 eorum
1314 891 1441 935 proles,
1477 892 1583 926 vnius
1618 894 1787 928 maritum
1821 894 1866 928 ad
1900 907 1956 929 me

199 942 363 976 Calcaria
398 943 581 987 0110031113,
614 945 760 978 acturus
796 944 839 977 de
871 944 976 978 rebus
1012 944 1136 978 fratris
1170 944 1284 978 nostri
1310 945 1436 979 Jacobi
1463 945 1643 991 Canisij⁴;
1681 947 1815 981 scribet
1848 948 1955 982 etiam

199 996 237 1030 P.
266 996 473 1031 Theodorus
507 996 733 1037 Risuichius,
769 1009 879 1042 nepos
914 1009 959 1031 ex
994 1009 1115 1032 sorore
1150 997 1189 1031 P.
1226 997 1385 1032 Canisii⁵
1419 999 1463 1032 ad
1499 1001 1691 1042 cognatum
1727 1001 1957 1035 exconsulem

198 1048 533 1093 Nouiomagensem,
568 1050 685 1084 virum
712 1051 865 1092 doctum,
902 1050 1126 1085 Catholicum
1163 1053 1198 1084 et
1224 1051 1258 1084 in
1285 1051 1419 1086 nostris
1445 1051 1528 1086 olim
1555 1052 1687 1087 scholis
1715 1053 1881 1088 Coloniae
1907 1055 1956 1088 in-

198 1102 377 1144 stitutum,
404 1103 490 1136 mihi
517 1115 657 1147 quoque
683 1103 792 1148 probe
817 1106 940 1138 notum
952 1105 975 1138 ⁶.
1012 1103 1187 1148 Excerpsi
1205 1115 1347 1148 quoque
1365 1116 1433 1138 non
1453 1117 1577 1150 pauca,
1605 1108 1640 1140 et
1659 1118 1751 1140 anno
1770 1107 1956 1152 superiori,

198 1157 235 1189 et
268 1158 350 1189 ante
385 1158 465 1190 octo
500 1159 563 1190 aut
597 1157 719 1191 decem
754 1168 865 1191 annos
900 1168 1041 1201 quoque
1077 1169 1120 1190 ex
1151 1157 1304 1191 diuersis
1334 1158 1448 1191 literis
1475 1170 1517 1192 ac
1543 1159 1686 1203 scriptis
1713 1159 1879 1194 Coloniae
1905 1173 1957 1194 re-

198 1209 311 1253 pertis
338 1209 406 1243 iam
425 1210 506 1243 inde
523 1210 568 1244 ab
587 1211 732 1244 exordio
751 1210 942 1245 Societatis
967 1222 1025 1244 res
1052 1222 1093 1244 ac
1119 1221 1291 1255 personas
1318 1211 1603 1251 continentibus:
1632 1213 1666 1246 iu
1693 1213 1822 1256 quibus
1844 1214 1957 1248 multa

197 1273 290 1306 quae
315 1261 355 1296 P.
376 1261 557 1296 Canisium
584 1264 865 1298 concernebant:
901 1264 1002 1298 doleo
1037 1265 1155 1297 autem
1191 1275 1261 1297 non
1295 1275 1410 1308 pauca
1439 1276 1484 1298 ex
1509 1264 1566 1299 his
1591 1268 1795 1300 nostrorum
1820 1266 1958 1301 incuria

196 1314 357 1360 perijsse.
409 1316 531 1350 Patria
557 1316 660 1351 abest
685 1317 768 1351 hinc
794 1319 947 1361 quatuor
972 1317 1087 1351 solum
1114 1317 1323 1358 miliaribus,
1352 1329 1467 1361 neque
1494 1319 1698 1361 refugerem
1726 1331 1766 1353 eo
1792 1331 1849 1354 me
1876 1332 1954 1354 con-

197 1367 302 1408 ferre,
329 1368 396 1402 nisi
423 1370 583 1404 obstaret
609 1370 815 1404 immanitas
841 1373 877 1404 et
902 1370 1086 1404 barbaries
1112 1370 1384 1412 haereticorum,
1412 1371 1471 1414 qui
1499 1371 1601 1405 modo
1624 1372 1699 1406 illic
1718 1373 1954 1415 dominantur,

199 1422 259 1464 qui
294 1433 358 1455 nos
389 1434 459 1456 non
494 1423 660 1458 tolerant.
712 1423 910 1468 [Atta]men
946 1424 1039 1467 quod
1075 1435 1193 1458 coram
1228 1436 1296 1458 non
1333 1424 1428 1465 licet,
1464 1424 1578 1458 literis
1613 1437 1717 1470 spero
1753 1426 1956 1470 propediem

198 1474 436 1509 obtinebitur“
467 1476 529 1518 (ex
555 1477 789 1521 autographo.
842 1477 925 1511 Cod.
956 1477 1065 1522 „Epp.
1093 1478 1136 1511 ad
1165 1477 1204 1511 P.
1230 1478 1278 1511 Μ.
1305 1477 1485 1511 Raderum
1516 1478 1748 1512 1606—1615
1774 1479 1808 1512 1²
1840 1491 1873 1513 n.
1901 1480 1956 1514 56.

199 1527 252 1562 Cf.
280 1528 389 1562 etiam
407 1530 623 1573 „Stimmeffl
643 1533 709 1564 etc.
729 1531 843 1564 LXXI
872 1531 1087 1574 169—170).
1139 1531 1227 1565 Cum
1255 1531 1310 1565 his
1336 1530 1452 1565 literis
1478 1532 1616 1565 Hasius
1642 1531 1710 1566 duo
1738 1532 1822 1566 folia
1848 1532 1956 1573 misit,

197 1581 233 1615 in
272 1582 400 1625 quibus
438 1583 539 1616 varia
575 1584 616 1617 de
644 1584 787 1618 Canisio
821 1586 1021 1618 notaverat.
1081 1584 1214 1618 lterum
1250 1587 1369 1618 autem
1406 1584 1545 1618 Radero
1582 1584 1756 1629 *scripsit
1791 1585 1957 1620 Embrica

199 1634 254 1668 21.
282 1634 369 1668 Maii
407 1636 516 1670 1613:
552 1636 640 1670 Post
666 1637 805 1671 Pascha
839 1648 878 1671 se
915 1637 1082 1671 Coloniae
1117 1641 1348 1671 monumenta
1386 1638 1569 1672 canisiana
1607 1638 1848 1681 investigasse
1886 1639 1954 1679 ait3

199 1699 300 1732 spem
326 1700 466 1732 quoque
492 1689 559 1723 sibi
595 1702 674 1724 esse
708 1690 794 1732 fore,
829 1693 869 1724 ut
901 1690 1021 1734 aliqua
1048 1691 1090 1724 de
1118 1690 1260 1725 Canisio
1291 1691 1353 1732 „ab
1381 1691 1458 1724 eius
1484 1703 1528 1724 ex
1555 1703 1727 1734 germana
1752 1703 1872 1726 sorore
1898 1703 1957 1726 ne-

198 1744 280 1786 pote
300 1742 434 1776 Jacobo
452 1743 569 1777 Trist“
599 1743 643 1777 ad
670 1755 708 1777 se
734 1744 954 1778 referrentur
981 1745 1042 1785 (ex
1069 1744 1312 1788 autographo3
1340 1744 1363 1778 l.
1384 1756 1412 1778 0.
1431 1756 1464 1778 n.
1485 1744 1559 1784 53).
1608 1745 1810 1789 Antequam
1837 1747 1956 1779 autem

198 1795 350 1829 Iacobus
367 1795 522 1830 Tristius
540 1796 611 1835 ille,
639 1796 823 1830 Godefridi
841 1809 922 1831 vom
942 1797 1062 1831 Triest
1087 1799 1123 1830 et
1143 1797 1376 1831 Wendelinae
1395 1797 1507 1831 Kanis
1528 1798 1578 1840 (V.
1597 1809 1706 1842 supra
1732 1810 1764 1843 p.
1785 1798 1852 1832 326
1870 1799 1957 1842 444)

198 1848 295 1882 filius
321 1851 358 1882 et
386 1850 578 1892 „exconsul
605 1851 929 1892 noviomagensis“‚
965 1851 1009 1884 ad
1036 1850 1186 1884 Hasium
1216 1851 1429 1891 rettulisset,
1464 1850 1585 1894 aliqua
1612 1863 1691 1884 cum
1718 1851 1840 1885 eodem
1867 1863 1958 1885 com-

198 1901 380 1935 municata
416 1905 518 1936 erant
552 1915 572 1937 a
598 1903 717 1937 Iacobi
752 1915 884 1944 sorore,
923 1904 1052 1945 „vidua
1086 1903 1290 1947 religiosa“‚
1326 1904 1436 1938 Xanti
1474 1906 1529 1947 (ut
1564 1904 1722 1947 videtur)
1761 1904 1958 1939 habitante.

200 1954 298 1996 Quae
324 1954 458 1989 Hasius
486 1956 543 1989 vel
570 1968 651 1990 cum
677 1957 810 1990 litteris
837 1957 892 1991 21.
912 1957 997 1990 Maii
1020 1958 1109 1991 1613
1136 1957 1240 1998 datis,
1268 1957 1326 1991 vel
1353 1956 1459 2002 paulo
1486 1959 1570 1991 ante
1588 1957 1631 1991 ad
1652 1957 1831 1991 Raderum
1850 1957 1959 1991 misit.

200 2008 345 2042 Partem
372 2008 477 2042 huius
503 2009 688 2044 relationis
715 2010 817 2054 posui
842 2022 951 2055 supra
987 2022 1020 2055 p.
1049 2010 1133 2050 184;
1170 2011 1240 2044 iam
1267 2022 1358 2055 pono
1389 2013 1527 2055 partem
1558 2010 1667 2052 illam,
1704 2022 1796 2055 quae
1830 2011 1874 2045 ad
1901 2022 1959 2045 res

199 2060 414 2105 Noviomagi
440 2074 461 2096 a
488 2062 630 2097 Canisio
656 2066 780 2107 gestas
807 2064 971 2108 pertinet.

319 2128 368 2171 P.
402 2129 584 2170 Ioannes
614 2131 780 2171 Hasius
814 2131 856 2172 S.
880 2130 923 2171 J.
967 2129 1169 2171 Embrica
1200 2133 1271 2172 21.
1296 2131 1409 2172 Maia·
1442 2132 1557 2172 1613
1597 2132 1657 2172 vel
1690 2133 1823 2185 paulo
1865 2136 1962 2173 ante

202 2193 251 2235 P.
275 2194 487 2235 Matthaeo
521 2194 704 2248 Radero,
749 2195 914 2236 Canisii
956 2196 1246 2251 bioyraphiam
1282 2196 1500 2237 Ilsonaclzii
1537 2197 1728 2250 paranti,
1769 2197 1961 2251 scripsit:

202 2258 313 2298 Dum
346 2272 457 2300 anno
496 2260 606 2300 1565
639 2259 686 2302 P.
709 2259 865 2301 Petrus
893 2259 1089 2301 Canisius
1121 2259 1273 2314 Nuntij
1306 2259 1546 2314 Apostolici
1579 2259 1836 2313 fungeretur
1867 2274 1960 2302 mu-

202 2336 318 2372 nere,
360 2322 507 2366 inuisit
539 2323 670 2366 etiam
702 2324 1018 2377 Nouiomagum
1053 2324 1239 2378 patriam
1272 2338 1407 2375 suam,
1447 2338 1583 2377 eoque
1615 2324 1735 2367 venit
1765 2325 1858 2378 ipso
1892 2325 1960 2366 die

324 2440 334 2459 ¹
360 2438 556 2473 Gerardum
583 2440 780 2483 significari
806 2440 911 2474 valde
938 2441 1119 2485 probabile
1146 2441 1301 2475 efficitur
1327 2452 1371 2475 ex
1397 2441 1450 2483 iis,
1484 2452 1574 2484 quae
1600 2443 1809 2484 sequuntur.

322 2492 335 2512 2
361 2493 524 2535 Aegidia,
561 2495 664 2537 puto:
702 2493 803 2528 cuius
838 2493 934 2528 filius
968 2494 1007 2527 P.
1035 2493 1241 2528 Theodorus
1277 2505 1348 2528 van
1374 2494 1547 2539 Rijswick
1583 2493 1617 2528 S.
1645 2494 1677 2528 J.
1709 2493 1774 2527 sub
1810 2504 1841 2527 a.
1870 2493 1960 2528 1600

205 2544 258 2585 (et
283 2546 453 2588 postea‘9)
481 2545 670 2580 Embricae
698 2549 775 2580 erat
804 2547 1034 2590 (Klezfjntjws
1059 2546 1081 2580 l.
1109 2558 1139 2580 c.
1168 2547 1264 2590 193).

324 2599 336 2616 ³
364 2596 561 2631 Gerardum
587 2598 672 2632 then
699 2598 822 2640 Haeff,
858 2598 1095 2633 Wendelinae
1121 2599 1271 2633 Gerardi
1299 2599 1432 2633 Canisii
1469 2598 1531 2643 (cf.
1558 2611 1666 2643 supra
1692 2611 1725 2643 p.
1744 2599 1828 2641 661)
1866 2598 1961 2632 filiae

205 2649 430 2684 matrimonio
465 2651 657 2686 iunctum?
716 2652 750 2685 Is
787 2654 881 2686 certe
917 2652 1137 2696 aliquamdiu
1174 2652 1357 2686 Calcariae
1392 2652 1528 2686 veteris
1566 2651 1804 2694 (Alt-Calcar)
1843 2651 1961 2685 scriba

206 2702 359 2736 forensis
386 2705 462 2736 erat
490 2704 679 2747 (Sc-holten,
707 2704 772 2738 Die
799 2705 904 2739 Stadt
931 2704 1039 2738 Cleve
1065 2705 1179 2747 440¹).

325 2757 338 2775 4
363 2756 513 2790 Iacobus
552 2756 608 2790 hic
645 2769 753 2791 avum
789 2760 976 2802 paternum
1013 2757 1182 2791 habuisse
1218 2758 1361 2791 videtur
1393 2757 1592 2792 Gerardum
1627 2756 1668 2790 B.
1695 2756 1792 2790 Petri
1829 2756 1962 2790 Canisii

208 2807 355 2841 fratrem
383 2808 476 2851 (Van
501 2810 568 2842 den
594 2811 708 2853 Beryh
736 2810 760 2844 l.
779 2822 807 2844 0.
829 2811 906 2845 162.
949 2812 1164 2854 Kleijntjens
1188 2810 1211 2845 l.
1232 2823 1261 2845 0.
1284 2811 1386 2853 198);
1415 2810 1476 2854 qui
1504 2810 1666 2844 Calcaria
1692 2813 1801 2849 ortus,
1828 2809 1962 2843 Fuldae

208 2859 427 2903 aliquamdiu
454 2862 497 2894 ad
524 2862 664 2896 litteras
691 2865 726 2896 et
751 2863 922 2907 pietatem
949 2863 1149 2905 institutus,
1185 2875 1215 2897 a.
1238 2864 1328 2898 1603
1356 2865 1389 2897 in
1417 2863 1607 2906 collegium
1634 2862 1877 2905 germanicum
1904 2863 1962 2896 ad-

208 2913 350 2953 missus,
386 2925 416 2946 a.
447 2915 535 2949 1606
571 2915 786 2949 Societatem
818 2916 1004 2959 ingressus
1044 2919 1122 2950 erat
1158 2916 1259 2959 (Cod.
1295 2928 1381 2950 rom.
1413 2915 1502 2958 „All
1530 2915 1609 2949 coll.
1637 2914 1775 2948 Germ.“
1815 2926 1848 2959 p.
1881 2915 1960 2949 259.

211 2964 419 2999 Steinhuber
443 2966 465 2999 l.
492 2978 522 3001 c.
550 2967 580 3000 Ι2
604 2968 703 3010 413).

328 3017 341 3036 ⁵
367 3017 419 3051 De
444 3018 511 3052 hoc
536 3031 570 3054 V.
596 3031 705 3064 supra
731 3032 763 3064 p.
783 3021 861 3055 661.

328 3069 340 3089 ⁶
367 3070 532 3104 Iacobum
559 3084 640 3105 vom
667 3072 786 3106 Triest
813 3073 930 3107 dicere
956 3074 1110 3115 videtur,
1138 3074 1180 3107 de
1206 3085 1276 3117 quo
1303 3074 1412 3108 etiam
1438 3074 1495 3108 21.
1514 3072 1599 3107 Maii
1619 3072 1709 3106 1613
1735 3072 1871 3106 scribit.
1922 3072 1961 3105 In

210 3120 362 3164 publicis
397 3123 607 3165 quibusdam
641 3125 772 3159 litteris
806 3126 1028 3169 Noviomago
1062 3129 1097 3161 4.
1132 3127 1255 3160 Martii
1293 3127 1382 3160 1576
1419 3126 1512 3160 datis
1551 3125 1682 3168 „Jacob
1717 3137 1787 3158 van
1820 3125 1957 3158 Triest“

210 3173 379 3207 scabinus
405 3175 502 3208 urbis
529 3179 678 3210 vocatur
705 3177 883 3221 (Joostiwy
910 3178 931 3212 1.
959 3190 989 3212 c.
1016 3179 1113 3222 307).
