<?xml version="1.0" encoding="UTF-8"?>
<!DOCTYPE html PUBLIC "-//W3C//DTD XHTML 1.0 Transitional//EN"
    "http://www.w3.org/TR/xhtml1/DTD/xhtml1-transitional.dtd">
<html xmlns="http://www.w3.org/1999/xhtml" xml:lang="en" lang="en">
 <head>
  <title>
</title>
<meta http-equiv="Content-Type" content="text/html;charset=utf-8" />
  <meta name='ocr-system' content='tesseract 3.04.00' />
  <meta name='ocr-capabilities' content='ocr_page ocr_carea ocr_par ocr_line ocrx_word'/>
</head>
<body>
  <div class='ocr_page' id='page_1' title='image "beatipetricanisi05cani_0936.png"; bbox 0 0 2045 3471; ppageno 0'>
   <div class='ocr_carea' id='block_1_1' title="bbox 230 193 1519 251">
    <p class='ocr_par' dir='ltr' id='par_1_1' title="bbox 230 193 1519 251">
     <span class='ocr_line' id='line_1_1' title="bbox 230 193 1519 251; baseline -0.012 -8"><span class='ocrx_word' id='word_1_1' title='bbox 230 209 314 251; x_wconf 83' lang='lat'>848</span> <span class='ocrx_word' id='word_1_2' title='bbox 695 203 789 236; x_wconf 88' lang='lat' dir='ltr'>Mon.</span> <span class='ocrx_word' id='word_1_3' title='bbox 809 201 876 236; x_wconf 87' lang='grc'>905</span> <span class='ocrx_word' id='word_1_4' title='bbox 903 199 981 234; x_wconf 86' lang='lat' dir='ltr'>sive</span> <span class='ocrx_word' id='word_1_5' title='bbox 1007 209 1082 232; x_wconf 88' lang='lat' dir='ltr'>var.</span> <span class='ocrx_word' id='word_1_6' title='bbox 1105 196 1194 241; x_wconf 81' lang='lat'><strong>(25).</strong></span> <span class='ocrx_word' id='word_1_7' title='bbox 1239 195 1293 230; x_wconf 82' lang='lat'>12.</span> <span class='ocrx_word' id='word_1_8' title='bbox 1311 194 1396 229; x_wconf 81' lang='lat' dir='ltr'>Dec.</span> <span class='ocrx_word' id='word_1_9' title='bbox 1417 193 1519 228; x_wconf 84' lang='lat'><strong>1566.</strong></span> 
     </span>
    </p>
   </div>
   <div class='ocr_carea' id='block_1_2' title="bbox 228 305 1989 739">
    <p class='ocr_par' dir='ltr' id='par_1_2' title="bbox 228 305 1988 581">
     <span class='ocr_line' id='line_1_2' title="bbox 228 305 1986 365; baseline -0.011 -5"><span class='ocrx_word' id='word_1_10' title='bbox 228 326 327 360; x_wconf 88' lang='lat' dir='ltr'>forsa</span> <span class='ocrx_word' id='word_1_11' title='bbox 361 323 492 358; x_wconf 84' lang='lat' dir='ltr'>habbia</span> <span class='ocrx_word' id='word_1_12' title='bbox 526 322 657 357; x_wconf 89' lang='lat' dir='ltr'>sentito</span> <span class='ocrx_word' id='word_1_13' title='bbox 691 319 781 365; x_wconf 89' lang='lat' dir='ltr'>perli</span> <span class='ocrx_word' id='word_1_14' title='bbox 815 318 880 353; x_wconf 88' lang='lat' dir='ltr'>tali</span> <span class='ocrx_word' id='word_1_15' title='bbox 915 317 1115 351; x_wconf 78' lang='lat' dir='ltr'>solamente</span> <span class='ocrx_word' id='word_1_16' title='bbox 1151 326 1249 348; x_wconf 87' lang='lat' dir='ltr'>esser</span> <span class='ocrx_word' id='word_1_17' title='bbox 1284 314 1410 357; x_wconf 88' lang='lat' dir='ltr'>questo</span> <span class='ocrx_word' id='word_1_18' title='bbox 1438 310 1612 355; x_wconf 84' lang='lat' dir='ltr'>Collegio)</span> <span class='ocrx_word' id='word_1_19' title='bbox 1640 322 1659 344; x_wconf 89' lang='lat' dir='ltr'>e</span> <span class='ocrx_word' id='word_1_20' title='bbox 1692 308 1896 343; x_wconf 83' lang='lat' dir='ltr'>necessario</span> <span class='ocrx_word' id='word_1_21' title='bbox 1921 305 1986 341; x_wconf 89' lang='lat' dir='ltr'>che</span> 
     </span>
     <span class='ocr_line' id='line_1_3' title="bbox 230 364 1988 423; baseline -0.01 -11"><span class='ocrx_word' id='word_1_22' title='bbox 230 377 319 423; x_wconf 86' lang='lat' dir='ltr'>pigli</span> <span class='ocrx_word' id='word_1_23' title='bbox 344 377 437 411; x_wconf 82' lang='lat' dir='ltr'>altro</span> <span class='ocrx_word' id='word_1_24' title='bbox 463 375 606 421; x_wconf 77' lang='lat' dir='ltr'>partito,</span> <span class='ocrx_word' id='word_1_25' title='bbox 637 377 673 408; x_wconf 87' lang='lat' dir='ltr'>et</span> <span class='ocrx_word' id='word_1_26' title='bbox 698 369 848 407; x_wconf 84' lang='lat' dir='ltr'>uolendo</span> <span class='ocrx_word' id='word_1_27' title='bbox 874 382 959 405; x_wconf 88' lang='lat' dir='ltr'>sene</span> <span class='ocrx_word' id='word_1_28' title='bbox 985 369 1096 403; x_wconf 88' lang='lat' dir='ltr'>andar</span> <span class='ocrx_word' id='word_1_29' title='bbox 1122 368 1157 401; x_wconf 93' lang='lat' dir='ltr'>in</span> <span class='ocrx_word' id='word_1_30' title='bbox 1183 366 1333 408; x_wconf 84' lang='lat' dir='ltr'>Vienna,</span> <span class='ocrx_word' id='word_1_31' title='bbox 1369 365 1416 399; x_wconf 90' lang='lat' dir='ltr'>ha</span> <span class='ocrx_word' id='word_1_32' title='bbox 1441 364 1615 399; x_wconf 85' lang='lat' dir='ltr'>ricercato</span> <span class='ocrx_word' id='word_1_33' title='bbox 1641 374 1760 397; x_wconf 82' lang='lat' dir='ltr'>essere</span> <span class='ocrx_word' id='word_1_34' title='bbox 1785 371 1988 395; x_wconf 87' lang='lat' dir='ltr'>raccoman-</span> 
     </span>
     <span class='ocr_line' id='line_1_4' title="bbox 230 413 1988 470; baseline -0.011 -5"><span class='ocrx_word' id='word_1_35' title='bbox 230 431 313 465; x_wconf 91' lang='lat' dir='ltr'>dato</span> <span class='ocrx_word' id='word_1_36' title='bbox 338 432 359 464; x_wconf 80' lang='lat' dir='ltr'>a</span> <span class='ocrx_word' id='word_1_37' title='bbox 385 430 427 463; x_wconf 92' lang='lat' dir='ltr'>V.</span> <span class='ocrx_word' id='word_1_38' title='bbox 448 429 487 462; x_wconf 81' lang='lat' dir='ltr'>R.</span> <span class='ocrx_word' id='word_1_39' title='bbox 515 440 613 462; x_wconf 89' lang='lat' dir='ltr'>come</span> <span class='ocrx_word' id='word_1_40' title='bbox 640 426 747 470; x_wconf 85' lang='lat' dir='ltr'>glielo</span> <span class='ocrx_word' id='word_1_41' title='bbox 773 423 1018 459; x_wconf 88' lang='lat' dir='ltr'>raccomando.</span> <span class='ocrx_word' id='word_1_42' title='bbox 1071 421 1135 455; x_wconf 84' lang='lat' dir='ltr'>Lui</span> <span class='ocrx_word' id='word_1_43' title='bbox 1163 423 1181 454; x_wconf 78' lang='grc'>6</span> <span class='ocrx_word' id='word_1_44' title='bbox 1216 421 1311 454; x_wconf 89' lang='lat' dir='ltr'>stato</span> <span class='ocrx_word' id='word_1_45' title='bbox 1346 417 1509 453; x_wconf 83' lang='lat' dir='ltr'>scholare</span> <span class='ocrx_word' id='word_1_46' title='bbox 1543 418 1666 451; x_wconf 87' lang='lat' dir='ltr'>nostro</span> <span class='ocrx_word' id='word_1_47' title='bbox 1691 414 1749 449; x_wconf 88' lang='lat' dir='ltr'>ala</span> <span class='ocrx_word' id='word_1_48' title='bbox 1781 413 1919 456; x_wconf 90' lang='lat' dir='ltr'>lungha</span> <span class='ocrx_word' id='word_1_49' title='bbox 1951 413 1988 446; x_wconf 91' lang='lat' dir='ltr'>in</span> 
     </span>
     <span class='ocr_line' id='line_1_5' title="bbox 230 466 1987 527; baseline -0.011 -9"><span class='ocrx_word' id='word_1_50' title='bbox 230 482 467 527; x_wconf 82' lang='lat' dir='ltr'>Jngolstadio‚</span> <span class='ocrx_word' id='word_1_51' title='bbox 502 483 538 515; x_wconf 88' lang='lat' dir='ltr'>et</span> <span class='ocrx_word' id='word_1_52' title='bbox 563 491 672 525; x_wconf 89' lang='lat' dir='ltr'>penso</span> <span class='ocrx_word' id='word_1_53' title='bbox 699 479 764 513; x_wconf 91' lang='lat' dir='ltr'>che</span> <span class='ocrx_word' id='word_1_54' title='bbox 791 477 815 511; x_wconf 94' lang='lat' dir='ltr'>il</span> <span class='ocrx_word' id='word_1_55' title='bbox 841 477 945 510; x_wconf 87' lang='lat' dir='ltr'>fauor</span> <span class='ocrx_word' id='word_1_56' title='bbox 979 475 1044 509; x_wconf 89' lang='lat' dir='ltr'>che</span> <span class='ocrx_word' id='word_1_57' title='bbox 1070 474 1113 508; x_wconf 90' lang='lat' dir='ltr'>V.</span> <span class='ocrx_word' id='word_1_58' title='bbox 1132 473 1174 508; x_wconf 82' lang='lat' dir='ltr'>R.</span> <span class='ocrx_word' id='word_1_59' title='bbox 1201 472 1226 507; x_wconf 92' lang='lat' dir='ltr'>li</span> <span class='ocrx_word' id='word_1_60' title='bbox 1252 473 1341 512; x_wconf 84' lang='lat' dir='ltr'>fara,</span> <span class='ocrx_word' id='word_1_61' title='bbox 1377 471 1413 505; x_wconf 92' lang='lat' dir='ltr'>in</span> <span class='ocrx_word' id='word_1_62' title='bbox 1438 473 1562 505; x_wconf 88' lang='lat' dir='ltr'>trouar</span> <span class='ocrx_word' id='word_1_63' title='bbox 1591 468 1744 514; x_wconf 85' lang='lat' dir='ltr'>qualche</span> <span class='ocrx_word' id='word_1_64' title='bbox 1770 466 1987 507; x_wconf 81' lang='lat' dir='ltr'>condicione,</span> 
     </span>
     <span class='ocr_line' id='line_1_6' title="bbox 230 531 851 581; baseline -0.013 -10"><span class='ocrx_word' id='word_1_65' title='bbox 230 549 250 571; x_wconf 92' lang='lat' dir='ltr'>o</span> <span class='ocrx_word' id='word_1_66' title='bbox 276 535 419 581; x_wconf 70' lang='lat' dir='ltr'>partim,</span> <span class='ocrx_word' id='word_1_67' title='bbox 445 546 527 569; x_wconf 84' lang='lat' dir='ltr'>sara</span> <span class='ocrx_word' id='word_1_68' title='bbox 553 534 620 567; x_wconf 90' lang='lat' dir='ltr'>ben</span> <span class='ocrx_word' id='word_1_69' title='bbox 647 531 851 566; x_wconf 64' lang='lat' dir='ltr'>collocatoa.</span> 
     </span>
    </p>

    <p class='ocr_par' dir='ltr' id='par_1_3' title="bbox 229 571 1989 739">
     <span class='ocr_line' id='line_1_7' title="bbox 350 571 1989 632; baseline -0.01 -10"><span class='ocrx_word' id='word_1_70' title='bbox 350 589 494 632; x_wconf 63' lang='grc' dir='ltr'><em>Μαρίας</em></span> <span class='ocrx_word' id='word_1_71' title='bbox 520 585 730 619; x_wconf 87' lang='lat' dir='ltr'>Vindobona</span> <span class='ocrx_word' id='word_1_72' title='bbox 754 584 810 618; x_wconf 80' lang='lat'>27.</span> <span class='ocrx_word' id='word_1_73' title='bbox 830 581 1015 616; x_wconf 81' lang='lat' dir='ltr'>Februarii</span> <span class='ocrx_word' id='word_1_74' title='bbox 1044 580 1133 614; x_wconf 84' lang='lat'>1567</span> <span class='ocrx_word' id='word_1_75' title='bbox 1161 578 1314 621; x_wconf 87' lang='lat' dir='ltr'>Borgiae</span> <span class='ocrx_word' id='word_1_76' title='bbox 1345 578 1387 612; x_wconf 93' lang='lat' dir='ltr'>de</span> <span class='ocrx_word' id='word_1_77' title='bbox 1414 574 1609 610; x_wconf 88' lang='lat' dir='ltr'>Eustachio</span> <span class='ocrx_word' id='word_1_78' title='bbox 1635 573 1826 619; x_wconf 79' lang='lat' dir='ltr'>*scripsitz</span> <span class='ocrx_word' id='word_1_79' title='bbox 1866 571 1989 615; x_wconf 81' lang='lat' dir='ltr'>„Dedi-</span> 
     </span>
     <span class='ocr_line' id='line_1_8' title="bbox 229 625 1988 686; baseline -0.01 -10"><span class='ocrx_word' id='word_1_80' title='bbox 229 653 309 676; x_wconf 89' lang='lat' dir='ltr'>mus</span> <span class='ocrx_word' id='word_1_81' title='bbox 347 652 491 686; x_wconf 85' lang='lat' dir='ltr'>operam</span> <span class='ocrx_word' id='word_1_82' title='bbox 529 639 653 673; x_wconf 83' lang='lat' dir='ltr'>statim</span> <span class='ocrx_word' id='word_1_83' title='bbox 688 640 728 671; x_wconf 89' lang='lat' dir='ltr'>vt</span> <span class='ocrx_word' id='word_1_84' title='bbox 763 637 949 670; x_wconf 81' lang='lat' dir='ltr'>honestam</span> <span class='ocrx_word' id='word_1_85' title='bbox 989 633 1146 678; x_wconf 85' lang='lat' dir='ltr'>aliquam</span> <span class='ocrx_word' id='word_1_86' title='bbox 1187 632 1337 666; x_wconf 87' lang='lat' dir='ltr'>haberet</span> <span class='ocrx_word' id='word_1_87' title='bbox 1371 629 1628 665; x_wconf 85' lang='lat' dir='ltr'>conditionem“</span> <span class='ocrx_word' id='word_1_88' title='bbox 1673 628 1735 671; x_wconf 88' lang='lat' dir='ltr'>(ex</span> <span class='ocrx_word' id='word_1_89' title='bbox 1772 625 1988 670; x_wconf 86' lang='lat' dir='ltr'>archetyp0;</span> 
     </span>
     <span class='ocr_line' id='line_1_9' title="bbox 234 692 646 739; baseline -0.012 -9"><span class='ocrx_word' id='word_1_90' title='bbox 234 695 298 738; x_wconf 81' lang='lat' dir='ltr'>„G.</span> <span class='ocrx_word' id='word_1_91' title='bbox 318 695 381 739; x_wconf 88' lang='lat' dir='ltr'>Ep.</span> <span class='ocrx_word' id='word_1_92' title='bbox 402 693 504 727; x_wconf 83' lang='lat' dir='ltr'>VllI“</span> <span class='ocrx_word' id='word_1_93' title='bbox 536 693 560 726; x_wconf 87' lang='lat' dir='ltr'>f.</span> <span class='ocrx_word' id='word_1_94' title='bbox 578 692 646 735; x_wconf 70' lang='lat'><strong>4&#39;2).</strong></span> 
     </span>
    </p>
   </div>
   <div class='ocr_carea' id='block_1_3' title="bbox 232 805 1210 856">
    <p class='ocr_par' dir='ltr' id='par_1_4' title="bbox 232 805 1210 856">
     <span class='ocr_line' id='line_1_10' title="bbox 232 805 1210 856; baseline -0.01 -5"><span class='ocrx_word' id='word_1_95' title='bbox 232 814 340 851; x_wconf 79' lang='lat'>905</span> <span class='ocrx_word' id='word_1_96' title='bbox 367 815 445 849; x_wconf 82' lang='lat' dir='ltr'>sive</span> <span class='ocrx_word' id='word_1_97' title='bbox 471 822 585 848; x_wconf 81' lang='lat' dir='ltr'>var.</span> <span class='ocrx_word' id='word_1_98' title='bbox 605 810 740 856; x_wconf 76' lang='lat'><strong>(25).</strong></span> <span class='ocrx_word' id='word_1_99' title='bbox 814 808 862 845; x_wconf 80' lang='lat'>12.</span> <span class='ocrx_word' id='word_1_100' title='bbox 883 806 1090 844; x_wconf 79' lang='lat' dir='ltr'>Decembris</span> <span class='ocrx_word' id='word_1_101' title='bbox 1116 805 1210 842; x_wconf 87' lang='lat'><strong>1566.</strong></span> 
     </span>
    </p>
   </div>
   <div class='ocr_carea' id='block_1_4' title="bbox 232 877 1991 990">
    <p class='ocr_par' dir='ltr' id='par_1_5' title="bbox 232 877 1991 990">
     <span class='ocr_line' id='line_1_11' title="bbox 351 877 1991 934; baseline -0.009 -9"><span class='ocrx_word' id='word_1_102' title='bbox 351 891 406 925; x_wconf 81' lang='lat' dir='ltr'>Ex</span> <span class='ocrx_word' id='word_1_103' title='bbox 431 890 638 934; x_wconf 83' lang='lat' dir='ltr'>archetypo,</span> <span class='ocrx_word' id='word_1_104' title='bbox 665 900 686 922; x_wconf 90' lang='lat' dir='ltr'>a</span> <span class='ocrx_word' id='word_1_105' title='bbox 703 888 743 922; x_wconf 88' lang='lat' dir='ltr'>P.</span> <span class='ocrx_word' id='word_1_106' title='bbox 762 887 897 922; x_wconf 88' lang='lat' dir='ltr'>Didaco</span> <span class='ocrx_word' id='word_1_107' title='bbox 915 886 1076 921; x_wconf 85' lang='lat' dir='ltr'>Jimenez</span> <span class='ocrx_word' id='word_1_108' title='bbox 1093 885 1228 929; x_wconf 87' lang='lat' dir='ltr'>scripto</span> <span class='ocrx_word' id='word_1_109' title='bbox 1247 885 1282 917; x_wconf 91' lang='lat' dir='ltr'>et</span> <span class='ocrx_word' id='word_1_110' title='bbox 1299 894 1320 916; x_wconf 89' lang='lat' dir='ltr'>a</span> <span class='ocrx_word' id='word_1_111' title='bbox 1338 883 1377 916; x_wconf 90' lang='lat' dir='ltr'>P.</span> <span class='ocrx_word' id='word_1_112' title='bbox 1397 881 1615 925; x_wconf 86' lang='lat' dir='ltr'>Hieronymo</span> <span class='ocrx_word' id='word_1_113' title='bbox 1632 877 1762 913; x_wconf 86' lang='lat' dir='ltr'>Natale</span> <span class='ocrx_word' id='word_1_114' title='bbox 1779 877 1991 922; x_wconf 80' lang='lat' dir='ltr'>subscripto,</span> 
     </span>
     <span class='ocr_line' id='line_1_12' title="bbox 232 929 1990 990; baseline -0.009 -11"><span class='ocrx_word' id='word_1_115' title='bbox 232 945 324 990; x_wconf 90' lang='lat' dir='ltr'>quod</span> <span class='ocrx_word' id='word_1_116' title='bbox 345 947 467 978; x_wconf 80' lang='lat' dir='ltr'>exstat</span> <span class='ocrx_word' id='word_1_117' title='bbox 484 944 518 977; x_wconf 90' lang='lat' dir='ltr'>in</span> <span class='ocrx_word' id='word_1_118' title='bbox 538 943 637 985; x_wconf 72' lang='lat' dir='ltr'>„EN“</span> <span class='ocrx_word' id='word_1_119' title='bbox 661 954 694 976; x_wconf 92' lang='lat' dir='ltr'>n.</span> <span class='ocrx_word' id='word_1_120' title='bbox 716 942 793 976; x_wconf 84' lang='lat'><strong>166.</strong></span> <span class='ocrx_word' id='word_1_121' title='bbox 829 940 946 974; x_wconf 88' lang='lat' dir='ltr'>Etiam</span> <span class='ocrx_word' id='word_1_122' title='bbox 968 940 1029 982; x_wconf 88' lang='lat' dir='ltr'>(ex</span> <span class='ocrx_word' id='word_1_123' title='bbox 1047 938 1171 973; x_wconf 86' lang='lat' dir='ltr'>eodem</span> <span class='ocrx_word' id='word_1_124' title='bbox 1191 935 1402 981; x_wconf 83' lang='lat' dir='ltr'>archetypo)</span> <span class='ocrx_word' id='word_1_125' title='bbox 1422 935 1457 969; x_wconf 92' lang='lat' dir='ltr'>in</span> <span class='ocrx_word' id='word_1_126' title='bbox 1476 934 1564 979; x_wconf 82' lang='lat' dir='ltr'>Epp.</span> <span class='ocrx_word' id='word_1_127' title='bbox 1583 934 1706 967; x_wconf 84' lang='lat' dir='ltr'>Nadal</span> <span class='ocrx_word' id='word_1_128' title='bbox 1723 932 1774 965; x_wconf 84' lang='lat' dir='ltr'>III</span> <span class='ocrx_word' id='word_1_129' title='bbox 1792 931 1897 966; x_wconf 83' lang='lat'><strong>343—</strong></span> <span class='ocrx_word' id='word_1_130' title='bbox 1911 929 1990 965; x_wconf 86' lang='lat'><strong>345.</strong></span> 
     </span>
    </p>
   </div>
   <div class='ocr_carea' id='block_1_5' title="bbox 232 1002 1994 1379">
    <p class='ocr_par' dir='ltr' id='par_1_6' title="bbox 232 1002 1994 1379">
     <span class='ocr_line' id='line_1_13' title="bbox 353 1002 1992 1057; baseline -0.009 -8"><span class='ocrx_word' id='word_1_131' title='bbox 353 1016 389 1049; x_wconf 87' lang='lat' dir='ltr'>P.</span> <span class='ocrx_word' id='word_1_132' title='bbox 418 1017 659 1057; x_wconf 74' lang='lat' dir='ltr'>Hieronymus</span> <span class='ocrx_word' id='word_1_133' title='bbox 693 1014 838 1047; x_wconf 75' lang='lat' dir='ltr'>Natalis</span> <span class='ocrx_word' id='word_1_134' title='bbox 872 1014 909 1046; x_wconf 90' lang='lat' dir='ltr'>S.</span> <span class='ocrx_word' id='word_1_135' title='bbox 936 1012 1172 1045; x_wconf 68' lang='lat' dir='ltr'>Franciscum</span> <span class='ocrx_word' id='word_1_136' title='bbox 1210 1010 1382 1051; x_wconf 75' lang='lat' dir='ltr'>Boryiam</span> <span class='ocrx_word' id='word_1_137' title='bbox 1418 1009 1551 1039; x_wconf 83' lang='lat' dir='ltr'>monet:</span> <span class='ocrx_word' id='word_1_138' title='bbox 1593 1005 1677 1038; x_wconf 81' lang='lat' dir='ltr'>Cum</span> <span class='ocrx_word' id='word_1_139' title='bbox 1714 1005 1752 1036; x_wconf 82' lang='lat' dir='ltr'>in</span> <span class='ocrx_word' id='word_1_140' title='bbox 1795 1002 1992 1036; x_wconf 77' lang='lat' dir='ltr'>Germania</span> 
     </span>
     <span class='ocr_line' id='line_1_14' title="bbox 232 1056 1992 1112; baseline -0.009 -10"><span class='ocrx_word' id='word_1_141' title='bbox 232 1070 402 1112; x_wconf 67' lang='lat' dir='ltr'>episcopis</span> <span class='ocrx_word' id='word_1_142' title='bbox 426 1080 526 1111; x_wconf 76' lang='lat' dir='ltr'>saepe</span> <span class='ocrx_word' id='word_1_143' title='bbox 552 1079 619 1101; x_wconf 79' lang='lat' dir='ltr'>non</span> <span class='ocrx_word' id='word_1_144' title='bbox 647 1070 834 1110; x_wconf 77' lang='lat' dir='ltr'>suppetant</span> <span class='ocrx_word' id='word_1_145' title='bbox 860 1066 932 1098; x_wconf 75' lang='lat' dir='ltr'>nisi</span> <span class='ocrx_word' id='word_1_146' title='bbox 955 1065 1106 1107; x_wconf 79' lang='lat' dir='ltr'>suspecti</span> <span class='ocrx_word' id='word_1_147' title='bbox 1129 1062 1280 1106; x_wconf 76' lang='lat' dir='ltr'>parochi</span> <span class='ocrx_word' id='word_1_148' title='bbox 1310 1061 1359 1094; x_wconf 82' lang='lat' dir='ltr'>rel</span> <span class='ocrx_word' id='word_1_149' title='bbox 1388 1059 1655 1096; x_wconf 76' lang='lat' dir='ltr'>concubinarii,</span> <span class='ocrx_word' id='word_1_150' title='bbox 1691 1068 1732 1090; x_wconf 79' lang='lat' dir='ltr'>ae</span> <span class='ocrx_word' id='word_1_151' title='bbox 1761 1056 1992 1100; x_wconf 79' lang='lat' dir='ltr'>parochiani,</span> 
     </span>
     <span class='ocr_line' id='line_1_15' title="bbox 233 1109 1993 1161; baseline -0.008 -6"><span class='ocrx_word' id='word_1_152' title='bbox 233 1123 305 1155; x_wconf 79' lang='lat' dir='ltr'>nisi</span> <span class='ocrx_word' id='word_1_153' title='bbox 329 1123 533 1155; x_wconf 74' lang='lat' dir='ltr'>huiusmodi</span> <span class='ocrx_word' id='word_1_154' title='bbox 558 1122 714 1154; x_wconf 83' lang='lat' dir='ltr'>homines</span> <span class='ocrx_word' id='word_1_155' title='bbox 737 1121 784 1153; x_wconf 84' lang='lat' dir='ltr'>iis</span> <span class='ocrx_word' id='word_1_156' title='bbox 809 1120 1059 1161; x_wconf 74' lang='lat' dir='ltr'>concedantur,</span> <span class='ocrx_word' id='word_1_157' title='bbox 1093 1117 1285 1150; x_wconf 81' lang='lat' dir='ltr'>haereticos</span> <span class='ocrx_word' id='word_1_158' title='bbox 1310 1117 1500 1157; x_wconf 75' lang='lat' dir='ltr'>arcessant,</span> <span class='ocrx_word' id='word_1_159' title='bbox 1526 1113 1594 1145; x_wconf 82' lang='lat' dir='ltr'>sibi</span> <span class='ocrx_word' id='word_1_160' title='bbox 1619 1115 1649 1144; x_wconf 81' lang='lat' dir='ltr'>et</span> <span class='ocrx_word' id='word_1_161' title='bbox 1678 1112 1823 1144; x_wconf 80' lang='lat' dir='ltr'>Canisio</span> <span class='ocrx_word' id='word_1_162' title='bbox 1848 1109 1993 1142; x_wconf 47' lang='lat' dir='ltr'>‘utilissi-</span> 
     </span>
     <span class='ocr_line' id='line_1_16' title="bbox 233 1164 1993 1217; baseline -0.007 -10"><span class='ocrx_word' id='word_1_163' title='bbox 233 1187 328 1208; x_wconf 82' lang='lat' dir='ltr'>mum</span> <span class='ocrx_word' id='word_1_164' title='bbox 353 1178 432 1217; x_wconf 85' lang='lat' dir='ltr'>fore</span> <span class='ocrx_word' id='word_1_165' title='bbox 457 1175 581 1217; x_wconf 77' lang='lat' dir='ltr'>rideri,</span> <span class='ocrx_word' id='word_1_166' title='bbox 615 1175 658 1217; x_wconf 79' lang='lat' dir='ltr'>si,</span> <span class='ocrx_word' id='word_1_167' title='bbox 693 1175 802 1207; x_wconf 83' lang='lat' dir='ltr'>donec</span> <span class='ocrx_word' id='word_1_168' title='bbox 821 1173 946 1216; x_wconf 79' lang='lat' dir='ltr'>plures</span> <span class='ocrx_word' id='word_1_169' title='bbox 971 1171 1169 1204; x_wconf 72' lang='lat' dir='ltr'>sacerdotes</span> <span class='ocrx_word' id='word_1_170' title='bbox 1194 1170 1277 1202; x_wconf 84' lang='lat' dir='ltr'>boni</span> <span class='ocrx_word' id='word_1_171' title='bbox 1299 1172 1442 1211; x_wconf 77' lang='lat' dir='ltr'>praesto</span> <span class='ocrx_word' id='word_1_172' title='bbox 1467 1168 1548 1205; x_wconf 76' lang='lat' dir='ltr'>sint,</span> <span class='ocrx_word' id='word_1_173' title='bbox 1584 1166 1687 1198; x_wconf 82' lang='lat' dir='ltr'>binae</span> <span class='ocrx_word' id='word_1_174' title='bbox 1712 1165 1762 1197; x_wconf 73' lang='lat' dir='ltr'>rel</span> <span class='ocrx_word' id='word_1_175' title='bbox 1782 1164 1907 1207; x_wconf 79' lang='lat' dir='ltr'>plures</span> <span class='ocrx_word' id='word_1_176' title='bbox 1930 1172 1993 1205; x_wconf 78' lang='lat' dir='ltr'>pa-</span> 
     </span>
     <span class='ocr_line' id='line_1_17' title="bbox 233 1217 1994 1271; baseline -0.008 -9"><span class='ocrx_word' id='word_1_177' title='bbox 233 1229 376 1262; x_wconf 79' lang='lat' dir='ltr'>rochiae</span> <span class='ocrx_word' id='word_1_178' title='bbox 404 1230 466 1261; x_wconf 76' lang='lat' dir='ltr'>uni</span> <span class='ocrx_word' id='word_1_179' title='bbox 487 1229 647 1271; x_wconf 67' lang='lat' dir='ltr'>parocho</span> <span class='ocrx_word' id='word_1_180' title='bbox 666 1228 781 1270; x_wconf 75' lang='lat' dir='ltr'>probo</span> <span class='ocrx_word' id='word_1_181' title='bbox 806 1227 1003 1259; x_wconf 75' lang='lat' dir='ltr'>tradantur</span> <span class='ocrx_word' id='word_1_182' title='bbox 1028 1229 1058 1257; x_wconf 76' lang='lat' dir='ltr'>et</span> <span class='ocrx_word' id='word_1_183' title='bbox 1084 1226 1121 1256; x_wconf 77' lang='lat' dir='ltr'>in</span> <span class='ocrx_word' id='word_1_184' title='bbox 1146 1223 1299 1265; x_wconf 63' lang='lat' dir='ltr'>singulis</span> <span class='ocrx_word' id='word_1_185' title='bbox 1324 1222 1473 1254; x_wconf 81' lang='lat' dir='ltr'>clericus</span> <span class='ocrx_word' id='word_1_186' title='bbox 1507 1220 1715 1262; x_wconf 73' lang='lat' dir='ltr'>coninyatas</span> <span class='ocrx_word' id='word_1_187' title='bbox 1739 1218 1831 1251; x_wconf 81' lang='lat' dir='ltr'>iusto</span> <span class='ocrx_word' id='word_1_188' title='bbox 1855 1217 1994 1250; x_wconf 77' lang='lat' dir='ltr'>salario</span> 
     </span>
     <span class='ocr_line' id='line_1_18' title="bbox 233 1269 1994 1325; baseline -0.008 -10"><span class='ocrx_word' id='word_1_189' title='bbox 233 1284 481 1324; x_wconf 70' lang='lat' dir='ltr'>constituatur,</span> <span class='ocrx_word' id='word_1_190' title='bbox 508 1283 569 1325; x_wconf 77' lang='lat' dir='ltr'>qui</span> <span class='ocrx_word' id='word_1_191' title='bbox 587 1281 785 1314; x_wconf 79' lang='lat' dir='ltr'>doctrinam</span> <span class='ocrx_word' id='word_1_192' title='bbox 805 1280 1039 1312; x_wconf 75' lang='lat' dir='ltr'>christianam</span> <span class='ocrx_word' id='word_1_193' title='bbox 1058 1282 1088 1310; x_wconf 76' lang='lat' dir='ltr'>et</span> <span class='ocrx_word' id='word_1_194' title='bbox 1106 1276 1320 1318; x_wconf 61' lang='lat' dir='ltr'>evangelium</span> <span class='ocrx_word' id='word_1_195' title='bbox 1340 1273 1550 1317; x_wconf 72' lang='lat' dir='ltr'>explicando</span> <span class='ocrx_word' id='word_1_196' title='bbox 1568 1275 1609 1315; x_wconf 81' lang='lat' dir='ltr'>et,</span> <span class='ocrx_word' id='word_1_197' title='bbox 1627 1283 1705 1304; x_wconf 82' lang='lat' dir='ltr'>cum</span> <span class='ocrx_word' id='word_1_198' title='bbox 1722 1281 1854 1304; x_wconf 85' lang='lat' dir='ltr'>necesse</span> <span class='ocrx_word' id='word_1_199' title='bbox 1869 1269 1994 1312; x_wconf 73' lang='lat' dir='ltr'>fuerit,</span> 
     </span>
     <span class='ocr_line' id='line_1_19' title="bbox 233 1328 1468 1379; baseline -0.007 -11"><span class='ocrx_word' id='word_1_200' title='bbox 233 1336 448 1379; x_wconf 70' lang='lat' dir='ltr'>baptizando</span> <span class='ocrx_word' id='word_1_201' title='bbox 471 1334 669 1378; x_wconf 72' lang='lat' dir='ltr'>paroclium</span> <span class='ocrx_word' id='word_1_202' title='bbox 696 1336 785 1366; x_wconf 67' lang='lat' dir='ltr'>iuret</span> <span class='ocrx_word' id='word_1_203' title='bbox 807 1332 1046 1376; x_wconf 73' lang='lat' dir='ltr'>populumque</span> <span class='ocrx_word' id='word_1_204' title='bbox 1071 1331 1109 1363; x_wconf 86' lang='lat' dir='ltr'>in</span> <span class='ocrx_word' id='word_1_205' title='bbox 1137 1330 1255 1372; x_wconf 82' lang='lat' dir='ltr'>officio</span> <span class='ocrx_word' id='word_1_206' title='bbox 1281 1328 1468 1362; x_wconf 75' lang='lat' dir='ltr'>contineat.</span> 
     </span>
    </p>
   </div>
   <div class='ocr_carea' id='block_1_6' title="bbox 234 1402 2000 2697">
    <p class='ocr_par' dir='ltr' id='par_1_7' title="bbox 234 1402 2000 2697">
     <span class='ocr_line' id='line_1_20' title="bbox 356 1402 1995 1466; baseline -0.008 -12"><span class='ocrx_word' id='word_1_207' title='bbox 356 1414 404 1454; x_wconf 79' lang='lat' dir='ltr'>P.</span> <span class='ocrx_word' id='word_1_208' title='bbox 428 1413 714 1466; x_wconf 70' lang='lat' dir='ltr'>Hieronymus</span> <span class='ocrx_word' id='word_1_209' title='bbox 748 1411 919 1451; x_wconf 74' lang='lat' dir='ltr'>Natalis</span> <span class='ocrx_word' id='word_1_210' title='bbox 941 1411 985 1451; x_wconf 80' lang='lat' dir='ltr'>S.</span> <span class='ocrx_word' id='word_1_211' title='bbox 1004 1408 1062 1461; x_wconf 59' lang='lat' dir='ltr'>J„</span> <span class='ocrx_word' id='word_1_212' title='bbox 1094 1408 1311 1463; x_wconf 79' lang='lat' dir='ltr'>provincia</span> <span class='ocrx_word' id='word_1_213' title='bbox 1345 1404 1579 1460; x_wconf 67' lang='lat' dir='ltr'>superioris</span> <span class='ocrx_word' id='word_1_214' title='bbox 1612 1403 1869 1444; x_wconf 71' lang='lat' dir='ltr'>Germaniae</span> <span class='ocrx_word' id='word_1_215' title='bbox 1899 1402 1995 1442; x_wconf 85' lang='lat' dir='ltr'>visi-</span> 
     </span>
     <span class='ocr_line' id='line_1_21' title="bbox 235 1467 1996 1532; baseline -0.007 -13"><span class='ocrx_word' id='word_1_216' title='bbox 235 1483 338 1532; x_wconf 72' lang='lat' dir='ltr'>tata,</span> <span class='ocrx_word' id='word_1_217' title='bbox 373 1478 440 1519; x_wconf 79' lang='lat' dir='ltr'>die</span> <span class='ocrx_word' id='word_1_218' title='bbox 473 1480 539 1519; x_wconf 69' lang='lat'>12.</span> <span class='ocrx_word' id='word_1_219' title='bbox 573 1477 814 1518; x_wconf 74' lang='lat' dir='ltr'>Decembris</span> <span class='ocrx_word' id='word_1_220' title='bbox 847 1477 961 1517; x_wconf 72' lang='lat'><strong><em>1566</em></strong></span> <span class='ocrx_word' id='word_1_221' title='bbox 993 1474 1124 1529; x_wconf 79' lang='lat' dir='ltr'>Spira</span> <span class='ocrx_word' id='word_1_222' title='bbox 1157 1473 1215 1513; x_wconf 84' lang='lat' dir='ltr'>ad</span> <span class='ocrx_word' id='word_1_223' title='bbox 1248 1474 1450 1514; x_wconf 77' lang='lat' dir='ltr'>Sanctum</span> <span class='ocrx_word' id='word_1_224' title='bbox 1482 1469 1760 1511; x_wconf 71' lang='lat' dir='ltr'>Franeiseuin</span> <span class='ocrx_word' id='word_1_225' title='bbox 1794 1467 1996 1521; x_wconf 71' lang='lat' dir='ltr'>Boryiam</span> 
     </span>
     <span class='ocr_line' id='line_1_22' title="bbox 234 1532 1996 1599; baseline -0.007 -14"><span class='ocrx_word' id='word_1_226' title='bbox 234 1545 519 1599; x_wconf 73' lang='lat' dir='ltr'>praepositum</span> <span class='ocrx_word' id='word_1_227' title='bbox 551 1543 785 1597; x_wconf 61' lang='lat' dir='ltr'>qemi-alem</span> <span class='ocrx_word' id='word_1_228' title='bbox 822 1541 1041 1595; x_wconf 71' lang='lat' dir='ltr'>epistulam</span> <span class='ocrx_word' id='word_1_229' title='bbox 1066 1539 1192 1590; x_wconf 76' lang='lat' dir='ltr'>(ledit,</span> <span class='ocrx_word' id='word_1_230' title='bbox 1226 1539 1272 1578; x_wconf 87' lang='lat' dir='ltr'>in</span> <span class='ocrx_word' id='word_1_231' title='bbox 1304 1551 1387 1591; x_wconf 80' lang='lat' dir='ltr'>qua</span> <span class='ocrx_word' id='word_1_232' title='bbox 1413 1550 1503 1577; x_wconf 81' lang='lat' dir='ltr'>cum</span> <span class='ocrx_word' id='word_1_233' title='bbox 1528 1535 1639 1576; x_wconf 79' lang='lat' dir='ltr'>alias</span> <span class='ocrx_word' id='word_1_234' title='bbox 1662 1533 1918 1574; x_wconf 78' lang='lat' dir='ltr'>Germaniae</span> <span class='ocrx_word' id='word_1_235' title='bbox 1950 1532 1996 1572; x_wconf 87' lang='lat' dir='ltr'>in</span> 
     </span>
     <span class='ocr_line' id='line_1_23' title="bbox 236 1597 1997 1663; baseline -0.007 -14"><span class='ocrx_word' id='word_1_236' title='bbox 236 1609 360 1650; x_wconf 79' lang='lat' dir='ltr'>rebus</span> <span class='ocrx_word' id='word_1_237' title='bbox 395 1609 607 1663; x_wconf 70' lang='lat' dir='ltr'>reliyionis</span> <span class='ocrx_word' id='word_1_238' title='bbox 638 1608 853 1648; x_wconf 74' lang='lat' dir='ltr'>iuvandae</span> <span class='ocrx_word' id='word_1_239' title='bbox 876 1607 1072 1656; x_wconf 81' lang='lat' dir='ltr'>rationes,</span> <span class='ocrx_word' id='word_1_240' title='bbox 1105 1609 1191 1644; x_wconf 76' lang='lat' dir='ltr'>tum</span> <span class='ocrx_word' id='word_1_241' title='bbox 1223 1603 1333 1643; x_wconf 66' lang='lat' dir='ltr'>lianc</span> <span class='ocrx_word' id='word_1_242' title='bbox 1348 1600 1538 1656; x_wconf 70' lang='lat' dir='ltr'>profert:</span> <span class='ocrx_word' id='word_1_243' title='bbox 1570 1599 1612 1640; x_wconf 84' lang='lat' dir='ltr'>C’</span> <span class='ocrx_word' id='word_1_244' title='bbox 1633 1601 1655 1639; x_wconf 81' lang='grc'>6</span> <span class='ocrx_word' id='word_1_245' title='bbox 1678 1612 1735 1638; x_wconf 79' lang='lat' dir='ltr'>vn</span> <span class='ocrx_word' id='word_1_246' title='bbox 1759 1597 1873 1639; x_wconf 87' lang='lat' dir='ltr'>altra</span> <span class='ocrx_word' id='word_1_247' title='bbox 1896 1609 1997 1637; x_wconf 88' lang='lat' dir='ltr'>cosa</span> 
     </span>
     <span class='ocr_line' id='line_1_24' title="bbox 237 1663 1997 1726; baseline -0.007 -11"><span class='ocrx_word' id='word_1_248' title='bbox 237 1676 315 1715; x_wconf 78' lang='lat' dir='ltr'>che</span> <span class='ocrx_word' id='word_1_249' title='bbox 351 1675 403 1714; x_wconf 87' lang='lat' dir='ltr'>m’</span> <span class='ocrx_word' id='word_1_250' title='bbox 427 1676 449 1714; x_wconf 84' lang='grc'>6</span> <span class='ocrx_word' id='word_1_251' title='bbox 484 1686 611 1726; x_wconf 83' lang='lat' dir='ltr'>parsa</span> <span class='ocrx_word' id='word_1_252' title='bbox 634 1674 660 1714; x_wconf 80' lang='lat' dir='ltr'>a</span> <span class='ocrx_word' id='word_1_253' title='bbox 683 1686 763 1721; x_wconf 90' lang='lat' dir='ltr'>me,</span> <span class='ocrx_word' id='word_1_254' title='bbox 798 1672 842 1712; x_wconf 89' lang='lat' dir='ltr'>et</span> <span class='ocrx_word' id='word_1_255' title='bbox 874 1671 1006 1711; x_wconf 91' lang='lat' dir='ltr'>etiam</span> <span class='ocrx_word' id='word_1_256' title='bbox 1030 1669 1071 1710; x_wconf 89' lang='lat' dir='ltr'>al</span> <span class='ocrx_word' id='word_1_257' title='bbox 1094 1668 1233 1710; x_wconf 89' lang='lat' dir='ltr'>Padre</span> <span class='ocrx_word' id='word_1_258' title='bbox 1256 1665 1440 1713; x_wconf 85' lang='lat' dir='ltr'>Canisio,</span> <span class='ocrx_word' id='word_1_259' title='bbox 1475 1664 1515 1705; x_wconf 92' lang='lat' dir='ltr'>di</span> <span class='ocrx_word' id='word_1_260' title='bbox 1539 1677 1706 1705; x_wconf 86' lang='lat' dir='ltr'>summa</span> <span class='ocrx_word' id='word_1_261' title='bbox 1728 1663 1997 1716; x_wconf 83' lang='lat' dir='ltr'>importanza</span> 
     </span>
     <span class='ocr_line' id='line_1_25' title="bbox 237 1725 1995 1791; baseline -0.007 -12"><span class='ocrx_word' id='word_1_262' title='bbox 237 1743 282 1781; x_wconf 89' lang='lat' dir='ltr'>et</span> <span class='ocrx_word' id='word_1_263' title='bbox 315 1738 509 1779; x_wconf 77' lang='lat' dir='ltr'>efficacia</span> <span class='ocrx_word' id='word_1_264' title='bbox 543 1751 618 1791; x_wconf 90' lang='lat' dir='ltr'>per</span> <span class='ocrx_word' id='word_1_265' title='bbox 650 1737 805 1778; x_wconf 86' lang='lat' dir='ltr'>aiutar’</span> <span class='ocrx_word' id='word_1_266' title='bbox 832 1734 1078 1783; x_wconf 79' lang='lat' dir='ltr'>Germania,</span> <span class='ocrx_word' id='word_1_267' title='bbox 1112 1736 1156 1775; x_wconf 90' lang='lat' dir='ltr'>et</span> <span class='ocrx_word' id='word_1_268' title='bbox 1189 1734 1224 1782; x_wconf 80' lang='grc'><strong>6,</strong></span> <span class='ocrx_word' id='word_1_269' title='bbox 1259 1731 1338 1773; x_wconf 92' lang='lat' dir='ltr'>che</span> <span class='ocrx_word' id='word_1_270' title='bbox 1361 1729 1726 1772; x_wconf 85' lang='lat' dir='ltr'>ordinariamente</span> <span class='ocrx_word' id='word_1_271' title='bbox 1758 1727 1788 1768; x_wconf 94' lang='lat' dir='ltr'>li</span> <span class='ocrx_word' id='word_1_272' title='bbox 1811 1725 1995 1779; x_wconf 87' lang='lat' dir='ltr'>Vescouj</span> 
     </span>
     <span class='ocr_line' id='line_1_26' title="bbox 237 1798 1997 1853; baseline -0.007 -8"><span class='ocrx_word' id='word_1_273' title='bbox 237 1807 363 1845; x_wconf 82' lang='lat' dir='ltr'>stano</span> <span class='ocrx_word' id='word_1_274' title='bbox 397 1804 438 1843; x_wconf 87' lang='grc'>111</span> <span class='ocrx_word' id='word_1_275' title='bbox 473 1808 671 1844; x_wconf 76' lang='lat' dir='ltr'>extrema</span> <span class='ocrx_word' id='word_1_276' title='bbox 704 1800 920 1842; x_wconf 79' lang='lat' dir='ltr'>necessita</span> <span class='ocrx_word' id='word_1_277' title='bbox 953 1800 1005 1841; x_wconf 88' lang='lat' dir='ltr'>de</span> <span class='ocrx_word' id='word_1_278' title='bbox 1037 1798 1226 1853; x_wconf 84' lang='lat' dir='ltr'>parochi,</span> <span class='ocrx_word' id='word_1_279' title='bbox 1261 1799 1304 1839; x_wconf 88' lang='lat' dir='ltr'>et</span> <span class='ocrx_word' id='word_1_280' title='bbox 1337 1810 1420 1838; x_wconf 91' lang='lat' dir='ltr'>non</span> <span class='ocrx_word' id='word_1_281' title='bbox 1453 1798 1638 1838; x_wconf 86' lang='lat' dir='ltr'>trouano</span> <span class='ocrx_word' id='word_1_282' title='bbox 1661 1806 1708 1834; x_wconf 89' lang='lat' dir='ltr'>se</span> <span class='ocrx_word' id='word_1_283' title='bbox 1739 1807 1823 1834; x_wconf 91' lang='lat' dir='ltr'>non</span> <span class='ocrx_word' id='word_1_284' title='bbox 1854 1806 1877 1833; x_wconf 93' lang='lat' dir='ltr'>o</span> <span class='ocrx_word' id='word_1_285' title='bbox 1900 1805 1997 1845; x_wconf 89' lang='lat' dir='ltr'>per-</span> 
     </span>
     <span class='ocr_line' id='line_1_27' title="bbox 237 1856 1997 1921; baseline -0.008 -11"><span class='ocrx_word' id='word_1_286' title='bbox 237 1883 342 1910; x_wconf 90' lang='lat' dir='ltr'>sone</span> <span class='ocrx_word' id='word_1_287' title='bbox 374 1870 571 1921; x_wconf 78' lang='lat' dir='ltr'>suspette</span> <span class='ocrx_word' id='word_1_288' title='bbox 604 1869 929 1914; x_wconf 77' lang='lat' dir='ltr'>comnnmente;</span> <span class='ocrx_word' id='word_1_289' title='bbox 965 1879 988 1906; x_wconf 93' lang='lat' dir='ltr'>o</span> <span class='ocrx_word' id='word_1_290' title='bbox 1016 1877 1197 1918; x_wconf 79' lang='lat' dir='ltr'>persone</span> <span class='ocrx_word' id='word_1_291' title='bbox 1231 1863 1309 1904; x_wconf 91' lang='lat' dir='ltr'>che</span> <span class='ocrx_word' id='word_1_292' title='bbox 1341 1860 1544 1914; x_wconf 83' lang='lat' dir='ltr'>vogliono</span> <span class='ocrx_word' id='word_1_293' title='bbox 1577 1859 1708 1900; x_wconf 88' lang='lat' dir='ltr'>esser&#39;</span> <span class='ocrx_word' id='word_1_294' title='bbox 1732 1856 1939 1906; x_wconf 79' lang='lat' dir='ltr'>maritati,</span> <span class='ocrx_word' id='word_1_295' title='bbox 1973 1870 1997 1897; x_wconf 93' lang='lat' dir='ltr'>o</span> 
     </span>
     <span class='ocr_line' id='line_1_28' title="bbox 240 1922 1997 1980; baseline -0.007 -6"><span class='ocrx_word' id='word_1_296' title='bbox 240 1935 399 1975; x_wconf 82' lang='lat' dir='ltr'>hauere</span> <span class='ocrx_word' id='word_1_297' title='bbox 435 1936 474 1974; x_wconf 85' lang='lat' dir='ltr'>la</span> <span class='ocrx_word' id='word_1_298' title='bbox 507 1932 758 1980; x_wconf 88' lang='lat' dir='ltr'>concubina,</span> <span class='ocrx_word' id='word_1_299' title='bbox 793 1945 830 1979; x_wconf 92' lang='lat'>0,</span> <span class='ocrx_word' id='word_1_300' title='bbox 865 1944 968 1971; x_wconf 86' lang='lat' dir='ltr'>uero</span> <span class='ocrx_word' id='word_1_301' title='bbox 1001 1930 1043 1971; x_wconf 80' lang='lat' dir='ltr'>la</span> <span class='ocrx_word' id='word_1_302' title='bbox 1076 1943 1221 1978; x_wconf 86' lang='lat' dir='ltr'>cuoca,</span> <span class='ocrx_word' id='word_1_303' title='bbox 1255 1931 1299 1970; x_wconf 85' lang='lat' dir='ltr'>et</span> <span class='ocrx_word' id='word_1_304' title='bbox 1321 1926 1492 1980; x_wconf 86' lang='lat' dir='ltr'>quando</span> <span class='ocrx_word' id='word_1_305' title='bbox 1526 1927 1679 1977; x_wconf 85' lang='lat' dir='ltr'>questo</span> <span class='ocrx_word' id='word_1_306' title='bbox 1711 1936 1795 1964; x_wconf 90' lang='lat' dir='ltr'>non</span> <span class='ocrx_word' id='word_1_307' title='bbox 1828 1922 1863 1963; x_wconf 93' lang='lat' dir='ltr'>si</span> <span class='ocrx_word' id='word_1_308' title='bbox 1896 1935 1997 1963; x_wconf 90' lang='lat' dir='ltr'>con-</span> 
     </span>
     <span class='ocr_line' id='line_1_29' title="bbox 239 1986 1997 2051; baseline -0.007 -12"><span class='ocrx_word' id='word_1_309' title='bbox 239 2000 343 2040; x_wconf 84' lang='lat' dir='ltr'>cede</span> <span class='ocrx_word' id='word_1_310' title='bbox 375 1997 447 2039; x_wconf 89' lang='lat' dir='ltr'>alli</span> <span class='ocrx_word' id='word_1_311' title='bbox 483 1997 697 2051; x_wconf 74' lang='lat' dir='ltr'>oppidani,</span> <span class='ocrx_word' id='word_1_312' title='bbox 732 1997 822 2037; x_wconf 90' lang='lat' dir='ltr'>loro</span> <span class='ocrx_word' id='word_1_313' title='bbox 857 1994 1078 2036; x_wconf 90' lang='lat' dir='ltr'>medesimi</span> <span class='ocrx_word' id='word_1_314' title='bbox 1110 1993 1300 2048; x_wconf 86' lang='lat' dir='ltr'>pigliano</span> <span class='ocrx_word' id='word_1_315' title='bbox 1322 1993 1394 2033; x_wconf 83' lang='lat' dir='ltr'>vn’</span> <span class='ocrx_word' id='word_1_316' title='bbox 1417 1989 1622 2040; x_wconf 87' lang='lat' dir='ltr'>heretico,</span> <span class='ocrx_word' id='word_1_317' title='bbox 1655 1990 1700 2030; x_wconf 89' lang='lat' dir='ltr'>et</span> <span class='ocrx_word' id='word_1_318' title='bbox 1729 1986 1997 2029; x_wconf 83' lang='lat' dir='ltr'>confondeno</span> 
     </span>
     <span class='ocr_line' id='line_1_30' title="bbox 240 2050 1997 2115; baseline -0.007 -11"><span class='ocrx_word' id='word_1_319' title='bbox 240 2064 341 2115; x_wconf 89' lang='lat' dir='ltr'>ogni</span> <span class='ocrx_word' id='word_1_320' title='bbox 380 2077 502 2104; x_wconf 82' lang='lat' dir='ltr'>cosa:</span> <span class='ocrx_word' id='word_1_321' title='bbox 546 2063 705 2111; x_wconf 80' lang='lat' dir='ltr'>Questo</span> <span class='ocrx_word' id='word_1_322' title='bbox 739 2062 761 2102; x_wconf 81' lang='grc'>6</span> <span class='ocrx_word' id='word_1_323' title='bbox 794 2075 851 2101; x_wconf 85' lang='lat' dir='ltr'>vn</span> <span class='ocrx_word' id='word_1_324' title='bbox 893 2058 1181 2113; x_wconf 86' lang='lat' dir='ltr'>grandissimo</span> <span class='ocrx_word' id='word_1_325' title='bbox 1222 2057 1335 2099; x_wconf 89' lang='lat' dir='ltr'>male</span> <span class='ocrx_word' id='word_1_326' title='bbox 1367 2055 1507 2098; x_wconf 87' lang='lat' dir='ltr'>Padre</span> <span class='ocrx_word' id='word_1_327' title='bbox 1547 2053 1590 2095; x_wconf 89' lang='lat' dir='ltr'>in</span> <span class='ocrx_word' id='word_1_328' title='bbox 1622 2053 1879 2105; x_wconf 88' lang='lat' dir='ltr'>Alamagna.</span> <span class='ocrx_word' id='word_1_329' title='bbox 1942 2050 1997 2092; x_wconf 84' lang='lat' dir='ltr'>Jo</span> 
     </span>
     <span class='ocr_line' id='line_1_31' title="bbox 241 2115 1997 2181; baseline -0.007 -12"><span class='ocrx_word' id='word_1_330' title='bbox 241 2129 390 2169; x_wconf 82' lang='lat' dir='ltr'>diceuo</span> <span class='ocrx_word' id='word_1_331' title='bbox 433 2127 520 2168; x_wconf 84' lang='lat' dir='ltr'>cosi</span> <span class='ocrx_word' id='word_1_332' title='bbox 562 2127 694 2181; x_wconf 87' lang='lat' dir='ltr'>padre</span> <span class='ocrx_word' id='word_1_333' title='bbox 735 2125 1051 2178; x_wconf 85' lang='lat' dir='ltr'>ricordandomj</span> <span class='ocrx_word' id='word_1_334' title='bbox 1095 2124 1134 2164; x_wconf 90' lang='lat' dir='ltr'>di</span> <span class='ocrx_word' id='word_1_335' title='bbox 1178 2122 1320 2176; x_wconf 92' lang='lat' dir='ltr'>quello</span> <span class='ocrx_word' id='word_1_336' title='bbox 1363 2121 1440 2163; x_wconf 92' lang='lat' dir='ltr'>che</span> <span class='ocrx_word' id='word_1_337' title='bbox 1480 2120 1612 2161; x_wconf 86' lang='lat' dir='ltr'>fanno</span> <span class='ocrx_word' id='word_1_338' title='bbox 1653 2117 1683 2159; x_wconf 94' lang='lat' dir='ltr'>li</span> <span class='ocrx_word' id='word_1_339' title='bbox 1724 2116 1860 2159; x_wconf 89' lang='lat' dir='ltr'>nostri</span> <span class='ocrx_word' id='word_1_340' title='bbox 1897 2115 1997 2157; x_wconf 84' lang='lat' dir='ltr'>nell&#39;</span> 
     </span>
     <span class='ocr_line' id='line_1_32' title="bbox 239 2182 1998 2241; baseline -0.007 -7"><span class='ocrx_word' id='word_1_341' title='bbox 239 2193 383 2238; x_wconf 76' lang='lat' dir='ltr'>Jndia,</span> <span class='ocrx_word' id='word_1_342' title='bbox 417 2206 463 2234; x_wconf 89' lang='lat' dir='ltr'>se</span> <span class='ocrx_word' id='word_1_343' title='bbox 497 2193 577 2233; x_wconf 84' lang='lat' dir='ltr'>ben</span> <span class='ocrx_word' id='word_1_344' title='bbox 610 2191 669 2232; x_wconf 91' lang='lat' dir='ltr'>mi</span> <span class='ocrx_word' id='word_1_345' title='bbox 700 2191 883 2240; x_wconf 85' lang='lat' dir='ltr'>ricordo‚</span> <span class='ocrx_word' id='word_1_346' title='bbox 909 2190 968 2231; x_wconf 87' lang='lat' dir='ltr'>Vt</span> <span class='ocrx_word' id='word_1_347' title='bbox 1000 2188 1365 2241; x_wconf 89' lang='lat' dir='ltr'>coniungerentur</span> <span class='ocrx_word' id='word_1_348' title='bbox 1397 2186 1506 2227; x_wconf 83' lang='lat' dir='ltr'>duae</span> <span class='ocrx_word' id='word_1_349' title='bbox 1532 2184 1599 2226; x_wconf 92' lang='lat' dir='ltr'>uel</span> <span class='ocrx_word' id='word_1_350' title='bbox 1623 2186 1728 2232; x_wconf 88' lang='lat' dir='ltr'>tres,</span> <span class='ocrx_word' id='word_1_351' title='bbox 1761 2182 1831 2223; x_wconf 92' lang='lat' dir='ltr'>uel</span> <span class='ocrx_word' id='word_1_352' title='bbox 1853 2182 1998 2235; x_wconf 87' lang='lat' dir='ltr'>plures</span> 
     </span>
     <span class='ocr_line' id='line_1_33' title="bbox 242 2247 1998 2310; baseline -0.007 -11"><span class='ocrx_word' id='word_1_353' title='bbox 242 2258 371 2299; x_wconf 83' lang='lat' dir='ltr'>etiam</span> <span class='ocrx_word' id='word_1_354' title='bbox 417 2257 682 2310; x_wconf 80' lang='lat' dir='ltr'>parrochiae,</span> <span class='ocrx_word' id='word_1_355' title='bbox 725 2259 769 2298; x_wconf 91' lang='lat' dir='ltr'>et</span> <span class='ocrx_word' id='word_1_356' title='bbox 810 2256 852 2296; x_wconf 83' lang='lat' dir='ltr'>la</span> <span class='ocrx_word' id='word_1_357' title='bbox 894 2268 998 2296; x_wconf 86' lang='lat' dir='ltr'>cura</span> <span class='ocrx_word' id='word_1_358' title='bbox 1039 2254 1091 2295; x_wconf 85' lang='lat' dir='ltr'>de</span> <span class='ocrx_word' id='word_1_359' title='bbox 1132 2256 1248 2294; x_wconf 88' lang='lat' dir='ltr'>tutte</span> <span class='ocrx_word' id='word_1_360' title='bbox 1289 2251 1431 2305; x_wconf 88' lang='lat' dir='ltr'>quelle</span> <span class='ocrx_word' id='word_1_361' title='bbox 1472 2249 1557 2291; x_wconf 84' lang='lat' dir='ltr'>fusi</span> <span class='ocrx_word' id='word_1_362' title='bbox 1598 2249 1702 2290; x_wconf 87' lang='lat' dir='ltr'>data</span> <span class='ocrx_word' id='word_1_363' title='bbox 1734 2249 1759 2289; x_wconf 78' lang='lat' dir='ltr'>a</span> <span class='ocrx_word' id='word_1_364' title='bbox 1790 2248 1861 2288; x_wconf 88' lang='lat' dir='ltr'>vn&#39;</span> <span class='ocrx_word' id='word_1_365' title='bbox 1885 2247 1998 2287; x_wconf 92' lang='lat' dir='ltr'>buon</span> 
     </span>
     <span class='ocr_line' id='line_1_34' title="bbox 241 2311 1998 2374; baseline -0.007 -11"><span class='ocrx_word' id='word_1_366' title='bbox 241 2323 481 2371; x_wconf 71' lang='lat' dir='ltr'>sacerdote,</span> <span class='ocrx_word' id='word_1_367' title='bbox 516 2325 560 2363; x_wconf 89' lang='lat' dir='ltr'>et</span> <span class='ocrx_word' id='word_1_368' title='bbox 593 2322 786 2374; x_wconf 82' lang='lat' dir='ltr'>probate,</span> <span class='ocrx_word' id='word_1_369' title='bbox 821 2323 866 2362; x_wconf 88' lang='lat' dir='ltr'>et</span> <span class='ocrx_word' id='word_1_370' title='bbox 896 2319 940 2361; x_wconf 90' lang='lat' dir='ltr'>in</span> <span class='ocrx_word' id='word_1_371' title='bbox 972 2319 1067 2368; x_wconf 88' lang='lat' dir='ltr'>fide,</span> <span class='ocrx_word' id='word_1_372' title='bbox 1103 2322 1146 2360; x_wconf 86' lang='lat' dir='ltr'>et</span> <span class='ocrx_word' id='word_1_373' title='bbox 1177 2318 1220 2359; x_wconf 91' lang='lat' dir='ltr'>in</span> <span class='ocrx_word' id='word_1_374' title='bbox 1244 2317 1446 2365; x_wconf 88' lang='lat' dir='ltr'>moribus,</span> <span class='ocrx_word' id='word_1_375' title='bbox 1481 2318 1525 2357; x_wconf 91' lang='lat' dir='ltr'>et</span> <span class='ocrx_word' id='word_1_376' title='bbox 1548 2316 1699 2367; x_wconf 91' lang='lat' dir='ltr'>questo</span> <span class='ocrx_word' id='word_1_377' title='bbox 1722 2311 1873 2353; x_wconf 89' lang='lat' dir='ltr'>andasi</span> <span class='ocrx_word' id='word_1_378' title='bbox 1897 2325 1998 2352; x_wconf 92' lang='lat' dir='ltr'>con-</span> 
     </span>
     <span class='ocr_line' id='line_1_35' title="bbox 242 2375 1997 2440; baseline -0.007 -12"><span class='ocrx_word' id='word_1_379' title='bbox 242 2387 510 2428; x_wconf 74' lang='lat' dir='ltr'>tinu-amente</span> <span class='ocrx_word' id='word_1_380' title='bbox 532 2400 609 2440; x_wconf 87' lang='lat' dir='ltr'>per</span> <span class='ocrx_word' id='word_1_381' title='bbox 632 2387 783 2438; x_wconf 90' lang='lat' dir='ltr'>queste</span> <span class='ocrx_word' id='word_1_382' title='bbox 805 2384 1041 2439; x_wconf 86' lang='lat' dir='ltr'>parrochie,</span> <span class='ocrx_word' id='word_1_383' title='bbox 1067 2382 1245 2425; x_wconf 87' lang='lat' dir='ltr'>dicendo</span> <span class='ocrx_word' id='word_1_384' title='bbox 1269 2395 1411 2424; x_wconf 85' lang='lat' dir='ltr'>messa</span> <span class='ocrx_word' id='word_1_385' title='bbox 1428 2383 1472 2422; x_wconf 89' lang='lat' dir='ltr'>et</span> <span class='ocrx_word' id='word_1_386' title='bbox 1493 2377 1753 2434; x_wconf 90' lang='lat' dir='ltr'>predicando</span> <span class='ocrx_word' id='word_1_387' title='bbox 1775 2376 1882 2418; x_wconf 86' lang='lat' dir='ltr'>hora</span> <span class='ocrx_word' id='word_1_388' title='bbox 1899 2375 1997 2417; x_wconf 90' lang='lat' dir='ltr'>nell&#39;</span> 
     </span>
     <span class='ocr_line' id='line_1_36' title="bbox 243 2440 1999 2500; baseline -0.006 -8"><span class='ocrx_word' id='word_1_389' title='bbox 243 2465 328 2492; x_wconf 82' lang='lat' dir='ltr'>una</span> <span class='ocrx_word' id='word_1_390' title='bbox 353 2453 456 2492; x_wconf 87' lang='lat' dir='ltr'>hora</span> <span class='ocrx_word' id='word_1_391' title='bbox 479 2452 576 2492; x_wconf 87' lang='lat' dir='ltr'>nell&#39;</span> <span class='ocrx_word' id='word_1_392' title='bbox 597 2451 723 2500; x_wconf 85' lang='lat' dir='ltr'>altra,</span> <span class='ocrx_word' id='word_1_393' title='bbox 748 2450 957 2492; x_wconf 89' lang='lat' dir='ltr'>sentendo</span> <span class='ocrx_word' id='word_1_394' title='bbox 981 2449 1110 2491; x_wconf 80' lang='lat' dir='ltr'>etiam</span> <span class='ocrx_word' id='word_1_395' title='bbox 1135 2446 1394 2489; x_wconf 85' lang='lat' dir='ltr'>confessioni</span> <span class='ocrx_word' id='word_1_396' title='bbox 1416 2449 1460 2487; x_wconf 89' lang='lat' dir='ltr'>et</span> <span class='ocrx_word' id='word_1_397' title='bbox 1482 2442 1765 2486; x_wconf 89' lang='lat' dir='ltr'>ministrando</span> <span class='ocrx_word' id='word_1_398' title='bbox 1788 2441 1816 2482; x_wconf 93' lang='lat' dir='ltr'>il</span> <span class='ocrx_word' id='word_1_399' title='bbox 1835 2440 1999 2483; x_wconf 64' lang='grc'><strong>83111318-</strong></span> 
     </span>
     <span class='ocr_line' id='line_1_37' title="bbox 244 2505 1998 2566; baseline -0.006 -10"><span class='ocrx_word' id='word_1_400' title='bbox 244 2516 350 2557; x_wconf 80' lang='lat' dir='ltr'>simo</span> <span class='ocrx_word' id='word_1_401' title='bbox 384 2519 684 2563; x_wconf 62' lang='lat' dir='ltr'>Sacramentoe</span> <span class='ocrx_word' id='word_1_402' title='bbox 722 2516 777 2557; x_wconf 81' lang='lat' dir='ltr'>Et</span> <span class='ocrx_word' id='word_1_403' title='bbox 809 2515 886 2556; x_wconf 89' lang='lat' dir='ltr'>che</span> <span class='ocrx_word' id='word_1_404' title='bbox 918 2514 961 2555; x_wconf 89' lang='lat' dir='ltr'>in</span> <span class='ocrx_word' id='word_1_405' title='bbox 993 2513 1092 2566; x_wconf 91' lang='lat' dir='ltr'>ogni</span> <span class='ocrx_word' id='word_1_406' title='bbox 1125 2511 1353 2566; x_wconf 87' lang='lat' dir='ltr'>parrochia</span> <span class='ocrx_word' id='word_1_407' title='bbox 1384 2509 1470 2552; x_wconf 85' lang='lat' dir='ltr'>fusi</span> <span class='ocrx_word' id='word_1_408' title='bbox 1500 2508 1716 2551; x_wconf 89' lang='lat' dir='ltr'>instituito</span> <span class='ocrx_word' id='word_1_409' title='bbox 1749 2507 1819 2547; x_wconf 89' lang='lat' dir='ltr'>vn’</span> <span class='ocrx_word' id='word_1_410' title='bbox 1842 2505 1998 2546; x_wconf 90' lang='lat' dir='ltr'>huomo</span> 
     </span>
     <span class='ocr_line' id='line_1_38' title="bbox 244 2570 1998 2633; baseline -0.006 -12"><span class='ocrx_word' id='word_1_411' title='bbox 244 2580 399 2621; x_wconf 82' lang='lat' dir='ltr'>clerico</span> <span class='ocrx_word' id='word_1_412' title='bbox 418 2581 677 2633; x_wconf 83' lang='lat' dir='ltr'>congiugato</span> <span class='ocrx_word' id='word_1_413' title='bbox 696 2594 824 2621; x_wconf 84' lang='lat' dir='ltr'>senza</span> <span class='ocrx_word' id='word_1_414' title='bbox 842 2579 990 2620; x_wconf 89' lang='lat' dir='ltr'>ordine</span> <span class='ocrx_word' id='word_1_415' title='bbox 1007 2579 1173 2627; x_wconf 89' lang='lat' dir='ltr'>nisuno,</span> <span class='ocrx_word' id='word_1_416' title='bbox 1197 2577 1266 2618; x_wconf 90' lang='lat' dir='ltr'>uel</span> <span class='ocrx_word' id='word_1_417' title='bbox 1283 2575 1325 2617; x_wconf 92' lang='lat' dir='ltr'>in</span> <span class='ocrx_word' id='word_1_418' title='bbox 1344 2574 1617 2622; x_wconf 82' lang='lat' dir='ltr'>minoribus¹‚</span> <span class='ocrx_word' id='word_1_419' title='bbox 1641 2572 1850 2626; x_wconf 85' lang='lat' dir='ltr'>probatae</span> <span class='ocrx_word' id='word_1_420' title='bbox 1867 2570 1998 2619; x_wconf 89' lang='lat' dir='ltr'>vitae,</span> 
     </span>
     <span class='ocr_line' id='line_1_39' title="bbox 246 2634 2000 2697; baseline -0.006 -12"><span class='ocrx_word' id='word_1_421' title='bbox 246 2646 473 2685; x_wconf 89' lang='lat' dir='ltr'>dummodo</span> <span class='ocrx_word' id='word_1_422' title='bbox 499 2659 579 2686; x_wconf 91' lang='lat' dir='ltr'>non</span> <span class='ocrx_word' id='word_1_423' title='bbox 603 2645 800 2697; x_wconf 84' lang='lat' dir='ltr'>bigamus</span> <span class='ocrx_word' id='word_1_424' title='bbox 813 2647 841 2694; x_wconf 73' lang='lat'>2,</span> <span class='ocrx_word' id='word_1_425' title='bbox 866 2644 938 2696; x_wconf 90' lang='lat' dir='ltr'>qui</span> <span class='ocrx_word' id='word_1_426' title='bbox 959 2647 1183 2686; x_wconf 76' lang='lat' dir='ltr'>tonsuram</span> <span class='ocrx_word' id='word_1_427' title='bbox 1205 2645 1249 2684; x_wconf 86' lang='lat' dir='ltr'>et</span> <span class='ocrx_word' id='word_1_428' title='bbox 1271 2640 1463 2682; x_wconf 89' lang='lat' dir='ltr'>habitum</span> <span class='ocrx_word' id='word_1_429' title='bbox 1487 2637 1729 2680; x_wconf 86' lang='lat' dir='ltr'>clericalem</span> <span class='ocrx_word' id='word_1_430' title='bbox 1751 2635 1795 2677; x_wconf 91' lang='lat' dir='ltr'>in</span> <span class='ocrx_word' id='word_1_431' title='bbox 1818 2634 2000 2677; x_wconf 88' lang='lat' dir='ltr'>ecclesia</span> 
     </span>
    </p>
   </div>
   <div class='ocr_carea' id='block_1_7' title="bbox 363 2723 623 2756">
    <p class='ocr_par' dir='ltr' id='par_1_8' title="bbox 363 2723 623 2756">
     <span class='ocr_line' id='line_1_40' title="bbox 363 2723 623 2756; baseline 0 -7"><span class='ocrx_word' id='word_1_432' title='bbox 363 2725 392 2755; x_wconf 83' lang='lat' dir='ltr'>a)</span> <span class='ocrx_word' id='word_1_433' title='bbox 412 2723 559 2749; x_wconf 74' lang='lat' dir='ltr'>collocata</span> <span class='ocrx_word' id='word_1_434' title='bbox 577 2733 623 2756; x_wconf 79' lang='lat' dir='ltr'>ap.</span> 
     </span>
    </p>
   </div>
   <div class='ocr_carea' id='block_1_8' title="bbox 413 2786 656 2790">
    <p class='ocr_par' dir='ltr' id='par_1_9' title="bbox 413 2786 656 2790">
     <span class='ocr_line' id='line_1_41' title="bbox 413 2786 656 2790; baseline 0 0"><span class='ocrx_word' id='word_1_435' title='bbox 413 2786 656 2790; x_wconf 95' lang='lat' dir='ltr'> </span> 
     </span>
    </p>
   </div>
   <div class='ocr_carea' id='block_1_9' title="bbox 248 2808 2001 3227">
    <p class='ocr_par' dir='ltr' id='par_1_10' title="bbox 248 2808 1997 2915">
     <span class='ocr_line' id='line_1_42' title="bbox 368 2808 1997 2860; baseline -0.007 -7"><span class='ocrx_word' id='word_1_436' title='bbox 368 2820 377 2839; x_wconf 93' lang='lat'>¹</span> <span class='ocrx_word' id='word_1_437' title='bbox 405 2819 471 2860; x_wconf 83' lang='lat' dir='ltr'>Qui</span> <span class='ocrx_word' id='word_1_438' title='bbox 497 2819 556 2852; x_wconf 89' lang='lat' dir='ltr'>vel</span> <span class='ocrx_word' id='word_1_439' title='bbox 580 2819 656 2852; x_wconf 86' lang='lat' dir='ltr'>sola</span> <span class='ocrx_word' id='word_1_440' title='bbox 682 2821 828 2852; x_wconf 79' lang='lat' dir='ltr'>tonsura</span> <span class='ocrx_word' id='word_1_441' title='bbox 855 2816 1022 2856; x_wconf 85' lang='lat' dir='ltr'>clericali,</span> <span class='ocrx_word' id='word_1_442' title='bbox 1057 2815 1116 2850; x_wconf 93' lang='lat' dir='ltr'>vel</span> <span class='ocrx_word' id='word_1_443' title='bbox 1151 2815 1259 2849; x_wconf 75' lang='lat' dir='ltr'>etiam</span> <span class='ocrx_word' id='word_1_444' title='bbox 1291 2813 1473 2848; x_wconf 88' lang='lat' dir='ltr'>ordinibus</span> <span class='ocrx_word' id='word_1_445' title='bbox 1507 2811 1704 2846; x_wconf 90' lang='lat' dir='ltr'>minoribus</span> <span class='ocrx_word' id='word_1_446' title='bbox 1738 2810 1900 2844; x_wconf 86' lang='lat' dir='ltr'>initiatus</span> <span class='ocrx_word' id='word_1_447' title='bbox 1932 2808 1997 2848; x_wconf 87' lang='lat' dir='ltr'>sit;</span> 
     </span>
     <span class='ocr_line' id='line_1_43' title="bbox 248 2870 1305 2915; baseline -0.004 -10"><span class='ocrx_word' id='word_1_448' title='bbox 248 2872 458 2915; x_wconf 87' lang='lat' dir='ltr'>quibuscum</span> <span class='ocrx_word' id='word_1_449' title='bbox 485 2872 682 2905; x_wconf 79' lang='lat' dir='ltr'>caelibatus</span> <span class='ocrx_word' id='word_1_450' title='bbox 708 2870 864 2904; x_wconf 86' lang='lat' dir='ltr'>officium</span> <span class='ocrx_word' id='word_1_451' title='bbox 891 2870 1117 2903; x_wconf 80' lang='lat' dir='ltr'>coniunctum</span> <span class='ocrx_word' id='word_1_452' title='bbox 1145 2881 1212 2902; x_wconf 91' lang='lat' dir='ltr'>non</span> <span class='ocrx_word' id='word_1_453' title='bbox 1240 2870 1305 2901; x_wconf 86' lang='lat' dir='ltr'>est.</span> 
     </span>
    </p>

    <p class='ocr_par' dir='ltr' id='par_1_11' title="bbox 250 2913 2001 3227">
     <span class='ocr_line' id='line_1_44' title="bbox 367 2913 2000 2967; baseline -0.006 -10"><span class='ocrx_word' id='word_1_454' title='bbox 367 2925 380 2944; x_wconf 83' lang='lat'><strong>²</strong></span> <span class='ocrx_word' id='word_1_455' title='bbox 410 2925 602 2967; x_wconf 78' lang='lat' dir='ltr'>Bigamiam</span> <span class='ocrx_word' id='word_1_456' title='bbox 640 2923 735 2963; x_wconf 86' lang='lat' dir='ltr'>dicit,</span> <span class='ocrx_word' id='word_1_457' title='bbox 772 2925 866 2967; x_wconf 84' lang='lat' dir='ltr'>puto,</span> <span class='ocrx_word' id='word_1_458' title='bbox 903 2934 945 2956; x_wconf 84' lang='lat' dir='ltr'>ea</span> <span class='ocrx_word' id='word_1_459' title='bbox 979 2922 1127 2961; x_wconf 82' lang='lat' dir='ltr'>ratione,</span> <span class='ocrx_word' id='word_1_460' title='bbox 1164 2933 1233 2965; x_wconf 86' lang='lat' dir='ltr'>qua</span> <span class='ocrx_word' id='word_1_461' title='bbox 1268 2932 1289 2954; x_wconf 87' lang='lat' dir='ltr'>a</span> <span class='ocrx_word' id='word_1_462' title='bbox 1315 2930 1489 2954; x_wconf 88' lang='lat' dir='ltr'>canonum</span> <span class='ocrx_word' id='word_1_463' title='bbox 1524 2917 1650 2963; x_wconf 88' lang='lat' dir='ltr'>peritis</span> <span class='ocrx_word' id='word_1_464' title='bbox 1676 2916 1806 2950; x_wconf 88' lang='lat' dir='ltr'>dicitur</span> <span class='ocrx_word' id='word_1_465' title='bbox 1839 2913 2000 2948; x_wconf 84' lang='lat' dir='ltr'>homines</span> 
     </span>
     <span class='ocr_line' id='line_1_45' title="bbox 250 2968 1999 3019; baseline -0.005 -11"><span class='ocrx_word' id='word_1_466' title='bbox 250 2976 392 3009; x_wconf 84' lang='lat' dir='ltr'>efficere</span> <span class='ocrx_word' id='word_1_467' title='bbox 423 2977 677 3019; x_wconf 76' lang='lat' dir='ltr'>„irregulares“</span> <span class='ocrx_word' id='word_1_468' title='bbox 709 2980 817 3018; x_wconf 81' lang='lat' dir='ltr'>atque</span> <span class='ocrx_word' id='word_1_469' title='bbox 843 2976 893 3008; x_wconf 89' lang='lat' dir='ltr'>ita</span> <span class='ocrx_word' id='word_1_470' title='bbox 919 2975 963 3008; x_wconf 85' lang='lat' dir='ltr'>ad</span> <span class='ocrx_word' id='word_1_471' title='bbox 989 2974 1190 3019; x_wconf 76' lang='lat' dir='ltr'>ministeria</span> <span class='ocrx_word' id='word_1_472' title='bbox 1215 2984 1319 3007; x_wconf 87' lang='lat' dir='ltr'>sacra</span> <span class='ocrx_word' id='word_1_473' title='bbox 1345 2971 1543 3006; x_wconf 86' lang='lat' dir='ltr'>exercenda</span> <span class='ocrx_word' id='word_1_474' title='bbox 1572 2971 1729 3014; x_wconf 86' lang='lat' dir='ltr'>ineptos;</span> <span class='ocrx_word' id='word_1_475' title='bbox 1766 2968 1854 3001; x_wconf 86' lang='lat' dir='ltr'>haec</span> <span class='ocrx_word' id='word_1_476' title='bbox 1880 2969 1999 3000; x_wconf 84' lang='lat' dir='ltr'>autem</span> 
     </span>
     <span class='ocr_line' id='line_1_46' title="bbox 250 3018 2000 3070; baseline -0.005 -9"><span class='ocrx_word' id='word_1_477' title='bbox 250 3028 406 3070; x_wconf 84' lang='lat' dir='ltr'>bigamia</span> <span class='ocrx_word' id='word_1_478' title='bbox 430 3041 497 3062; x_wconf 92' lang='lat' dir='ltr'>non</span> <span class='ocrx_word' id='word_1_479' title='bbox 524 3031 664 3062; x_wconf 86' lang='lat' dir='ltr'>tanturn</span> <span class='ocrx_word' id='word_1_480' title='bbox 691 3039 813 3061; x_wconf 85' lang='lat' dir='ltr'>veram</span> <span class='ocrx_word' id='word_1_481' title='bbox 839 3027 1032 3070; x_wconf 83' lang='lat' dir='ltr'>bigamiam</span> <span class='ocrx_word' id='word_1_482' title='bbox 1058 3027 1135 3060; x_wconf 87' lang='lat' dir='ltr'>sive</span> <span class='ocrx_word' id='word_1_483' title='bbox 1167 3025 1472 3068; x_wconf 83' lang='lat' dir='ltr'>„simultaneam“,</span> <span class='ocrx_word' id='word_1_484' title='bbox 1507 3023 1584 3057; x_wconf 89' lang='lat' dir='ltr'>sive</span> <span class='ocrx_word' id='word_1_485' title='bbox 1614 3021 1910 3064; x_wconf 76' lang='lat' dir='ltr'>„successivan1⁴‘,</span> <span class='ocrx_word' id='word_1_486' title='bbox 1937 3018 2000 3053; x_wconf 87' lang='lat' dir='ltr'>sed</span> 
     </span>
     <span class='ocr_line' id='line_1_47' title="bbox 251 3074 2000 3124; baseline -0.005 -12"><span class='ocrx_word' id='word_1_487' title='bbox 251 3082 357 3113; x_wconf 85' lang='lat' dir='ltr'>etiam</span> <span class='ocrx_word' id='word_1_488' title='bbox 393 3080 568 3123; x_wconf 85' lang='lat' dir='ltr'>bigamias</span> <span class='ocrx_word' id='word_1_489' title='bbox 606 3080 958 3124; x_wconf 80' lang='lat' dir='ltr'>„interpretativam“</span> <span class='ocrx_word' id='word_1_490' title='bbox 1001 3082 1037 3113; x_wconf 90' lang='lat' dir='ltr'>et</span> <span class='ocrx_word' id='word_1_491' title='bbox 1075 3078 1456 3121; x_wconf 79' lang='lat' dir='ltr'>„similitudina1·iam“‚</span> <span class='ocrx_word' id='word_1_492' title='bbox 1496 3087 1585 3120; x_wconf 85' lang='lat' dir='ltr'>quas</span> <span class='ocrx_word' id='word_1_493' title='bbox 1620 3074 1826 3109; x_wconf 87' lang='lat' dir='ltr'>canonistae</span> <span class='ocrx_word' id='word_1_494' title='bbox 1860 3074 2000 3111; x_wconf 85' lang='lat' dir='ltr'>vocant,</span> 
     </span>
     <span class='ocr_line' id='line_1_48' title="bbox 252 3125 2000 3176; baseline -0.005 -11"><span class='ocrx_word' id='word_1_495' title='bbox 252 3132 510 3176; x_wconf 85' lang='lat' dir='ltr'>complectitur.</span> <span class='ocrx_word' id='word_1_496' title='bbox 560 3132 658 3173; x_wconf 83' lang='lat' dir='ltr'>Quae</span> <span class='ocrx_word' id='word_1_497' title='bbox 684 3132 741 3166; x_wconf 89' lang='lat' dir='ltr'>hic</span> <span class='ocrx_word' id='word_1_498' title='bbox 768 3132 908 3174; x_wconf 81' lang='lat' dir='ltr'>longius</span> <span class='ocrx_word' id='word_1_499' title='bbox 934 3132 1101 3175; x_wconf 85' lang='lat' dir='ltr'>persequi</span> <span class='ocrx_word' id='word_1_500' title='bbox 1127 3142 1197 3164; x_wconf 90' lang='lat' dir='ltr'>non</span> <span class='ocrx_word' id='word_1_501' title='bbox 1223 3132 1340 3165; x_wconf 79' lang='lat' dir='ltr'>vacat.</span> <span class='ocrx_word' id='word_1_502' title='bbox 1394 3130 1590 3163; x_wconf 77' lang='lat' dir='ltr'>Concilium</span> <span class='ocrx_word' id='word_1_503' title='bbox 1624 3128 1857 3161; x_wconf 79' lang='lat' dir='ltr'>tridentinum</span> <span class='ocrx_word' id='word_1_504' title='bbox 1882 3125 2000 3158; x_wconf 87' lang='lat' dir='ltr'>decre-</span> 
     </span>
     <span class='ocr_line' id='line_1_49' title="bbox 253 3178 2001 3227; baseline -0.003 -11"><span class='ocrx_word' id='word_1_505' title='bbox 253 3187 374 3219; x_wconf 75' lang='lat' dir='ltr'>verat:</span> <span class='ocrx_word' id='word_1_506' title='bbox 404 3184 462 3227; x_wconf 79' lang='lat' dir='ltr'>„Si</span> <span class='ocrx_word' id='word_1_507' title='bbox 488 3185 694 3218; x_wconf 87' lang='lat' dir='ltr'>ministeriis</span> <span class='ocrx_word' id='word_1_508' title='bbox 718 3188 869 3227; x_wconf 79' lang='lat' dir='ltr'>quatuor</span> <span class='ocrx_word' id='word_1_509' title='bbox 895 3186 1070 3217; x_wconf 87' lang='lat' dir='ltr'>minorum</span> <span class='ocrx_word' id='word_1_510' title='bbox 1089 3183 1260 3217; x_wconf 90' lang='lat' dir='ltr'>Ordinum</span> <span class='ocrx_word' id='word_1_511' title='bbox 1288 3182 1497 3216; x_wconf 85' lang='lat' dir='ltr'>exercendis</span> <span class='ocrx_word' id='word_1_512' title='bbox 1515 3180 1644 3215; x_wconf 86' lang='lat' dir='ltr'>Clerici</span> <span class='ocrx_word' id='word_1_513' title='bbox 1670 3179 1824 3214; x_wconf 87' lang='lat' dir='ltr'>caelibes</span> <span class='ocrx_word' id='word_1_514' title='bbox 1858 3178 2001 3223; x_wconf 87' lang='lat' dir='ltr'>praesto</span> 
     </span>
    </p>
   </div>
  </div>
 </body>
</html>
