2077 3461
106 527 195 563 1566
236 498 237 504 ἵ

106 686 195 721 1566

107 899 196 934 1566

110 1169 200 1205 1566

114 1329 203 1363 1566
244 1353 245 1375 1

115 1595 205 1632 1566

115 1755 206 1790 1566

117 1915 207 1950 1566

118 2075 208 2110 1566
250 2065 251 2072 ’

119 2134 208 2169 1566

119 2240 209 2274 1566

122 2401 211 2436 1566

122 2461 211 2496 1566

126 2726 213 2760 1566

127 2884 214 2919 1566

128 3042 217 3077 1566

129 3147 218 3183 1566
258 3130 260 3150 ²

359 528 445 563 Maii
469 528 502 562 4.

258 689 349 722 inter
377 688 433 721 27.
460 687 545 732 Apr.
573 688 609 720 et

353 741 407 775 11.
435 740 521 774 Maii

258 901 351 935 inter
364 901 396 934 4.
410 901 445 934 et
458 900 510 934 11.
522 899 609 934 Maii

286 1166 372 1201 Maii
392 1166 445 1200 12.
466 1166 523 1200 vel
544 1166 596 1201 13.

359 1326 446 1361 Maii
475 1326 528 1361 13.

361 1592 448 1627 Maii
469 1593 522 1627 19.

363 1752 450 1787 Maii
467 1752 523 1787 20.

328 1913 422 1947 inter
448 1913 502 1946 20.
523 1914 558 1945 et

364 1966 419 2000 25.
439 1965 525 1999 Maii

293 2072 380 2107 Maii
406 2072 461 2106 21.
481 2073 517 2105 et
541 2071 596 2105 22.

284 2131 371 2166 Maii
397 2131 453 2165 25.
475 2130 530 2173 (ut
556 2130 605 2164 vi-

388 2184 506 2227 detur)

282 2239 428 2273 ineunte
454 2237 513 2271 vel
540 2248 609 2271 me-

357 2291 414 2326 dio
440 2302 531 2325 anno

358 2397 444 2432 Maii
470 2397 526 2431 29.

304 2457 348 2492 ab
375 2457 519 2491 ineunte
546 2455 590 2490 ad

317 2509 472 2544 medium
500 2509 574 2543 Iun.

380 2722 456 2757 Iun.
477 2721 531 2756 12.

331 2882 397 2917 sub
426 2882 479 2917 15.
499 2881 572 2915 Iun.

290 3041 394 3087 paulo
420 3043 502 3086 post
524 3041 615 3075 med.

417 3094 494 3128 Iun.

382 3147 457 3181 Iun.
477 3147 532 3181 28.

620 210 711 245 1566
737 210 822 255 Apr.
844 210 895 244 15.
918 229 957 233 —
980 209 1071 245 1566
1096 209 1172 243 lun.
1191 209 1246 244 28.
1754 211 1808 240 LV

704 327 888 371 comitiis
932 327 1101 381 imperii
1147 327 1356 370 adversus
1403 342 1552 382 pacem
1596 327 1815 381 religionis

703 392 939 447 protestari
989 392 1155 442 iubeat,
1210 392 1493 435 vehementer
1544 393 1815 435 commendet

704 455 990 510 (251—253).

645 525 683 560 C.
710 526 927 560 cardinalem
955 526 1256 560 Commendonum
1291 526 1404 571 ipsius
1439 527 1498 561 vel
1534 527 1729 561 amicorum
1764 538 1816 560 ro-

703 581 792 622 gatu
827 591 890 624 per
923 579 1064 614 litteras
1101 580 1247 613 Romam
1285 580 1415 614 missas
1451 579 1687 614 vehementer
1725 590 1817 614 com-

704 632 850 666 mendat
878 632 1081 675 (248-249
1108 632 1206 676 257).

645 684 786 719 Natalis
812 687 849 719 et
870 685 907 720 C.
927 685 1094 719 Ioannem
1114 685 1281 720 Iacobum
1307 697 1327 720 a
1355 685 1484 719 Khuen
1510 685 1817 730 archiepiscopum

705 738 1012 782 salisburgensem
1049 738 1184 773 adeunt
1219 739 1262 773 ab
1300 750 1411 783 eoque
1447 738 1640 773 honorifice
1679 739 1819 782 excepti

705 791 819 825 multa
845 803 926 826 eum
953 803 993 826 eo
1020 792 1210 826 conferunt
1238 792 1385 836 eiusque
1412 792 1570 826 animum
1597 792 1727 826 erratis
1745 791 1820 835 qui-

706 844 857 878 busdam
883 844 922 878 P.
942 844 1124 879 Victoriae
1151 846 1325 879 offensum
1351 845 1494 890 placare
1533 845 1680 879 student
1707 844 1820 887 (584).

647 897 893 932 Maximiliano
932 898 976 932 II.
1016 898 1224 943 imperatori
1267 898 1446 944 opinanti,
1486 898 1609 932 Socios
1651 896 1821 932 cardinali

708 950 981 991 Commendom,
1016 954 1057 986 ut
1087 953 1211 986 contra
1242 963 1385 996 „pacem
1413 950 1617 995 religionis“
1647 952 1821 995 protesta-

707 1004 841 1038 tionem
868 1004 1015 1045 faceret‚
1047 1005 1217 1046 suasisse,
1248 1004 1423 1039 Melchior
1450 1004 1541 1039 Bilia
1566 1003 1716 1038 nuntius
1741 1015 1823 1048 apo-

709 1057 858 1092 stolicus
893 1057 1134 1099 demonstrat,
1174 1069 1234 1092 eos
1273 1057 1568 1104 protestationem
1608 1056 1823 1093 dissuasisse

652 1164 699 1198 Io.
720 1164 830 1198 Andr.
850 1163 1052 1207 Caligarius
1070 1164 1203 1198 Romae
1230 1164 1263 1198 S.
1285 1164 1347 1198 Pio
1361 1164 1404 1198 V.
1424 1164 1534 1198 tradit
1560 1163 1659 1208 pacis
1685 1174 1717 1197 a.
1734 1163 1823 1197 1555

712 1218 806 1251 inter
831 1217 1027 1251 catholicos
1063 1220 1099 1251 et
1124 1220 1367 1262 protestantes
1394 1218 1610 1262 compositae
1636 1216 1778 1251 tabulas
1805 1227 1824 1250 a

714 1270 752 1305 C.
778 1270 889 1305 latine
915 1282 1041 1305 versas
1073 1271 1187 1314 (233).

654 1324 689 1359 S.
715 1324 929 1358 Franciscus
955 1324 1087 1367 Borgia
1123 1324 1256 1358 Romae
1283 1323 1353 1358 PP.
1375 1323 1526 1365 Natalis,
1555 1324 1604 1365 O„
1630 1322 1825 1357 Ledesmae

713 1379 841 1421 rogatu
876 1377 911 1412 S.
943 1377 1047 1411 Pium
1073 1378 1117 1412 V.
1152 1377 1228 1412 adit
1262 1377 1382 1421 eique,
1418 1377 1609 1411 eorundem
1644 1376 1824 1411 Sociorum

713 1431 858 1475 scriptis
891 1430 1044 1471 traditis,
1081 1430 1273 1474 diligenter
1298 1430 1493 1472 dissuadet,
1529 1442 1574 1464 ne
1609 1428 1825 1464 cardinalem

715 1484 1016 1519 Commendonum
1035 1483 1071 1517 in
1089 1484 1245 1518 comitiis
1263 1483 1403 1528 imperii
1422 1483 1635 1527 augustanis
1653 1482 1827 1516 adversus

713 1548 837 1582 pacem
863 1536 1046 1580 religionis
1072 1536 1265 1581 protestari
1289 1536 1411 1571 iubeat
1437 1536 1522 1579 (254
1549 1535 1646 1579 589).

656 1590 756 1625 Dom.
775 1590 817 1624 V.
845 1592 926 1635 post
956 1589 1097 1624 Pascha
1133 1589 1171 1625 C.
1207 1590 1242 1624 in
1277 1590 1429 1624 ecclesia
1465 1588 1663 1624 cathedrali
1699 1599 1826 1631 evang.

714 1643 784 1678 diei
819 1643 977 1688 explicat
1014 1655 1055 1677 ac
1093 1655 1156 1678 cur
1188 1645 1224 1677 et
1255 1643 1430 1687 quomodo
1456 1642 1553 1678 Deus
1580 1641 1735 1677 orandus
1770 1641 1828 1675 sit.

716 1697 819 1731 docet
846 1697 960 1740 (569).

656 1751 694 1785 F.
722 1750 766 1785 II.
792 1749 1030 1794 Rogationum
1061 1749 1097 1784 in
1122 1749 1256 1794 templo
1283 1749 1317 1784 S.
1338 1749 1481 1783 Ioannis
1508 1760 1636 1791 evang.
1664 1748 1734 1782 diei
1769 1759 1828 1781 ex-

716 1803 828 1848 plicat
853 1815 894 1837 ac
920 1803 963 1837 de
989 1803 1289 1848 processionibus,
1325 1802 1545 1837 abstinentia
1575 1805 1642 1837 etc.
1669 1804 1829 1846 tempore

717 1857 955 1900 Rogationum
977 1856 1133 1897 usitatis,
1159 1856 1328 1899 neglectu
1348 1856 1520 1890 orationis
1547 1855 1634 1890 dicit
1662 1855 1775 1898 (569).

659 1909 913 1945 Commendoni
938 1910 1039 1944 iussu
1064 1909 1249 1954 scriptum,
1276 1921 1345 1953 quo
1372 1909 1538 1944 catholici
1562 1908 1735 1953 scriptum
1754 1920 1830 1953 pro-

716 1964 926 1998 testantium
962 1963 1123 1997 refutant
1151 1965 1187 1997 et
1214 1963 1357 1997 decreta
1382 1962 1579 1997 tridentina
1605 1961 1829 2007 profitentur.

718 2016 830 2051 latine
855 2017 966 2051 vertit
994 2016 1108 2060 (597).

660 2070 1133 2113 F.111et1V.Rogati0num
1148 2069 1192 2103 ad
1207 2069 1241 2104 S.
1254 2069 1398 2103 Ioannis
1412 2069 1638 2103 contionatur
1651 2068 1701 2112 (‘?)
1718 2068 1830 2111 (570).

660 2129 839 2175 Scriptum
875 2129 1133 2164 catholicorum
1169 2141 1190 2163 a
1217 2128 1255 2163 C.
1282 2128 1394 2163 latine
1428 2128 1606 2163 redditum
1640 2139 1704 2173 per
1730 2127 1829 2162 Com-

718 2183 933 2217 mendonum
963 2183 1026 2216 Pio
1052 2183 1096 2217 V.
1124 2182 1281 2216 mittitur
1310 2182 1422 2225 (597).

660 2237 697 2272 C.
717 2236 786 2273 500
811 2236 973 2276 florenos,
1000 2235 1060 2280 qui
1087 2247 1132 2269 ex
1158 2235 1349 2278 legationis
1375 2235 1578 2280 pontificiae
1606 2234 1737 2268 viatico
1764 2234 1829 2278 ipsi

719 2291 922 2335 supersunt,
953 2289 1047 2334 apud
1075 2288 1244 2324 Ursulam
1270 2289 1473 2332 Fuggeram
1501 2289 1655 2333 deponit,
1683 2286 1832 2331 collegio

719 2344 906 2386 Augustae
932 2342 1113 2377 condendo
1140 2354 1202 2387 pro
1226 2342 1326 2376 initio
1346 2342 1538 2376 dotationis
1556 2341 1697 2375 futuros
1719 2340 1832 2383 (546).

661 2396 699 2431 C.
709 2394 944 2442 Oenipontem
957 2396 1056 2430 iussu
1065 2396 1104 2429 P.
1113 2394 1255 2430 Natalis
1265 2395 1464 2430 visitatoris
1475 2394 1754 2440 proficiscitur(7
1761 2393 1832 2435 70).

662 2456 751 2491 Cum
770 2455 997 2499 Magdalena,
1015 2455 1225 2498 Margarita,
1245 2454 1384 2489 Helena
1409 2454 1666 2489 archiducissis
1692 2455 1728 2487 et
1754 2463 1834 2487 cum

724 2508 937 2552 „regimine“
960 2508 1129 2542 Austriae
1148 2508 1343 2553 superioris
1361 2508 1437 2550 agit
1455 2508 1498 2542 de
1517 2509 1654 2541 rectore
1681 2506 1834 2549 collegii.

721 2562 974 2601 contionatore‚
1001 2561 1218 2595 monasterio
1245 2561 1279 2595 S.
1306 2560 1449 2600 Crucis;
1477 2559 1732 2594 archiducissis
1758 2570 1833 2604 per-

721 2615 858 2656 suadet,
891 2616 931 2648 ut
966 2616 1156 2648 contentae
1191 2615 1264 2648 sint
1289 2626 1358 2647 uno
1385 2613 1602 2648 confessario
1629 2624 1692 2657 per
1718 2612 1833 2647 Socie-

722 2670 834 2702 tatem
860 2667 948 2712 ipsis
975 2667 1192 2710 assignando
1221 2666 1306 2710 (274
1334 2667 1551 2708 771—773).

667 2721 943 2765 Christophorus
980 2721 1172 2755 Plautinus
1214 2721 1456 2764 typoyraplmcs
1498 2720 1752 2763 αηίυρνρὶεηείδ
1799 2720 1833 2751 (¹.

725 2772 951 2818 „Summanst
988 2775 1139 2807 latinam
1174 2786 1195 2807 (ι
1230 2785 1264 2807 se
1296 2784 1460 2806 excusam
1497 2773 1664 2816 Philippo
1694 2773 1744 2805 II.
1772 2773 1835 2806 Ili-

722 2830 870 2871 spam'ae
896 2830 971 2870 reyi
996 2828 1133 2861 dedicat
1162 2827 1278 2870 (814).

666 2881 703 2916 C.
723 2880 897 2915 cardinali
915 2880 1057 2913 Amulio
1083 2892 1146 2924 per
1172 2879 1312 2913 litteras
1332 2878 1532 2923 Oeniponte
1551 2878 1656 2912 datas
1680 2878 1836 2923 exponit.

724 2945 787 2968 cur
812 2945 880 2967 non
908 2933 1076 2978 expediat
1101 2944 1140 2966 se
1167 2933 1280 2966 denuo
1307 2932 1400 2976 apud
1420 2932 1605 2977 episcopos
1625 2931 1836 2966 Germaniae

725 2987 902 3030 legatione
928 2986 1111 3030 pontificia
1137 2986 1238 3028 fungi
1270 2985 1383 3028 (267).

666 3039 875 3074 Revertitur
902 3037 1107 3083 Augustam
1137 3038 1249 3082 (617).

668 3146 755 3181 Cum
775 3145 813 3179 P.
833 3144 961 3178 Natale
987 3144 1175 3179 visitatore
1201 3146 1238 3179 et
1256 3145 1295 3179 P.
1314 3144 1419 3178 Mart.
1437 3144 1674 3178 Leubenstain
1702 3145 1838 3177 rectore

728 3198 1003 3241 ingolstadiensi
1031 3196 1216 3243 Dilingam
1243 3197 1483 3243 proficiscitur
1510 3196 1592 3235 (617
1623 3196 1718 3238 772).
