2077 3461
221 201 322 236 1277.
349 201 494 236 Marcus
520 201 698 236 Antonius
724 200 888 235 Amulius
915 200 1068 236 Canisio.
1108 200 1221 234 Roma
1246 200 1312 234 sub
1342 199 1394 234 19.
1415 200 1487 234 Ian.
1508 200 1610 234 1566.
1747 202 1828 242 163

75 320 196 362 uobis
237 319 491 362 felicitatem
532 320 616 368 illi,
660 319 731 373 qui
772 319 1083 373 depositum
1125 332 1150 360 a
1183 318 1316 360 Paulo
1360 317 1704 360 commendatum
1744 332 1829 359 non

76 384 442 433 custodiunt1‚
486 385 562 426 sed
602 384 655 425 in
696 384 847 426 aliud
888 383 1067 437 quoduis
1108 383 1495 435 Euangelium,
1545 396 1672 435 quam
1717 383 1829 435 quod

74 450 272 504 Apostoli
305 449 631 499 annuntiarunt,
674 448 865 491 transf
873 463 894 490 e
907 448 1012 490 rri2
1053 462 1098 489 se
1130 447 1367 501 patiuntur,
1401 461 1539 499 neque
1571 461 1669 488 raro
1701 446 1828 488 fidem

73 515 250 569 perinde
282 528 332 556 ac
358 517 576 556 monetam
600 516 880 556 commutant.
923 514 1061 555 Deum
1092 512 1380 554 immortalem
1413 526 1467 553 ex
1490 512 1630 553 animo
1663 525 1828 566 precor,

73 580 196 622 uobis
227 583 275 622 ut
297 580 407 621 hanc
430 579 617 633 gratiam
647 581 691 620 et
712 579 810 620 fidei
833 579 1135 628 constantiam,
1169 591 1253 631 qua
1276 577 1534 631 praelucetis
1558 576 1827 626 Germaniae,

72 647 328 699 perpetuam
359 658 454 686 esse
486 643 604 686 uelit.
669 643 869 685 Coloniae
901 642 1167 697 Agrippinae
1199 642 1318 695 ferijs
1350 641 1619 696 Epiphaniae
1645 641 1827 684 Domini.

72 710 198 751 Anno
231 709 426 762 Virginei
456 711 608 762 partus
640 708 696 750 M.
712 708 763 750 D.
778 708 929 750 LXVI.

192 789 392 835 Epiphania
419 790 474 824 die
501 790 533 824 6.
553 789 707 823 Ianuarii
734 789 863 832 agitur,
899 791 1006 833 atque
1041 788 1107 823 hoc
1133 788 1189 822 die
1217 787 1400 822 canisium
1430 787 1495 822 has
1521 787 1662 821 litteras
1689 787 1829 821 dedisse

73 843 162 877 satis
196 843 283 877 mihi
317 843 506 887 probatur:
544 854 623 876 cum
659 844 779 876 autem
814 842 1014 886 Epiphania
1048 853 1150 875 suam
1185 841 1316 875 habeat
1354 841 1558 883 „octavam“
1595 842 1630 874 et
1665 840 1830 874 Canisius

77 896 196 938 „feriis
223 896 464 941 Epiphaniaeu
495 896 600 936 dicat,
635 907 705 929 non
736 895 811 937 „die
837 896 959 929 sacro“
990 894 1047 928 vel
1079 894 1153 936 „die
1188 894 1357 928 solemni‘*
1388 893 1618 939 Epiphaniae,
1655 893 1830 937 equidem,

73 950 103 984 si
130 961 208 983 eum
235 949 295 983 vel
321 949 377 983 die
403 950 435 983 6.
454 949 513 983 vel
547 949 666 992 aliquo
693 960 738 982 ex
764 948 937 992 proximis
963 948 983 982 6
1011 948 1135 981 diebus
1170 947 1259 981 11300
1285 947 1475 992 scripsisse
1501 946 1645 987 dixeris,
1681 958 1750 980 non
1776 957 1829 979 re-

73 1003 319 1047 pugnaverim.
371 1002 536 1037 Ceterum
564 1002 606 1036 de
631 1001 738 1035 huius
765 1001 930 1035 editionis
955 1002 1092 1035 ratione
1120 1000 1200 1034 vide
1226 1000 1318 1034 infra
1345 1012 1495 1034 monum.
1526 1000 1593 1034 litt.
1624 999 1712 1042 (13).

192 1055 363 1089 Consules
388 1067 464 1089 rem
489 1054 668 1099 publicam
694 1056 861 1097 gerentes
891 1054 1205 1097 (Biirgermeister)
1236 1053 1402 1088 Coloniae
1428 1065 1448 1087 a
1474 1053 1530 1087 24.
1551 1053 1640 1087 lunii
1670 1053 1758 1087 1565
1785 1053 1829 1086 ad

73 1109 128 1142 24.
147 1108 240 1142 Iunii
259 1109 350 1142 1566
376 1108 488 1142 fuisse
506 1107 752 1141 Hermannum
770 1106 990 1141 Sudermann
1010 1108 1045 1140 et
1062 1106 1296 1140 Bertholdum
1315 1106 1358 1140 ab
1378 1106 1586 1147 Heimbach,
1613 1118 1657 1139 ex
1675 1105 1831 1150 publicis

73 1161 171 1195 urbis
197 1161 330 1195 tabulis
364 1161 599 1204 intellegitur.
651 1160 871 1194 Sudermann
906 1160 977 1194 iam
1013 1159 1150 1203 aliquot
1185 1159 1286 1193 annis
1313 1162 1405 1200 ante,
1441 1171 1520 1193 cum
1551 1159 1644 1192 idem
1671 1158 1828 1192 officium

73 1214 351 1253 administraret,
379 1213 521 1248 Canisio
547 1215 655 1257 atque
682 1213 794 1247 Sociis
820 1212 983 1246 omnibus
1010 1212 1203 1246 amicitiam
1223 1214 1258 1246 et
1284 1212 1570 1246 benevolentiam
1596 1212 1831 1256 praestiterat

74 1267 179 1310 (Can.
206 1267 223 1301 1
251 1268 328 1301 111.
372 1268 560 1310 Polancns,
588 1265 787 1300 Chronicon
812 1265 862 1299 Vl
888 1266 956 1299 415
982 1267 1063 1300 417.
1108 1267 1265 1299 Litterae
1290 1265 1570 1309 quadrimestres
1598 1265 1657 1306 IV,
1692 1264 1830 1299 Matriti

75 1321 176 1362 1897,
202 1321 300 1363 549).

73 1423 222 1460 1277.
321 1423 606 1458 CARDINALIS
634 1397 1276 1459 RIARCUS'ANTONIUS
1295 1420 1614 1465 AMPLIUS,
1640 1423 1831 1468 episcopus

261 1478 430 1519 reatinus,
457 1477 657 1512 CANlSlO.
1195 1476 1308 1510 Roma
1332 1476 1398 1510 sub
1427 1477 1480 1510 19.
1500 1476 1654 1510 Ianuarii
1679 1476 1779 1511 1566.

192 1548 246 1582 Ex
285 1548 502 1593 apographis
539 1548 775 1593 epistularum
812 1546 978 1587 Polanci,
1018 1546 1140 1579 eodem
1175 1548 1335 1591 tempore
1370 1546 1526 1591 scriptis.
1587 1545 1726 1589 „Gernr
1759 1547 1825 1581 65⁶⁴

74 1601 98 1635 f.
126 1601 186 1635 53ὃ
213 1602 283 1636 701³.
334 1601 521 1646 Epistulae
546 1601 762 1635 mentionem
788 1600 857 1634 feci
883 1601 918 1633 in
945 1597 1159 1643 „Stlmmezst
1188 1605 1254 1633 etc.
1282 1598 1395 1632 LXXI
1421 1599 1500 1634 326.

190 1674 294 1707 Pium
329 1674 367 1707 V.
402 1673 548 1707 Canisz'o
583 1674 767 1715 mandare,
808 1676 844 1705 ut
878 1674 1058 1714 Aufflcstae
1096 1672 1246 1704 comitiis
1283 1671 1426 1714 imperii
1465 1671 1601 1704 intersit
1638 1674 1668 1704 et
1705 1671 1830 1704 deinde

71 1727 277 1769 Zeyutiouem
302 1738 323 1759 α
350 1727 415 1760 Pio
441 1727 502 1761 11⁷.
528 1727 597 1759 sibi
623 1728 841 1759 commissam
863 1729 1113 1768 prosequatur.

190 1791 230 1824 P.
256 1791 409 1824 Ioannes
443 1792 483 1823 tle
518 1791 685 1832 Polam-0,
722 1791 905 1823 societatis
940 1790 1020 1822 Iesu
1052 1789 1274 1829 secretarius,
1307 1790 1420 1823 Roma
1458 1793 1511 1822 19.
1539 1790 1710 1822 Ianuarii
1737 1791 1830 1822 1560*

72 1845 112 1878 P.
143 1845 359 1878 Theodorico
389 1844 533 1877 canisio
561 1845 597 1877 S.
624 1845 672 1885 J.,
714 1844 929 1876 Germaniae
961 1843 1159 1885 superioris
1189 1840 1517 1885 „viceprovincialffi‘
1545 1847 1574 1875 et
1609 1843 1742 1885 coileyii
1776 1843 1827 1875 cli-

74 1899 212 1941 Zc'uyani
246 1899 385 1940 rectori,
420 1899 585 1940 scre'pSe't:
621 1898 715 1940 „Qui
746 1908 877 1930 (ιηι-ονα
916 1907 961 1929 ua
999 1907 1069 1929 uua
1105 1896 1226 1928 lettera
1260 1897 1315 1929 del
1344 1896 1520 1929 Cardinal
1544 1897 1688 1929 Emulz'o
1707 1907 1776 1938 per
1801 1896 1828 1929 il

73 1952 254 1984 meclesimo
281 1952 399 1984 Padre
422 1951 468 1992 [i.
496 1962 521 1984 e.
550 1951 778 1984 Proue'mrz'ccle
807 1949 971 1991 Cauisz'o]
1004 1960 1068 1992 per
1102 1949 1242 1992 laquelle
1276 1960 1367 1982 come
1403 1950 1543 1983 intendo
1577 1960 1612 1982 se
1645 1950 1674 1982 li
1698 1950 1827 1982 ordina

73 2005 110 2038 ιίἰ
132 2010 235 2048 parte
269 2005 307 2037 di
332 2005 370 2038 S.
398 2004 538 2037 Santi&
576 2004 634 2036 che
667 2005 700 2036 si
733 2005 830 2036 ι’νοιιί
863 2004 936 2036 alla
962 2003 1052 2035 (Ziela
1081 2007 1110 2035 et
1135 2004 1241 2045 ‹lopoi
1265 2004 1391 2045 seyuiti
1417 2003 1577 2036 Z’ordc'ne
1602 2003 1661 2035 che
1685 2003 1826 2035 haueua

72 2059 127 2091 del
151 2069 214 2091 suo
234 2055 513 2100 predecessore.“
564 2058 661 2089 Idem
687 2057 864 2090 Polancus
888 2057 1002 2089 Roma
1032 2058 1064 2090 2.
1091 2056 1220 2088 Mctrlii
1248 2058 1340 2089 1566
1365 2057 1468 2089 Petro
1498 2056 1663 2089 canisio:
1699 2056 1766 2099 „Se
1800 2056 1828 2088 li

73 2111 89 2144 ὲ
113 2111 284 2144 mandata
311 2122 383 2143 una
409 2112 529 2143 lettera
555 2111 610 2142 del
640 2110 815 2143 Carclinal
840 2110 984 2143 Amulio
1010 2120 1071 2142 con
1101 2110 1341 2142 commissione
1371 2109 1424 2142 del
1460 2120 1551 2142 nouo
1577 2110 1646 2142 PP.
1673 2110 1713 2141 de
1749 2120 1825 2142 cou-

72 2166 217 2197 tc'uuare
243 2165 277 2196 ἴα
306 2165 413 2196 uisita
432 2163 653 2205 comineiaca,
678 2164 782 2205 finita
809 2163 867 2196 che
884 2174 972 2196 sara
989 2163 1025 2195 ἷα
1044 2163 1147 2204 dieta,
1174 2163 1374 2206 nellaquale
1398 2165 1429 2196 si
1451 2168 1602 2196 trouara
1626 2163 1662 2196 V.
1682 2160 1747 2195 R.“
1767 2166 1825 2195 etc.

190 2229 254 2262 Pio
280 2228 340 2263 IV.
367 2228 399 2262 9.
426 2228 635 2262 Decembris
664 2229 753 2262 1565
779 2230 928 2269 mortuo,
956 2226 1089 2262 Canisii
1114 2227 1248 2270 legatio
1274 2227 1455 2273 pontificia
1481 2228 1634 2272 abrupta
1664 2230 1699 2261 et
1725 2228 1826 2261 finita

73 2286 146 2324 est,
182 2285 375 2326 antequam
412 2281 576 2316 Canisius
611 2281 654 2315 ad
689 2281 875 2326 episcopos
910 2283 1260 2324 argentoratensem,
1297 2282 1594 2321 vormatiensem,
1628 2281 1825 2325 spirensem

74 2335 120 2380 [v.
140 2335 234 2370 infra
259 2347 351 2369 mon.
371 2346 444 2377 ger.
464 2334 486 2368 l.
509 2333 601 2378 (13)]
629 2345 670 2368 30
695 2334 850 2368 fortasse
877 2334 920 2368 ad
947 2334 1147 2379 complures
1175 2334 1264 2368 alios
1284 2333 1498 2368 Germaniae
1523 2345 1688 2379 proceres
1714 2334 1826 2378 ponti-

72 2390 151 2423 ficis
185 2389 356 2423 mandata
391 2388 590 2422 detulisset.
640 2387 705 2421 Die
739 2390 859 2422 autem
893 2388 923 2422 7.
952 2388 1106 2421 Ianuarii
1135 2388 1225 2421 1566
1251 2387 1406 2421 Michael
1432 2387 1624 2422 cardinalis
1652 2386 1826 2421 Gislerius

73 2442 114 2477 Ο.
140 2443 199 2476 Pr.
227 2442 364 2476 electus
390 2443 446 2475 est
471 2441 633 2485 pontifex
660 2443 696 2474 et
721 2452 800 2475 cum
827 2440 968 2474 nomine
994 2441 1049 2474 Pii
1077 2440 1118 2475 V.
1146 2440 1335 2474 ecclesiam
1362 2452 1487 2484 regere
1513 2440 1639 2485 coepit.
1682 2440 1759 2482 Qui,
1786 2445 1825 2473 ut

73 2507 119 2530 ex
144 2495 291 2529 Polanci
317 2495 438 2529 verbis
464 2494 696 2537 intellegitur,
724 2493 904 2528 Canisium
937 2496 972 2527 et
998 2494 1200 2537 Augustam
1237 2494 1279 2527 ad
1315 2493 1478 2538 proxima
1510 2494 1647 2538 imperii
1682 2494 1825 2528 comitia

73 2549 180 2590 adire,
207 2551 243 2582 et
268 2548 324 2582 his
350 2547 524 2582 absolutis
550 2547 766 2590 legationem
791 2547 889 2581 illam
916 2547 1132 2592 pontificiam
1160 2548 1326 2592 prosequi
1352 2546 1468 2581 iussit.

73 2655 162 2689 felix
189 2654 399 2699 Agrippina,
426 2654 629 2697 Sanctaque
649 2653 804 2694 Colonia,
831 2653 1040 2687 Sanctitatis
1067 2656 1149 2687 tuae
1177 2653 1258 2687 bina
1278 2652 1414 2687 Gerens
1440 2652 1664 2686 testimoffia‘
1687 2655 1723 2686 et
1745 2655 1825 2687 octo

73 2707 231 2752 strophis
258 2707 497 2747 constituitur,
534 2718 625 2750 quae
652 2709 846 2750 quaternos
880 2706 1013 2740 habent
1039 2718 1167 2740 versus
1203 2706 1374 2740 extremis
1409 2705 1560 2750 syllabis
1594 2705 1668 2739 fere
1703 2717 1823 2741 conso-

74 2765 212 2795 nantes.
263 2760 456 2804 Sequentia
491 2760 579 2793 11300
615 2760 649 2793 111
676 2759 747 2793 ritu
772 2760 850 2793 sive
884 2759 1032 2802 liturgia
1067 2759 1259 2793 coloniensi
1295 2759 1489 2792 canebatur
1516 2758 1573 2792 vel
1607 2758 1825 2794 recitabatur

74 2813 216 2849 saeculo
241 2813 336 2847 XVI.
364 2813 420 2847 die
448 2813 501 2847 12.
529 2813 608 2846 Iulii
644 2813 736 2846 inter
769 2812 915 2847 missam
942 2812 1002 2847 SS.
1026 2812 1155 2847 Felicis
1190 2814 1226 2846 et
1251 2811 1402 2846 Naboris
1437 2813 1636 2856 martyrum
1666 2811 1826 2855 (Mt'ssale

73 2866 235 2901 Diocesis
254 2866 485 2907 Coloniensis,
511 2865 688 2910 [Parisiis]
711 2866 810 2903 1514.
837 2866 861 2899 f.
881 2866 915 2901 §D
934 2865 1027 2907 Vla),
1055 2869 1172 2909 atque,
1200 2865 1316 2899 sinon
1335 2876 1375 2899 eo
1399 2865 1552 2905 saeculo,
1580 2867 1675 2899 certe
1694 2865 1824 2900 XVIII.

75 2919 154 2953 aliis
180 2930 319 2963 quoque
345 2920 470 2954 diebus
495 2919 619 2960 sacris,
644 2921 685 2952 ut
710 2917 769 2952 SS.
789 2918 910 2952 Albini
937 2922 972 2952 et
993 2918 1114 2952 10000
1140 2921 1338 2962 martyrum
1358 2918 1430 2960 (22.
1449 2917 1570 2960 Iunii),
1596 2917 1655 2952 SS.
1675 2919 1822 2953 duorum

75 2972 300 3006 Ewaldorum
341 2972 388 3014 (3.
417 2972 612 3015 Octobris),
649 2971 682 3005 S.
711 2971 863 3005 Ursulae
899 2974 934 3005 et
969 2971 1150 3005 Sociarum
1190 2973 1388 3014 martyrum
1429 2970 1501 3013 (21.
1537 2971 1717 3015 Octobris)
1755 2974 1821 3006 etc.

78 3025 235 3069 (Missale
269 3024 303 3059 S.
329 3025 549 3059 Coloniensis
584 3024 777 3064 Ecclesiae,
813 3024 978 3058 Coloniae
1008 3024 1107 3062 1756,
1143 3024 1209 3058 451
1238 3024 1306 3058 468
1333 3023 1401 3059 528
1429 3024 1496 3058 543
1523 3024 1591 3059 546
1618 3025 1713 3068 561).
1764 3024 1823 3059 Se-

75 3078 268 3122 quentiam,
302 3081 445 3123 praeter
474 3080 656 3112 Gelenium»
683 3077 722 3121 (l.
742 3089 771 3111 0.
790 3077 873 3119 657)
902 3079 936 3110 et
963 3076 1126 3111 Missalia
1161 3076 1396 3118 coloniensia,
1432 3077 1564 3111 habent
1599 3078 1706 3112 etiam
1733 3090 1822 3112 00111-

74 3130 194 3175 plures
219 3130 301 3164 libri
326 3131 586 3176 hymnologici;
614 3131 696 3165 vide
723 3132 772 3165 L'l.
796 3130 988 3173 chevalier,
1015 3129 1260 3174 Repertorium
1286 3129 1584 3175 Hymnologicum
1610 3131 1636 3172 1,
1664 3130 1823 3166 Louvain

78 3183 177 3224 1892,
204 3184 284 3224 405,
309 3195 342 3217 n.
361 3184 465 3218 6772.
615 3185 622 3203 ¹
652 3184 667 3218 1
697 3183 774 3217 Tim
801 3183 832 3224 6,
859 3183 914 3217 20.
965 3183 986 3215 2
1013 3182 1089 3216 Tim
1119 3184 1148 3222 1,
1177 3183 1230 3216 14.
1376 3183 1389 3203 ²
1415 3182 1481 3217 Gal
1511 3184 1540 3223 1,
1568 3184 1599 3217 6.

1472 3243 1540 3276 11*
