2045 3471
405 201 500 235 Mon.
521 201 589 235 744
614 201 692 234 sive
719 212 830 244 germ.
850 200 871 236 l.
895 200 983 245 (19).
1024 201 1078 235 25.
1098 199 1288 234 Now—4.
1308 199 1393 233 Dec.
1415 200 1515 233 1565.
1759 200 1840 241 661

84 319 194 363 igitur
211 319 406 362 significari
426 330 563 359 censeo,
591 330 670 352 cum
698 318 732 352 in
759 318 890 352 litteris
910 317 1010 352 Hasii
1038 317 1223 357 asseritur,
1242 318 1454 361 Noviomagi
1482 329 1512 351 a.
1530 317 1619 351 1565
1640 328 1717 351 cum
1737 316 1846 349 Petro

85 372 228 407 Canisio
254 373 404 406 fratrem
430 371 543 415 ipsius
570 371 696 412 egisse.
749 371 834 405 Otto
863 371 898 413 (†
928 371 1018 405 1586
1030 372 1064 414 2³)
1103 383 1133 404 a.
1164 371 1253 405 1568
1280 370 1465 405 Arnhemii
1500 382 1592 404 unus
1618 381 1663 404 ex
1689 369 1846 404 scabinis

84 425 183 459 urbis
217 428 312 460 erat:
348 425 408 458 ubi
443 424 598 458 fortasse
635 425 702 457 iam
740 427 823 458 ante
850 435 881 459 a.
903 425 993 458 1565
1020 426 1053 457 et
1081 423 1158 468 ipse
1194 426 1230 457 et
1257 423 1446 458 Gisbertus
1472 424 1584 457 frater
1611 423 1847 457 consederant

85 479 179 519 (Van
204 480 270 511 den.
298 478 414 521 Beryh
438 477 460 510 l.
481 489 509 511 c.
542 478 625 511 164:
653 478 722 519 [G.
741 490 810 511 ran
830 477 1004 520 Hasselt,]
1030 477 1182 522 Kronijk
1210 489 1279 510 van
1307 477 1475 514 Arnhem.
1503 479 1538 510 te
1564 476 1723 510 Arnhem
1744 475 1845 517 1790,

86 532 181 575 174).
233 532 356 575 Neque
390 533 511 564 tamen
547 531 710 574 equidem
737 531 802 564 hos
828 531 988 564 adfuisse
1015 542 1161 574 prorsus
1187 526 1414 572 negaverim3
1451 530 1528 563 fieri
1565 531 1657 563 enim
1694 530 1846 573 poterat,

83 587 124 619 ut
149 584 209 618 vel
234 584 384 618 Hasium
420 583 479 617 vel
514 595 583 624 ρος,
620 585 680 626 qui
716 584 784 628 ipsi
819 595 877 617 res
907 583 1113 624 narrabant,
1149 583 1320 617 memoria
1354 583 1507 617 falleret.
1558 581 1658 623 Quod
1694 583 1847 626 denique

84 639 128 672 ad
163 638 315 672 fratrum
352 637 493 670 illorum
529 647 763 680 sororumque
801 636 932 671 liberos
970 637 1118 676 attinet,
1158 636 1326 677 aderant,
1367 638 1471 680 puto,
1511 636 1660 669 Iacobus
1699 635 1847 678 eiusque

83 691 215 725 fratres
241 693 277 725 et
302 702 411 731 soror,
437 690 539 724 liberi
559 689 795 723 WVendelinae
821 702 903 724 vom
930 689 1059 730 Triest,
1086 690 1129 723 de
1155 689 1285 733 quibus
1311 689 1405 722 infra
1431 701 1464 733 p.
1484 689 1573 728 66·2;
1602 689 1752 722 aderant
1777 688 1847 721 for-

84 747 182 778 tasse
208 744 318 778 etiam
343 743 501 777 Arnolda
527 743 786 785 Valkenborgh
822 743 926 786 (uxor
955 742 1134 776 Francisci
1160 742 1295 783 Melen)
1334 744 1442 786 atque
1478 742 1627 776 Iacobus
1659 741 1767 785 (1558
1803 741 1847 775 ad

86 798 174 832 1591
196 796 303 841 [1608
313 796 364 841 ‘?])
392 799 428 830 et
445 796 653 830 Theodorus
674 795 942 839 (1565—1625)
970 795 1154 840 Rijswick,
1175 795 1348 838 Aegidiae
1366 795 1479 829 Kanis
1496 795 1618 835 liberi;
1647 806 1692 828 ex
1718 795 1848 838 quibus

85 850 153 885 duo
178 851 230 884 illi
257 850 433 884 Risvickii
460 852 586 894 postea
613 848 829 883 Societatem
857 850 937 883 Iesu
969 851 1054 883 sunt
1081 849 1235 892 ingressi
1266 849 1371 891 (Can.
1400 849 1413 882 I
1443 849 1536 882 116¹.
1583 849 1847 891 Sommervogtel,

84 903 173 938 Bibl.
193 904 244 938 VI
263 904 366 938 1855.
400 904 614 946 Klezjntjetz.5
638 902 659 936 l.
680 914 709 937 c.
731 903 929 937 192—193.
965 903 1187 945 Reiffenbery
1205 901 1228 936 l.
1248 913 1277 936 c.
1297 902 1496 936 592—593.
1534 902 1678 944 Allarct,
1698 900 1845 934 Studien

84 956 126 992 D.
153 957 235 991 XLI
263 957 459 997 145—160‚
485 955 607 1001 Bijl.);
643 958 746 990 erant
776 958 996 1000 praesentes,
1033 955 1101 989 nisi
1135 955 1250 996 fallor,
1285 955 1437 996 Verena,
1473 955 1662 996 Hem-icus,
1697 954 1848 988 Iacobus

84 1010 227 1051 Uwens,
262 1010 327 1044 filii
353 1009 537 1044 Laurentii
564 1009 707 1049 Uwens,
742 1021 787 1042 ex
822 1009 939 1053 priore
966 1008 1197 1043 Elisabethae
1224 1009 1337 1042 Kanis
1374 1008 1537 1052 coniugio
1572 1009 1660 1048 orti;
1697 1018 1848 1052 quorum

84 1063 147 1097 filii
168 1064 318 1098 loannes
337 1063 511 1108 Baptista,
539 1061 765 1104 Laurentius,
792 1062 877 1096 Otto
896 1062 1073 1096 Henricus
1099 1064 1224 1106 postea
1250 1062 1421 1097 Societati
1448 1062 1527 1095 lesu
1553 1073 1681 1095 nomen
1708 1060 1848 1094 dedisse

83 1117 276 1151 traduntur
304 1116 531 1160 (Kleijntjens
565 1116 588 1150 1.
615 1127 644 1150 c.
674 1116 871 1150 194—195.
923 1117 1047 1159 Prosp.
1075 1117 1352 1159 I'anderspeeten
1380 1115 1412 1149 S.
1441 1115 1484 1155 J.,
1521 1115 1588 1149 Vie
1623 1115 1670 1148 du
1697 1115 1736 1148 B.
1757 1114 1848 1148 Jean

84 1170 316 1211 Berchmans,
343 1170 505 1204 Louvain
534 1168 635 1210 1865,
666 1169 770 1210 453);
811 1169 893 1203 item
921 1169 1076 1203 fortasse
1103 1169 1263 1209 Iacobus,
1293 1168 1442 1202 Gerardi
1469 1168 1581 1202 Kanis
1608 1168 1702 1201 filius
1731 1168 1849 1210 (cuius

84 1223 180 1258 filius
204 1224 355 1258 Iacobus
380 1225 506 1268 postea
533 1222 748 1256 Societatem
775 1223 962 1265 ingressus
989 1222 1073 1265 est),
1101 1224 1137 1256 et
1154 1221 1379 1261 Wendelina,
1406 1221 1562 1255 eiusdem
1588 1220 1737 1255 Gerardi
1764 1220 1848 1261 filia,

85 1288 192 1321 quam
231 1280 356 1322 postea
395 1276 554 1311 Gerardo
591 1275 678 1309 then
718 1275 825 1309 Haeff
869 1276 1035 1320 nupsisse
1079 1275 1201 1309 dicunt
1241 1274 1469 1318 (Klev'jntjens
1506 1274 1528 1309 l.
1568 1286 1597 1308 c.
1639 1274 1847 1309 196—198.

84 1332 171 1365 Rob.
198 1331 370 1375 Scholten,
407 1330 472 1363 Die
499 1329 604 1363 Stadt
629 1329 750 1369 Cleve,
787 1328 897 1363 Cleve
926 1329 1026 1370 1879,
1054 1329 1174 1371 440¹);
1210 1329 1339 1372 quibus
1374 1328 1594 1362 accedebant
1625 1327 1703 1368 alii3
1740 1330 1849 1370 atque

84 1385 229 1418 Raclero
263 1383 301 1427 (l.
329 1395 358 1417 c.
388 1383 470 1426 123)
511 1383 541 1417 si
581 1383 769 1423 credimus,
805 1382 1020 1426 Noviomagi
1056 1384 1142 1416 tunc
1178 1384 1410 1424 cognatorum
1451 1383 1612 1423 „centum
1649 1383 1685 1414 et
1718 1379 1849 1423 viginti

85 1437 309 1482 superstites,
336 1448 459 1470 omnes
484 1436 647 1481 proxima
674 1435 732 1469 vel
759 1435 1026 1480 propinquitate
1053 1435 1112 1469 vel
1140 1435 1318 1469 affinitate
1338 1434 1521 1469 Canisium
1548 1434 1846 1478 contingebant“;

85 1502 176 1535 quae
203 1502 307 1535 quam
336 1502 421 1524 vere
448 1490 544 1524 dicta
569 1491 664 1530 sunt,
689 1501 758 1523 non
786 1491 894 1522 vacat
921 1489 1101 1532 indagare.

204 1542 378 1585 Quoniam
412 1546 489 1577 tum
525 1542 561 1576 in
596 1542 663 1576 hoc
696 1544 935 1583 monumento,
972 1544 1048 1575 tum
1084 1541 1119 1575 in
1154 1540 1315 1586 proximo
1347 1543 1494 1575 senatus
1520 1540 1717 1585 imperialis
1742 1539 1849 1574 huius

83 1597 182 1632 urbis
215 1597 508 1640 noviomagensis
546 1607 627 1630 cum
664 1595 797 1629 honore
833 1597 1063 1636 memoratur,
1099 1594 1242 1628 nomina
1277 1594 1336 1628 hic
1372 1605 1472 1638 pono,
1508 1605 1600 1638 quae
1626 1593 1849 1635 Noviomago

86 1651 143 1685 die
178 1651 209 1685 7.
236 1650 444 1684 Decembris
482 1649 572 1684 1907
609 1650 654 1683 D.
683 1650 718 1683 J.
746 1660 814 1682 van
842 1649 1094 1682 Scheria-havera
1133 1648 1231 1690 (vide
1265 1659 1375 1692 supra
1410 1659 1443 1691 p.
1471 1647 1554 1690 657)
1592 1646 1851 1681 humanissime

85 1715 224 1738 mecum
260 1703 587 1738 *communicavit2
624 1702 726 1736 Anno
756 1703 846 1736 1565
882 1704 985 1736 erant
1019 1701 1184 1735 consules
1219 1700 1297 1734 sive
1324 1700 1489 1743 magistri
1519 1700 1652 1734 civium
1681 1700 1851 1743 (Biirger—

85 1757 269 1800 meister):
308 1758 338 1791 1.
365 1756 564 1790 VVernerus
597 1768 667 1789 van
704 1755 867 1800 Lennep,
905 1755 937 1789 2.
973 1755 1152 1788 Henricus
1189 1766 1259 1788 van
1295 1754 1486 1794 Beinhoni;
1527 1756 1731 1787 senatores:
1770 1753 1851 1787 Van

86 1810 314 1853 Bronchorst,
351 1822 422 1844 van
448 1809 639 1850 Doornick,
666 1809 844 1843 Martinus
872 1820 940 1842 van
960 1808 1123 1848 Andelst,
1150 1807 1337 1848 Hachfort,
1364 1807 1515 1841 Ioannes
1541 1807 1712 1847 Touman,
1740 1806 1852 1847 Roist,

85 1875 156 1897 van
170 1863 432 1907 Ringenbemh,
449 1862 662 1897 Guilielmus
678 1861 799 1901 Pieck,
818 1861 998 1895 Henricus
1016 1872 1086 1894 van
1108 1860 1373 1901 Boenenborch,
1392 1860 1542 1894 loannes
1560 1871 1630 1894 van
1645 1859 1850 1900 Welderen,

39 1933 42 1937 ’
84 1928 155 1951 van
174 1916 342 1958 Heteren,
370 1915 585 1951 Guilielmus
613 1926 681 1949 van
701 1915 910 1955 Hoekelom,
936 1925 1008 1948 van
1032 1914 1287 1957 Steenbergen,
1314 1913 1466 1947 Ioannes
1492 1925 1563 1947 van
1581 1913 1751 1953 Zanthen,
1778 1924 1850 1947 van

86 1970 211 2010 Zellar,
238 1981 308 2004 van
335 1968 637 2004 Schorrenborch.

205 2023 371 2057 Ceterum
400 2034 444 2056 ex
470 2023 601 2056 Busaei
629 2022 665 2055 et
690 2020 855 2065 Dionysii
880 2020 1116 2055 relationibus
1143 2020 1245 2054 modo
1271 2019 1465 2065 propositis
1491 2019 1598 2054 facile
1632 2021 1742 2064 patet,
1777 2018 1850 2053 labi

86 2078 297 2119 Lonqarum
323 2077 414 2120 deyli
435 2077 535 2117 Oddc',
562 2087 641 2109 cum
668 2075 710 2108 de
730 2074 872 2108 canisio
899 2076 1054 2108 exeunte
1081 2085 1172 2107 anno
1194 2073 1283 2107 1565
1302 2072 1516 2116 Noviomagi
1544 2074 1686 2106 versato
1705 2072 1849 2107 scribit:

89 2130 149 2172 „In
174 2129 241 2163 soli
268 2132 343 2164 otto
370 2129 496 2173 giorni,
524 2128 589 2162 che
619 2129 653 2162 vi
680 2128 711 2162 si
737 2129 930 2168 trattenne,
957 2128 1102 2172 predico
1129 2138 1216 2172 poco
1242 2138 1323 2160 men
1350 2126 1415 2161 che
1441 2126 1525 2170 ogni
1552 2126 1587 2160 di
1605 2125 1700 2159 nella
1719 2125 1850 2160 Chiesa

85 2183 290 2226 maggiore“
313 2183 352 2225 (1.
372 2194 400 2216 c.
423 2182 517 2225 173),
545 2185 581 2215 et
606 2181 678 2215 labi
705 2180 815 2215 etiam
841 2181 958 2223 magis
976 2182 1012 2214 J.
1034 2182 1082 2214 M.
1104 2181 1138 2214 S.
1159 2181 1373 2224 Dauriynac
1398 2179 1658 2213 affirmantem:
1690 2179 1850 2222 „Durant

84 2236 137 2270 les
163 2236 242 2269 huit
261 2235 362 2281 jours
380 2235 466 2279 qu'il
485 2246 593 2279 passa
612 2234 701 2268 dans
719 2235 814 2268 cette
832 2233 929 2274 ville,
956 2233 981 2267 il
999 2233 1132 2278 precha
1150 2233 1239 2266 dans
1257 2235 1376 2267 tontes
1394 2233 1447 2267 les
1466 2232 1617 2275 eglises“
1644 2231 1682 2275 (l.
1702 2244 1730 2266 c.
1751 2232 1848 2276 274).

84 2288 298 2332 Noviomagi
326 2300 365 2323 eo
391 2291 552 2333 tempore
580 2287 764 2321 minimum
792 2289 871 2321 octo
899 2287 1092 2321 exstabant
1119 2286 1304 2320 ecclesiae.

87 2392 191 2429 744
216 2395 294 2428 sive
321 2402 489 2438 germ.
510 2392 544 2428 l.
566 2392 694 2437 (19).
770 2391 825 2427 25.
844 2391 928 2427 Nov.
942 2390 1031 2426 -4,
1051 2390 1131 2426 Dec.
1150 2390 1243 2426 1565.

204 2465 257 2499 Ex
285 2464 520 2508 autographo.
549 2464 633 2498 Cod.
656 2462 858 2508 „Epistolae
885 2463 928 2496 ad
955 2462 994 2496 P.
1018 2462 1519 2496 M.Raderu1111606—1615
1544 2461 1577 2494 1“
1608 2473 1641 2495 n.
1660 2461 1715 2502 48,
1744 2460 1764 2503 ἓ
1790 2460 1846 2494 24..

85 2517 320 2563 Autographo
356 2517 497 2562 copiose
532 2528 619 2551 usus
654 2520 709 2550 est
744 2518 918 2559 Raderus,
956 2516 1041 2549 Can.
1069 2515 1275 2556 223—224;
1311 2516 1355 2550 cf.
1383 2515 1491 2549 ctiam
1526 2527 1559 2559 p.
1585 2514 1662 2548 153.
1714 2513 1848 2547 Eodem

85 2584 173 2607 usus
207 2583 284 2606 sum
320 2574 356 2605 et
391 2570 574 2615 complura
609 2582 654 2604 ex
689 2582 730 2604 eo
763 2570 969 2613 germanice
1004 2580 1110 2602 versa
1146 2569 1280 2613 protuli
1314 2569 1349 2602 in
1387 2566 1602 2613 „Stimmen“
1630 2570 1697 2601 etc.
1734 2566 1847 2600 LXXI

89 2626 283 2660 170—176.
334 2624 501 2669 Epistula
525 2635 612 2657 usus
639 2628 695 2657 est
721 2624 828 2657 etiam
855 2624 898 2657 L.
927 2634 992 2656 can
1020 2623 1127 2656 Miert
1153 2622 1175 2656 l.
1203 2634 1232 2656 c.
1260 2622 1386 2656 5—11.

207 2696 375 2729 Canisius
400 2695 610 2736 Noviomaffl'
636 2695 733 2737 apud
764 2695 953 2727 'I'riestimn
979 2694 1116 2726 sororis
1142 2694 1310 2726 ”retritum
1337 2693 1488 2725 divertit.
1531 2692 1620 2725 Vz'no
1646 2692 1848 2724 honoratur

85 2761 107 2782 (ι
141 2754 263 2783 senatu
299 2749 511 2792 eundemque
546 2748 767 2781 eoehortatmz
829 2748 872 2780 In
907 2747 1008 2780 domo
1049 2747 1193 2779 Triestic'
1226 2751 1406 2789 senutzmz,
1443 2747 1594 2788 clerum,
1624 2746 1848 2788 propinquos

85 2804 253 2836 conviviis
287 2804 425 2845 (accipit.
477 2802 521 2834 In
555 2802 680 2844 templo
715 2805 745 2833 et
778 2800 897 2833 schola
933 2801 1112 2833 orationes
1146 2799 1257 2833 habet.
1308 2800 1508 2843 Propinqui
1541 2799 1624 2841 fidei
1658 2798 1847 2831 catholicae

86 2857 320 2889 constantiam
360 2857 391 2888 ei
422 2856 647 2898 promittunt.
708 2855 752 2886 ln
791 2853 1054 2886 valetudinario
1089 2853 1306 2896 propinquis
1345 2853 1598 2885 eucharistiam
1637 2851 1779 2894 praebet
1817 2855 1847 2884 et

86 2920 164 2942 cum
189 2910 235 2942 iis
254 2909 423 2951 prandet,
450 2909 562 2940 multa
587 2908 677 2940 vitoe
702 2907 861 2940 subsidia
882 2906 1106 2950 pauperibus
1131 2906 1346 2949 relinquens,
1397 2906 1633 2944 Bibliothecae
1654 2909 1798 2948 puryat.

204 2976 432 3013 Prooemium
458 2975 634 3011 editoris:
662 2976 701 3010 P.
720 2976 927 3010 Matthaeus
951 2975 1113 3009 Raderus
1141 2976 1173 3010 S.
1194 2975 1226 3009 J.
1257 2976 1316 3018 (de
1343 2987 1412 3019 quo
1441 2976 1527 3009 Can.
1556 2975 1604 3008 III
1630 2974 1846 3018 660—661),

87 3042 167 3064 cum
192 3032 380 3075 Augustae
405 3029 673 3065 vindelicorum
710 3032 746 3063 et
771 3028 950 3063 Monachii
977 3029 1111 3063 Canisii
1147 3029 1260 3063 vitam
1295 3028 1478 3068 scriberet,
1515 3028 1658 3062 Patrem
1694 3027 1845 3062 Hasium

86 3083 207 3128 aliqua
242 3084 285 3118 ad
321 3095 400 3118 eam
434 3094 510 3117 rem
547 3082 708 3117 conferre
742 3093 847 3127 posse
882 3081 1032 3116 audivit.
1084 3082 1234 3116 loannes
1261 3081 1395 3116 Hasius
1423 3081 1689 3125 (1543—1624)
1722 3081 1845 3115 busco-

87 3137 269 3178 ducensis,
306 3137 522 3171 Societatem
558 3136 639 3170 Iesu
677 3147 708 3170 a.
738 3136 828 3170 1562
865 3135 1032 3169 Coloniae
1067 3135 1272 3178 ingressus,
1311 3135 1346 3168 in
1381 3134 1618 3169 universitate
1653 3133 1845 3168 coloniensi

85 3189 366 3235 philosophiam,
403 3190 436 3223 in
471 3189 713 3234 herbipolensi
748 3200 811 3233 per
846 3200 974 3222 novem
1009 3200 1122 3223 annos
1148 3188 1182 3223 S.
1207 3188 1363 3222 Thomae
1390 3188 1571 3222 Summam
1606 3187 1843 3231 theologicam
