2045 3471
219 230 302 270 532
462 224 562 260 1469.
590 222 755 258 Canisius
780 220 964 255 Leonardo
990 218 1130 254 Kessel.
1181 217 1347 261 Augusta
1369 213 1470 250 Vind.
1489 215 1545 250 29.
1564 213 1647 248 Iulii
1668 214 1771 248 1567.

220 343 372 379 1469.
474 340 690 376 CANISIUS
717 338 780 375 P.
806 334 1180 374 LEONARDO
1208 331 1477 369 KESSEL
1506 331 1560 368 S.
1587 330 1660 373 J„
1686 329 1815 365 rectori
1843 327 1986 372 collegii

411 394 638 430 coloniensis.
1319 388 1486 430 Augusta
1511 384 1617 419 Vind.
1644 384 1701 418 29.
1727 383 1809 417 Iulii
1837 381 1938 416 1567.

339 466 396 501 Ex
422 464 678 500 commentario
704 463 765 497 vel
790 461 1007 507 apographo,
1034 460 1076 494 de
1103 470 1172 503 quo
1199 469 1308 503 supra
1333 469 1367 491 n.
1388 455 1492 491 1468.

340 538 379 571 Ρ.
407 536 620 570 Leonardus
646 535 766 568 Kessel
792 534 828 567 S.
848 534 884 566 J.
911 537 1026 566 rector
1058 530 1194 573 colleqii
1229 528 1438 561 coloniensis
1467 526 1615 560 Colonia
1641 527 1696 558 23.
1717 523 1871 567 Auyusti
1898 524 1989 556 1567

223 592 293 633 (vel
327 601 399 625 uno
434 601 477 624 ex
505 590 688 632 proximis
713 586 852 627 diebus)
883 586 1029 619 canisio
1054 584 1219 626 scripsit:
1255 582 1522 626 „Dem‘manona
1549 578 1704 622 Auyusti
1728 578 1842 619 recepi
1867 576 1990 609 literas

223 645 255 678 R
294 645 330 677 V.
356 645 510 686 scriptas
534 645 580 676 29
606 642 702 684 Julij
726 652 803 674 cum
830 640 986 681 catalogo
1012 638 1187 671 librorum
1218 635 1372 677 Onosrij,
1399 644 1498 677 quem
1523 633 1678 675 sequenti
1703 631 1759 663 die
1785 640 1863 663 cum
1888 629 1989 671 copia

223 698 467 731 conzwrsionis
494 696 640 730 Comitis
664 695 775 727 detuli
800 694 848 726 ad
872 693 912 726 P.
932 688 1105 725 Suriam“
1133 694 1192 722 etc.

345 767 510 802 Canisius
534 766 602 800 hoc
628 769 787 810 tempore
814 764 852 798 P.
873 761 1095 806 Onuphrium
1122 758 1339 794 Panvinium
1363 756 1403 791 O.
1424 757 1482 791 Er.
1502 756 1535 790 S.
1558 755 1660 798 Aug„
1685 753 1863 796 insignem
1889 750 1990 784 illum

224 821 397 855 historiae
433 819 701 854 ecclesiasticae
736 807 945 861 scriptorem
978 815 1037 857 (cf.
1065 824 1174 858 supra
1201 824 1234 857 p.
1262 811 1359 854 523),
1395 809 1591 844 adiuvabat
1615 810 1692 841 tum
1728 807 1763 840 in
1797 804 1992 840 rarioribus

225 874 438 919 quibusdam
467 873 567 907 libris
593 871 808 916 quaerendis
834 872 910 903 tuni
936 868 972 902 in
993 878 1087 908 cura,
1115 877 1222 910 quam
1240 865 1301 898 ille
1319 863 1550 908 impendebat
1567 860 1712 906 scriptis
1730 859 1805 894 suis
1825 857 1992 892 Coloniae

227 940 291 973 per
318 927 519 961 Maternum
548 925 737 960 Cholinum
763 922 1002 962 excudendis;
1029 921 1072 954 de
1098 931 1169 964 qua
1194 930 1232 952 re
1259 918 1361 962 plura
1388 917 1423 950 in
1449 916 1557 950 huius
1583 915 1701 960 operis
1727 912 1908 946 volumine
1929 909 1992 944 VI.

228 982 409 1020 dicentum
450 979 530 1012 vide
556 978 699 1012 interim
729 978 853 1011 Perini
878 975 901 1009 l.
929 987 959 1009 c.
989 973 1174 1008 141—143
1202 975 1238 1005 et
1263 972 1392 1005 Heinr.
1420 970 1585 1012 Schrb'rs,
1620 967 1692 1001 Der
1718 965 1853 1000 K'olner
1878 962 1992 998 Buch-

228 1034 383 1068 drucker
409 1033 596 1066 Maternus
624 1031 804 1070 Cholinus,
842 1029 876 1062 in
909 1026 1092 1070 „Annalen
1122 1026 1186 1060 des
1220 1023 1460 1058 historischen
1488 1021 1640 1056 Vereins
1668 1020 1727 1054 fiir
1753 1019 1821 1052 den
1846 1017 1992 1052 Nieder-

229 1087 351 1121 rhein“
384 1085 558 1126 LXXXV,
586 1084 678 1118 Koln
710 1083 809 1121 1908,
839 1081 1037 1116 159—165.

350 1139 449 1181 Quod
485 1138 529 1172 ad
565 1137 777 1171 relationem
805 1136 847 1169 de
875 1134 1042 1168 Udalrico
1069 1132 1197 1167 comite
1225 1131 1268 1165 ab
1295 1129 1522 1164 Helfenstein
1557 1139 1604 1161 m.
1630 1126 1746 1171 Aprili
1773 1137 1803 1159 a.
1832 1123 1922 1159 1567
1949 1122 1994 1157 ad

231 1192 422 1227 ecclesiam
456 1191 603 1225 reducto
631 1190 682 1234 (V.
709 1200 819 1233 supra
845 1200 878 1233 p.
905 1188 989 1231 452)
1018 1187 1191 1231 scriptam
1218 1184 1359 1224 attinet,
1395 1194 1415 1216 a
1443 1181 1584 1216 Canisio
1610 1180 1722 1214 missa
1748 1189 1826 1212 esse
1852 1176 1995 1210 videtur

231 1246 303 1287 illa,
331 1257 422 1289 quae
450 1247 571 1278 exstat
597 1244 632 1277 in
652 1242 840 1277 Codicibus
860 1240 1053 1275 coloniensi
1085 1238 1141 1282 „L.
1162 1237 1247 1280 Qu.“
1273 1237 1323 1279 (in
1349 1247 1380 1270 a.
1401 1235 1508 1279 1567)
1537 1237 1572 1268 et
1598 1232 1831 1272 cracoviensi,
1857 1230 1899 1263 de
1926 1240 1995 1273 quo

234 1299 329 1334 infra
347 1310 439 1332 mon.
459 1298 535 1331 wis.
557 1298 622 1340 (4),
650 1300 685 1330 et
712 1307 803 1340 quae
822 1296 898 1340 ipso
924 1294 991 1328 hoc
1018 1305 1109 1327 anno
1129 1292 1219 1326 1567
1240 1289 1460 1334 Antverpiae
1486 1288 1584 1333 typis
1611 1286 1794 1330 exscripta
1819 1286 1875 1317 est
1902 1282 1997 1326 [vide

233 1354 326 1388 infra
354 1364 446 1385 mon.
473 1351 548 1384 wis.
579 1349 659 1394 (4)].
713 1350 750 1383 P.
778 1349 1000 1382 Laurentius
1027 1348 1160 1381 Sarius
1185 1343 1420 1379 Cartusianus
1447 1341 1661 1376 coloniensis
1697 1350 1738 1373 ea
1767 1348 1855 1372 usus
1880 1338 1936 1371 est
1961 1335 1996 1369 in

233 1417 327 1440 nova
354 1405 507 1439 editione
533 1404 586 1438 sui
619 1402 894 1446 „Commentarii
921 1400 1041 1435 brevis
1066 1410 1185 1434 rerum
1218 1398 1254 1431 iu
1280 1397 1363 1431 orbe
1390 1395 1609 1439 gestarum“,
1646 1391 1811 1427 Coloniae
1846 1402 1878 1425 a.
1907 1389 1996 1424 1568

235 1459 387 1502 vulgata
417 1460 464 1503 (p.
484 1458 582 1501 547).
