2045 3471
201 202 284 243 638
667 199 763 233 Mon.
783 199 850 234 725
876 199 954 234 sive
981 199 1039 234 dil.
1062 200 1151 244 (29).
1190 200 1245 234 26.
1265 200 1356 235 Iunii
1375 200 1478 235 1567.

199 317 467 358 conueniente&
503 316 659 351 Michael
685 317 890 361 Dornvogel
925 318 1113 363 episcopus
1147 318 1397 361 suffraganeus
1430 317 1573 352 nomine
1604 319 1796 353 cardinalis
1822 320 1957 364 synodo

198 370 318 414 aliqua
345 370 388 403 de
413 369 605 404 seminario
632 370 842 404 clericorum
868 371 1088 405 instituendo
1107 370 1304 415 proposuit.
1346 370 1498 413 „Postea
1516 372 1717 416 comparuit
1734 372 1827 406 idem
1846 373 1956 408 Reue-

198 422 433 457 rendissimus
459 422 632 457 Dominus
659 423 859 458 Cardinalis
895 425 932 457 et
965 424 1059 458 sedit
1092 423 1168 458 loco
1204 423 1320 464 solito,
1355 424 1399 457 ad
1431 423 1586 458 medium
1613 424 1758 459 altaris“
1797 427 1834 459 et
1857 426 1959 460 varia

198 476 404 517 constituit;
430 476 482 510 ita
511 476 692 518 „grauiter
717 476 908 521 prohibuit,
935 477 1001 511 sub
1028 488 1141 521 poena
1159 476 1540 511 excommunicationis
1559 477 1722 512 omnibus
1741 479 1777 512 et
1794 478 1956 522 singulis,

197 540 241 562 ne
266 528 392 563 Libros
419 528 616 574 prohibitos
650 529 814 573 legerent
838 530 897 563 uel
922 532 1097 568 tenerent,
1133 530 1201 563 nisi
1238 529 1431 574 specialem
1466 529 1502 563 in
1536 529 1603 564 hoc
1628 530 1810 564 licentiam
1837 542 1857 565 a
1883 531 1958 566 suis

196 582 440 626 superioribus
478 582 663 617 haberent.
713 583 850 617 Habuit
888 584 1012 624 etiam,
1050 583 1143 616 idem
1182 582 1518 617 Reuerendissimus
1557 583 1729 617 Dominus
1756 583 1956 619 Cardinalis

196 645 316 668 coram
333 637 410 669 tota
428 635 569 680 Synodo
587 635 883 677 exhortationem,
909 636 1039 680 partim
1058 636 1178 677 latine,
1203 636 1334 680 partim
1353 635 1567 679 germanice,
1592 639 1715 670 contra
1733 648 1955 672 communem

195 687 346 721 abusum
382 689 654 733 compotationis
690 691 726 723 et
751 689 936 723 ebrietatis
962 689 1228 734 reprehendens
1264 692 1300 723 et
1326 689 1500 723 damnans
1534 688 1646 729 illum,
1684 689 1720 723 in
1755 690 1955 733 abbatibus,

196 740 375 775 Praelatis
401 743 437 775 et
462 742 656 786 parrochis,
758 742 951 787 prohibens
977 742 1140 776 omnibus
1167 744 1203 776 et
1228 742 1382 785 singulis
1408 753 1513 776 vsum
1539 743 1584 776 ad
1610 742 1779 786 aequales
1804 742 1956 778 haustus

195 794 353 837 potandi,
382 793 469 828 Cum
497 795 573 829 sine
599 797 746 839 peccato
765 795 907 829 mortali
932 807 1001 829 non
1022 796 1102 829 fiat“
1128 795 1166 837 (f.
1188 795 1389 838 21b—22b).
1430 794 1597 829 Ceterum
1616 795 1808 830 cardinalis
1825 808 1956 839 magna

195 846 437 881 moderatione
464 859 551 881 usus
577 850 652 889 est;
687 848 748 890 ita,
784 859 865 882 cum
900 848 1003 882 multi
1038 850 1288 893 procuratores
1323 849 1526 882 absentium
1552 849 1722 883 mandata
1747 849 1956 884 attulissent

199 898 495 940 „insufficientia“
526 901 676 945 ideoque
695 901 821 946 repelli
838 902 1051 946 potuissent,
1078 901 1155 946 ipse
1181 901 1225 935 iis
1248 901 1359 943 „hanc
1378 901 1520 946 culpam
1539 901 1698 944 ignovit“
1724 901 1760 945 (l.
1777 913 1806 936 c.
1825 902 1848 936 f.
1865 902 1954 946 22³).

195 951 251 985 Ex
279 952 426 987 Concilii
452 954 638 987 tridentini
663 954 886 999 praescripto
912 954 1021 997 deligi
1047 954 1225 988 debebant
1255 955 1541 995 „examinatores
1567 954 1803 999 parochorum
1838 958 1873 988 et
1903 967 1954 989 or-

195 1004 472 1047 dinandorun1“;
509 1018 589 1040 cum
615 1008 736 1041 tamen
762 1010 1013 1052 procuratores
1039 1007 1187 1052 capituli
1215 1007 1432 1041 cathedralis
1457 1007 1689 1047 monuissent,
1725 1019 1875 1042 examen
1902 1020 1954 1041 or-

195 1057 428 1093 dinandorum
456 1071 501 1094 ex
532 1060 628 1102 „iure
653 1061 850 1105 acquisito“
882 1061 926 1094 ad
953 1061 1163 1095 canonicum
1189 1060 1445 1094 scholasticum
1483 1061 1631 1105 capituli
1658 1060 1754 1094 illius
1779 1063 1954 1106 spectare,

194 1111 387 1146 cardinalis
414 1113 586 1148 electione
620 1113 684 1148 illa
718 1115 940 1158 supersedit:
978 1126 1016 1148 se
1052 1114 1145 1147 enim
1172 1113 1346 1148 statuisse
1377 1116 1542 1158 „propter
1568 1125 1699 1157 graues
1725 1125 1853 1148 causas
1878 1126 1952 1148 rem

192 1166 305 1198 totam
332 1166 486 1200 referre“
516 1167 561 1201 ad
586 1167 791 1212 pontificem
812 1167 849 1210 (1.
866 1179 894 1201 c.
910 1169 934 1202 f.
952 1168 1012 1201 17b
1029 1167 1254 1206 alb—22³);
1283 1179 1325 1201 ac
1351 1179 1432 1201 cum
1458 1178 1570 1212 paene
1596 1178 1718 1201 omnes
1744 1167 1953 1201 vicesimam

192 1217 394 1252 reddituum
421 1222 559 1264 partem
586 1232 648 1265 pro
675 1220 866 1254 seminario
892 1221 1100 1265 promittere
1127 1223 1366 1261 recusassent,
1393 1220 1593 1254 Truchsess
1619 1220 1812 1264 respondit,
1844 1231 1883 1254 se
1909 1221 1953 1255 iis

193 1281 268 1303 rem
294 1274 421 1314 postea
447 1275 651 1308 accuratius
677 1273 951 1318 explicaturum,
979 1285 1020 1307 ac
1047 1285 1182 1307 moram
1210 1273 1413 1313 concedere,
1446 1275 1486 1306 ut
1512 1284 1592 1307 cum
1619 1272 1786 1318 capitulis
1813 1276 1849 1307 et
1874 1284 1952 1307 con-

193 1324 362 1359 ventibus
389 1326 537 1360 consilia
563 1327 715 1361 conferri
742 1329 888 1371 possent
918 1327 956 1369 (l.
976 1338 1005 1360 c.
1025 1326 1049 1360 f.
1071 1327 1142 1369 17).

312 1378 400 1412 Cum
438 1379 551 1423 igitur
589 1380 664 1414 dies
702 1380 724 1413 4
751 1380 904 1413 decretis
939 1379 1133 1413 recitandis
1169 1381 1205 1412 et
1240 1378 1511 1422 gravaminibus
1546 1378 1746 1412 tractandis
1780 1378 1952 1423 insumpti

193 1434 323 1473 essent,
360 1432 416 1466 die
443 1433 498 1467 20.
526 1433 617 1466 Iunii
643 1433 836 1467 cardinalis
863 1432 948 1466 Otto
984 1434 1018 1466 in
1054 1432 1137 1466 aula
1171 1433 1305 1465 maiore
1340 1432 1487 1466 missam
1514 1431 1753 1476 pontificalem
1781 1432 1952 1474 cantavit,

191 1482 285 1517 inter
311 1496 418 1529 quam
444 1486 500 1519 Fr.
530 1486 706 1527 „Joannes
732 1485 824 1526 Nass,
853 1485 1089 1520 Concionator
1115 1485 1365 1529 Apostolicus“
1396 1488 1432 1519 et
1458 1485 1677 1528 guardianus
1703 1484 1952 1518 Minoritarum

191 1537 526 1580 ingolstadiensium
563 1540 764 1573 contionem
804 1539 866 1580 „de
901 1539 1091 1573 dilectione
1126 1538 1191 1572 Dei
1227 1540 1263 1571 et
1297 1539 1469 1582 proximi“
1509 1538 1653 1581 negotio
1688 1537 1951 1572 reformationis

192 1592 496 1626 accommodatam
522 1592 690 1632 habuit¹;
728 1594 809 1637 post
834 1592 981 1626 missam
1008 1592 1084 1636 ipse
1111 1591 1303 1636 cardinalis
1330 1591 1616 1625 adhortationem
1642 1590 1686 1624 ad
1712 1593 1950 1634 congregatos

192 1643 316 1678 habuit
342 1647 378 1679 et
403 1645 509 1690 paulo
535 1648 617 1690 post
642 1645 818 1690 synodum
845 1645 980 1679 dimisit
1007 1645 1045 1687 (l.
1065 1657 1094 1679 c.
1121 1645 1145 1678 f.
1174 1644 1389 1684 aab—2523
1419 1645 1559 1678 Steiner
1583 1644 1605 1678 l.
1626 1655 1654 1678 c.
1682 1644 1715 1677 II
1742 1643 1839 1686 379).

192 1771 294 1807 725
321 1773 399 1807 sive
427 1770 520 1807 dil.
542 1771 677 1817 (29).
752 1771 807 1807 26.
834 1770 930 1808 lunii
955 1771 1046 1807 1567.

310 1848 366 1882 Ex
401 1848 557 1893 epistula
592 1848 799 1893 archetypa,
834 1848 947 1893 ipsius
983 1847 1176 1882 cardinalis
1209 1859 1317 1881 manu
1353 1847 1567 1892 subscripta.
1620 1847 1704 1882 Cod.
1744 1846 1947 1892 „Epistolae

192 1900 332 1936 Cardin.
363 1902 651 1945 (1539—1569)“
681 1914 714 1936 n.
745 1903 822 1936 174.
873 1901 1038 1946 Epistula
1064 1913 1150 1935 usus
1178 1904 1233 1935 est
1259 1901 1467 1944 Sace—henas,
1496 1901 1580 1935 Can.
1608 1901 1686 1935 243.

313 1974 521 2007 Ocu-dinam
540 1973 727 2006 Trnehsess
751 1974 879 2006 litteris
904 1974 952 2006 ad
971 1974 1007 2006 S.
1027 1973 1263 2006 Franciscnm
1280 1973 1451 2016 Borqiam
1477 1973 1570 2005 datis
1586 1971 1714 2014 synodi
1739 1972 1946 2014 dilinyanae

189 2037 394 2069 successum,
419 2028 608 2060 secundum
635 2027 792 2059 divinam
815 2027 983 2069 qratiam,
1006 2027 1231 2069 potissimum
1257 2026 1461 2068 diligentiae
1483 2025 1764 2068 prudentiaeque
1790 2024 1859 2058 PP.
1883 2024 1945 2057 Ca-

191 2080 276 2112 nisse?
301 2084 331 2112 et
357 2080 483 2113 Pisani
509 2080 665 2113 ascribit.

310 2152 557 2192 cardinalis
592 2151 680 2192 Otto
713 2151 937 2192 Truclzsess
970 2166 995 2192 α
1027 2150 1273 2204 Waldburgy,
1310 2151 1522 2204 episcopus
1555 2153 1830 2204 αιιφιείαηαε,
1863 2147 1944 2189 Di—

187 2217 303 2270 linqa
325 2218 395 2258 26.
419 2217 538 2258 Iunii
559 2217 675 2258 1567
704 2217 856 2258 Sancto
879 2216 1107 2257 Francisco
1130 2215 1314 2269 Borqiae
1343 2215 1578 2268 praeposito
1597 2214 1787 2267 generali
1807 2214 1944 2255 Socie-

188 2283 286 2322 tatis
318 2281 414 2322 Iesu
456 2282 507 2322 <le
547 2282 705 2335 synodo
747 2282 992 2322 dioecesana
1027 2281 1226 2335 Dilinqae
1269 2294 1293 2320 a
1328 2280 1367 2321 d.
1404 2281 1471 2320 15.
1507 2279 1564 2319 ad
1593 2281 1664 2320 ⁵20.
1687 2278 1807 2319 Iunii
1839 2292 1865 2318 α
1901 2292 1943 2319 se

189 2346 331 2387 habita
365 2348 557 2401 scripsit:
598 2345 658 2387 Mi
689 2348 815 2386 trouo
848 2345 994 2386 hauer’
1020 2345 1239 2386 celebrato
1272 2344 1315 2384 la
1346 2342 1433 2384 mia
1465 2342 1643 2396 synodo,
1685 2342 1728 2384 la
1760 2342 1886 2394 quale
1920 2343 1942 2383 e

185 2413 364 2464 passata
396 2424 474 2464 per
505 2410 548 2452 la
580 2410 660 2452 Dio
693 2409 838 2462 gratia
871 2424 949 2451 con
981 2411 1100 2452 tutta
1133 2409 1275 2461 quella
1307 2407 1451 2460 quiete
1489 2410 1533 2448 et
1565 2408 1690 2448 buon’
1723 2407 1820 2457 fine,
1864 2406 1941 2448 che

188 2475 241 2517 da
273 2489 340 2516 me
373 2475 408 2517 si
440 2475 559 2517 fusse
600 2478 752 2529 potuto
786 2475 1044 2525 desiderare,
1088 2487 1165 2527 per
1197 2473 1338 2514 salute
1371 2475 1415 2514 et
1456 2471 1609 2514 ottimo
1642 2471 1789 2513 ordine
1830 2471 1940 2512 delle

188 2554 285 2581 cose
317 2540 358 2582 di
391 2542 546 2593 questa
577 2540 663 2581 mia
695 2539 852 2582 chiesa.
907 2540 989 2580 Per
1020 2539 1047 2580 il
1073 2539 1150 2580 che
1182 2551 1236 2579 ne
1261 2537 1393 2579 rendo
1425 2536 1659 2578 immortali
1690 2535 1831 2589 gratie
1854 2535 1941 2577 alla

186 2604 342 2646 Diuina
374 2605 559 2647 Maiesta
601 2608 644 2647 et
684 2618 738 2646 ne
778 2605 906 2646 laudo
939 2617 1144 2658 appresso
1186 2602 1501 2644 infinitamente
1541 2602 1585 2643 la
1616 2601 1751 2642 molta
1783 2600 1940 2641 sollici-

186 2669 333 2710 tudine
367 2672 410 2711 et
442 2670 660 2723 prudenza
691 2672 819 2711 usata
852 2669 923 2710 dal
955 2669 1095 2710 Padre
1128 2667 1310 2717 Canisio‚
1345 2670 1389 2709 et
1422 2666 1492 2708 dal
1514 2666 1685 2707 Dottor'
1713 2665 1825 2714 Pisa,
1860 2678 1939 2706 con

185 2732 348 2776 l’aiuto
390 2737 433 2776 et
475 2734 588 2776 uirtu
630 2734 681 2775 de
723 2734 836 2787 quali
877 2747 1005 2787 posso
1047 2735 1298 2775 ueramente
1336 2731 1439 2780 dire,
1482 2730 1523 2772 di
1563 2730 1937 2782 hauer'superato

188 2798 286 2848 ogni
319 2798 528 2840 difficulta
561 2799 638 2840 che
670 2799 727 2839 mi
759 2801 1018 2852 soprastaua
1057 2811 1134 2851 per
1176 2797 1347 2839 condur'
1373 2810 1398 2837 a
1430 2796 1555 2837 buon'
1589 2796 1713 2848 porto
1751 2794 1793 2835 la
1826 2794 1936 2835 cele-

186 2861 380 2902 bratione
413 2862 455 2903 di
487 2864 608 2905 detta
640 2863 725 2904 mia
757 2863 935 2916 synodo.

303 2950 355 2986 Ad
382 2951 572 2996 dilingana
597 2952 686 2989 haec
712 2954 944 2989 monumenta
970 2952 1159 2999 pertinent
1184 2951 1298 2988 etiam
1323 2950 1448 2996 aliqua
1483 2949 1627 2985 ratione
1661 2956 1754 2983 mon.
1781 2946 1839 2983 819
1867 2947 1934 2983 822

187 3002 253 3037 823
280 3003 339 3038 851
364 3004 430 3039 868
457 3005 522 3040 872
548 3005 612 3040 879
640 3006 706 3041 885
732 3005 814 3041 900.

307 3132 315 3151 ¹
343 3132 540 3166 Cardinalis
566 3136 641 3167 tum
667 3134 703 3168 in
729 3135 840 3175 initio,
874 3138 950 3169 tum
985 3135 1021 3169 in
1048 3136 1118 3169 fine
1143 3135 1271 3180 synodi
1308 3134 1566 3177 indulgentiam
1595 3132 1660 3166 100
1687 3132 1825 3165 dierum
1852 3142 1932 3165 con-

186 3184 295 3218 cessit
323 3184 359 3223 (1.
379 3195 407 3218 c.
436 3185 459 3218 f.
486 3186 529 3218 51³
554 3186 647 3228 23³).
