2045 3471
210 202 294 243 690
383 199 478 233 Mon.
498 198 685 233 763—764
711 199 788 232 sive
814 209 926 241 germ.
945 197 968 231 1.
989 195 1210 241 (38)-(39).
1249 196 1304 230 23.
1322 195 1446 230 Martii
1464 215 1510 219 —
1530 196 1583 230 19.
1602 196 1688 230 Maii
1709 196 1811 231 1566.

208 317 406 357 263—264,
432 327 474 350 ac
499 315 657 349 maxime
676 316 758 349 Ant.
778 316 915 358 Pieper,
941 314 1009 348 Zur
1034 312 1496 356 Entstehungsgeschichte
1524 313 1585 346 der
1611 313 1803 357 standigen
1820 313 1969 347 Nuntia-

206 374 322 409 turen,
348 369 524 412 Freiburg
548 368 570 402 i.
590 368 648 402 ΒΓ.
669 368 771 409 1894,
799 368 946 402 11-15.
998 366 1112 400 Valde
1139 368 1259 400 autem
1285 365 1481 400 verisimile
1508 368 1573 405 est,
1605 365 1744 410 aliquos
1769 366 1898 400 saltem
1924 378 1969 400 ex

206 423 393 468 episcopis,
431 433 520 466 quos
546 420 712 455 Canisius
747 420 862 454 adivit
897 430 1118 464 quorumque
1152 419 1298 461 negotia
1333 419 1418 461 egit.
1453 419 1484 452 ei
1511 418 1635 452 viatici
1670 420 1812 453 nomine
1838 419 1967 464 stipem

206 476 357 515 dedisse;
394 477 491 509 certe
518 473 684 508 Canisius
709 473 922 516 Noviomagi
959 484 980 506 a
1013 472 1232 517 propinquis,
1267 482 1356 515 quos
1391 471 1439 505 ibi
1469 473 1503 504 et
1529 471 1661 505 multos
1696 474 1733 505 et
1767 472 1898 506 divites
1932 475 1969 506 et

206 528 283 572 pios
307 528 474 568 habebat,
512 539 554 561 ac
573 527 729 560 maxime
749 538 769 560 a
787 525 1003 560 Wendelina
1028 537 1150 560 sorore
1176 525 1327 569 pecunia
1352 524 1506 558 donatus
1532 527 1597 558 est.
1641 525 1721 569 Ipse
1747 527 1867 558 autem
1893 524 1970 558 fere

204 592 313 615 unum
340 583 482 614 tantum
508 579 672 613 comitem
701 591 820 613 secum
848 579 1002 612 ducebat
1030 579 1078 621 (V.
1097 589 1207 622 supra
1234 589 1266 622 p.
1287 577 1383 620 648),
1410 588 1517 622 parce
1537 577 1694 615 vivebat.
1721 578 1765 612 ab
1792 578 1968 622 episcopis

205 635 240 668 et
265 635 302 667 in
328 633 519 668 Societatis
546 632 708 676 collegiis
734 631 848 674 gratis
874 631 1158 666 sustentabatur.
1208 630 1370 674 Denique
1406 632 1552 674 propter
1576 630 1632 664 Pii
1659 630 1718 664 IV.
1746 633 1897 665 mortem
1932 632 1968 664 et

204 687 348 720 comitia
373 690 576 730 augustana
601 685 782 728 legatione
807 685 950 727 integra
974 684 1142 729 perfungi
1168 696 1236 717 non
1263 684 1390 728 potuit.
1429 683 1601 727 Equidem
1628 683 1774 722 conicio,
1801 695 1880 717 eum
1904 695 1968 727 per

203 739 420 773 cardinalem
440 738 621 773 Amulium
643 738 693 782 (V.
712 749 819 782 supra
846 749 878 782 p.
899 738 966 772 206
994 738 1091 780 219),
1119 736 1202 780 quid
1222 737 1264 770 de
1282 736 1420 780 reliquo
1440 737 1571 769 viatico
1590 736 1769 780 pontificio
1788 736 1965 778 agendum

203 795 310 833 esset,
336 803 381 826 ex
407 792 441 826 S.
461 791 524 825 Pio
543 791 585 825 V.
613 792 846 835 quaesivisse,
875 793 910 824 et
935 790 1030 824 huno
1055 791 1240 835 pecuniam
1269 789 1368 823 illam
1394 801 1457 834 pro
1483 789 1577 833 stipe
1604 789 1634 822 ei
1661 789 1824 824 donasse.

204 918 308 954 763
335 920 414 954 sive
441 928 608 963 germ.
627 918 664 954 l.
686 916 822 963 (38).
897 917 953 953 23.
972 916 1096 953 Martii
1123 916 1217 953 1566.

321 996 375 1029 Ex
401 995 607 1040 archetypo,
635 1007 655 1028 a
675 995 714 1028 P.
734 994 867 1028 Didaco
886 994 1045 1028 Jimenez
1063 994 1097 1028 S.
1114 995 1146 1028 J.
1165 994 1298 1038 scripto
1326 995 1362 1027 et
1388 1005 1408 1027 a
1426 993 1465 1027 P.
1481 993 1579 1027 Hier.
1594 991 1724 1026 Natale
1749 991 1963 1036 subscripto.

203 1049 285 1083 Cod.
317 1049 418 1091 „EN“
448 1062 481 1083 n.
504 1050 580 1083 106.
624 1048 741 1082 Etiam
770 1048 831 1091 (ex
858 1048 1069 1092 archetypo)
1099 1048 1133 1081 in
1161 1047 1249 1092 Epp.
1268 1048 1390 1081 Nadal
1415 1047 1465 1080 111
1493 1046 1643 1081 35—36.
1687 1045 1851 1090 Epistula
1877 1056 1963 1079 usus

200 1114 278 1136 sum
306 1103 341 1136 in
369 1100 583 1146 „Stimmen“
612 1104 678 1136 etc.
706 1101 820 1135 LXXI
846 1101 926 1135 326.

319 1174 357 1207 Ρ.
376 1173 522 1206 Natalis
538 1174 700 1205 visitator
718 1173 889 1215 Boryiam
905 1173 1146 1215 praepositmn
1170 1172 1368 1214 yeneralem
1387 1175 1520 1203 monet:
1549 1170 1734 1203 Canisintn
1752 1170 1964 1203 vehementer

198 1231 332 1270 optare,
362 1231 396 1258 ut
421 1227 607 1269 leyationis
625 1227 832 1268 pontificiae
858 1226 955 1268 apud
975 1236 1142 1267 proceres
1164 1226 1380 1257 Germaniae
1397 1225 1512 1256 denno
1540 1224 1719 1256 obeundae
1737 1224 1855 1264 officio
1881 1224 1960 1256 lihe-

201 1284 309 1312 retur.
360 1280 473 1312 Addit
498 1280 663 1312 Natalis:
698 1279 885 1312 Eiusmodi
910 1279 1080 1321 leyatione
1106 1279 1143 1310 id
1169 1279 1324 1320 effectum
1354 1287 1423 1310 non
1450 1279 1520 1319 iri,
1553 1277 1646 1319 quod
1671 1277 1836 1319 pontifex
1861 1277 1962 1313 relit:

200 1333 405 1366 Societatem
440 1335 478 1365 ‘in
514 1334 742 1375 imperatoris
767 1337 795 1364 et
823 1332 1076 1364 catholicormn
1113 1332 1207 1373 odia,
1246 1331 1431 1364 Canis-ium
1458 1331 1559 1362 etiam
1594 1331 1630 1362 in
1658 1331 1746 1362 ritae
1770 1330 1960 1363 discrimen

200 1389 409 1419 [nem-suros
434 1397 503 1419 esse
509 1398 523 1428 ;
558 1386 678 1419 Soc-'ios
703 1396 725 1418 a
751 1386 916 1427 capitulis
944 1386 979 1416 ln
1008 1389 1189 1426 posterum
1218 1395 1352 1427 qnoque
1377 1383 1534 1416 habitum
1565 1384 1612 1416 iri
1639 1384 1880 1425 emim-atores
1904 1394 1960 1416 ro-

199 1450 343 1481 manos;
372 1439 556 1472 Canisinm
583 1440 789 1471 severiorem
815 1439 938 1479 rideri,
966 1449 1070 1480 quam
1097 1442 1231 1480 tempas
1256 1439 1363 1479 ferat.

315 1511 363 1552 P.
387 1511 674 1565 Hieronymus
695 1510 879 1558 Natali-5,
914 1510 1132 1551 Societate's
1157 1510 1355 1559 visitator,
1393 1509 1443 1549 de
1468 1510 1681 1562 legatione,
1716 1522 1798 1563 qua
1819 1510 1957 1563 ponti-

194 1575 268 1626 fex
301 1576 522 1617 Canisimn
556 1576 671 1630 apud
704 1576 933 1629 complures
968 1575 1225 1615 Germaniae
1258 1575 1467 1628 episcopos
1507 1578 1541 1613 et
1577 1574 1794 1628 principes
1831 1573 1959 1629 funqi

198 1641 379 1682 iusserat
422 1639 537 1690 (vide
579 1654 712 1695 supra
753 1640 940 1694 22163),
986 1640 1180 1694 Aayusta
1223 1641 1293 1680 23.
1328 1640 1480 1680 Martii
1522 1640 1637 1680 1566
1681 1639 1857 1679 Romam
1900 1639 1958 1679 acl

198 1706 240 1747 S.
266 1705 544 1746 Franeiseum
568 1705 768 1759 Boi-‚qiam
786 1706 1074 1758 praepositum
1097 1705 1331 1757 yeneralem
1355 1704 1535 1744 rettulit:
1557 1703 1607 1744 V.
1629 1703 1672 1744 P.
1694 1703 1932 1755 significa..
1948 1739 1956 1746 .

196 1769 410 1811 31Ῥ3(11·0
443 1769 611 1811 Canisio
645 1783 727 1822 que
760 1783 845 1822 aya
877 1769 928 1810 de
962 1769 1113 1809 voluer
1145 1782 1170 1809 a
1203 1782 1251 1809 su
1284 1767 1624 1821 peregrinaci0n‚
1668 1782 1696 1822 y
1729 1769 1768 1809 el
1800 1782 1868 1809 me
1900 1769 1957 1811 ha

195 1834 445 1887 significatio
476 1834 733 1876 inclinacion
765 1847 867 1887 muy
900 1832 1130 1883 contraria,
1164 1848 1192 1886 y
1225 1847 1406 1874 razones
1437 1847 1539 1886 muy
1572 1833 1749 1881 inertes,
1783 1847 1811 1886 y
1843 1833 1954 1874 real-

194 1902 338 1941 mente
371 1899 505 1953 padre
536 1913 604 1940 me
637 1912 814 1952 paresce
848 1912 930 1951 que
963 1898 997 1939 si
1031 1899 1070 1939 el
1102 1898 1207 1939 haze
1240 1898 1366 1950 aquel
1400 1897 1555 1946 officio,
1591 1898 1630 1939 el
1662 1898 1719 1938 fin
1742 1911 1839 1939 sera
1872 1911 1955 1951 que

193 1963 236 2005 ni
276 1964 383 2006 hara
416 1964 570 2006 effecto
612 1978 718 2017 para
759 1964 799 2005 lo
834 1978 915 2016 que
948 1977 996 2004 su
1038 1963 1241 2004 santidad
1275 1963 1422 2015 quiere
1455 1977 1484 2016 y
1516 1977 1562 2004 se
1602 1963 1710 2004 hara
1743 1976 1768 2004 a
1799 1963 1835 2004 si
1867 1977 1896 2016 y
1928 1977 1953 2005 a

192 2029 294 2070 toda
327 2029 368 2070 la
390 2028 623 2082 Compafiia
655 2029 825 2069 odiosos
857 2028 895 2070 al
921 2028 1188 2082 Emperador
1210 2042 1238 2080 y
1261 2042 1286 2069 a
1318 2027 1407 2068 losa
1439 2027 1685 2076 catholicos,
1720 2042 1749 2081 y
1770 2041 1953 2081 ponerse

191 2093 247 2134 113
288 2107 340 2134 011
382 2094 547 2147 peligro
590 2093 685 2134 dela
727 2093 849 2141 vida,
895 2107 923 2146 y
964 2093 1073 2134 hara
1118 2106 1200 2145 que
1243 2106 1412 2144 aunque
1454 2092 1637 2145 despues
1680 2092 1950 2142 desistamos,

191 2158 375 2212 siempre
406 2172 622 2212 pensaran
654 2158 719 2199 103
752 2158 941 2199 cabildos
975 2172 1055 2211 que
1089 2172 1232 2199 somos
1264 2171 1342 2210 por
1375 2171 1453 2198 303
1485 2157 1682 2211 espiones
1715 2157 1766 2198 de
1799 2157 1950 2206 Roma,

190 2238 218 2276 y
241 2237 375 2265 verna
407 2237 432 2265 a
464 2223 655 2277 peligrar
687 2223 724 2264 el
757 2223 898 2264 fruc-to
931 2237 1013 2275 que
1046 2236 1179 2275 segun
1212 2225 1392 2264 nuestra
1423 2223 1588 2264 baxeza
1621 2236 1699 2263 con
1731 2222 1773 2263 la
1806 2221 1950 2263 diuina

191 2288 338 2340 gracia
369 2289 574 2342 podemos
616 2288 757 2338 hacer,
801 2288 969 2329 allende
1003 2301 1084 2340 que
1117 2288 1155 2328 el
1196 2287 1330 2341 padre
1363 2287 1545 2337 Canisio,
1589 2287 1641 2328 de
1682 2301 1732 2328 su
1772 2300 1950 2328 manera

191 2367 368 2406 paresce
408 2353 619 2406 riguroso,
662 2367 691 2406 y
722 2366 815 2394 mas
856 2356 1003 2406 presto
1037 2366 1082 2394 es
1117 2353 1168 2394 de
1206 2366 1382 2406 esperar
1415 2352 1466 2393 de
1508 2366 1556 2393 su
1598 2365 1776 2394 manera
1806 2351 1950 2393 frueto

190 2431 242 2458 en
275 2421 369 2460 otro
402 2418 563 2471 tiempo
597 2432 678 2470 que
712 2431 763 2459 en
797 2420 901 2460 este.

191 2547 295 2583 764
321 2549 398 2582 sive
426 2558 592 2592 germ.
612 2547 648 2583 l.
669 2547 800 2592 (39).
876 2547 946 2583 Sub
973 2547 1020 2583 19.
1039 2547 1124 2583 Maii
1143 2547 1235 2583 1566.

306 2624 360 2658 Ex
387 2625 604 2669 archetypis,
631 2636 651 2658 a
675 2625 713 2659 P.
733 2625 812 2659 Did.
833 2625 993 2659 Jimenez
1013 2625 1046 2659 S.
1066 2626 1100 2659 J.
1119 2626 1264 2669 scriptis
1291 2629 1326 2658 et
1352 2637 1371 2658 a
1390 2625 1429 2658 P.
1450 2625 1547 2659 Hier.
1566 2624 1695 2658 Natale
1722 2625 1947 2670 subscriptis.

190 2676 272 2710 Cod.
304 2678 405 2717 „EN‘
436 2690 469 2711 n.
490 2678 556 2712 128
586 2679 662 2712 129.
714 2678 830 2711 Etiam
859 2679 919 2721 (ex
946 2678 1167 2723 archetypis)
1197 2679 1231 2711 in
1259 2678 1347 2723 Epp.
1366 2679 1489 2712 Nadal
1513 2678 1564 2711 111
1594 2678 1658 2712 133
1688 2678 1764 2712 135.

306 2749 524 2790 Imperator,
555 2749 739 2781 Canisiwn
773 2751 898 2791 scripti
929 2750 1114 2782 cuiusdam
1150 2754 1328 2782 auctorem
1363 2760 1432 2781 esse
1461 2753 1606 2791 putans,
1643 2748 1797 2780 alienum
1830 2749 1874 2781 ab
1908 2760 1945 2782 eo

188 2802 345 2832 animam
380 2802 548 2834 declarat.
598 2802 645 2834 Et
669 2802 814 2834 Natalis
848 2807 877 2834 et
917 2802 1082 2835 Canisius
1116 2806 1302 2844 exoptant,
1340 2806 1375 2834 ut
1408 2802 1571 2844 pontifex
1610 2801 1792 2834 canisium
1827 2801 1946 2843 officio

188 2852 370 2893 legationis
395 2855 508 2886 denuo
530 2865 598 2895 per
628 2855 859 2887 Germaniam
887 2855 1064 2887 obeundae
1090 2856 1181 2888 leret.
1232 2856 1324 2888 Eam
1360 2855 1451 2887 enim
1487 2855 1624 2887 caesari
1650 2855 1828 2895 inm-atam
1854 2855 1944 2896 fore,

188 2905 346 2937 eeclesiae
373 2907 508 2937 nnllam
536 2908 730 2949 utilitatem,
760 2908 926 2940 Societati
951 2908 1098 2940 multum
1125 2909 1249 2940 damni
1274 2908 1469 2940 allaturam
1494 2918 1572 2940 esse.

305 2977 352 3017 P.
378 2977 661 3031 Hieronymus
683 2978 865 3030 Natalis,
901 2980 1116 3019 Societate‘s
1148 2980 1350 3030 visitator,
1385 2979 1576 3031 Auyusta
1600 2979 1668 3018 19.
1694 2978 1805 3018 Maii·
1828 2980 1943 3018 1566

189 3040 362 3080 Romam.
395 3042 453 3080 ad
485 3042 527 3082 S.
552 3042 827 3082 Franee'seum
861 3044 911 3083 <le
943 3043 1103 3096 Boryza
1137 3045 1426 3097 praepositum
1464 3043 1696 3096 yeneralem
1730 3042 1831 3083 haee
1864 3048 1940 3083 ret-

188 3103 279 3142 tulit
322 3105 370 3143 ‹le
404 3105 617 3145 Soeietatis
661 3106 911 3158 hominibus,
955 3121 1054 3160 quos
1088 3108 1130 3149 S.
1155 3108 1260 3148 Pius
1283 3107 1327 3149 V.
1360 3121 1436 3160 per
1468 3106 1741 3147 Germaniam
1785 3108 1941 3147 mittere

305 3187 332 3217 a)
354 3188 399 3211 Ita
420 3188 449 3211 in
471 3189 576 3213 archet.
597 3193 753 3214 correctam
775 3194 816 3214 est
836 3198 871 3214 es
892 3189 992 3215 todos.
