2045 3471
285 171 379 207 Mon.
399 173 467 208 872
493 175 570 210 sive
597 176 665 212 litt.
689 178 778 223 (21).
822 182 851 216 A
878 194 922 218 m.
942 183 1072 220 Martio
1094 187 1183 222 1566
1210 189 1252 223 ad
1279 201 1325 224 m.
1344 191 1515 228 Martium
1537 195 1636 230 1567.
1763 201 1846 244 819

87 285 186 321 nulla
221 289 464 326 confutatione
491 293 649 336 dignum,
676 299 800 341 negari
837 311 858 334 a
892 303 1024 337 nostris
1052 305 1233 341 Christum
1269 320 1348 343 esse
1379 311 1638 348 mediatoreml
1656 342 1690 350 ..
1717 344 1719 348 .
1769 316 1847 351 Non

87 342 248 383 repetam
283 342 326 376 de
361 355 469 388 puero
505 347 598 391 apud
625 349 899 388 Monachienses
926 358 1093 400 castrato,
1129 362 1171 393 vt
1204 372 1321 395 sermo
1347 363 1478 399 celebri
1503 377 1645 402 rumore
1679 368 1846 410 iactatus,

87 402 107 424 a
133 394 299 439 sectarijs
326 407 410 431 vero
443 399 617 434 confictus
651 403 857 449 scriptoque
891 408 1033 452 publico
1061 413 1312 457 comprobatus
1350 416 1573 454 affirmabat:
1608 421 1776 457 nimirum
1802 424 1847 458 ad

85 444 329 482 foedissimam
364 460 525 485 summae
560 455 795 499 turpitudinis
831 463 951 495 notam
988 463 1089 499 nobis
1124 470 1296 512 perpetuo
1330 469 1551 508 inurendam.
1603 473 1701 516 Quae
1738 476 1847 519 fama,

85 496 155 530 imo
183 499 379 535 vanissima
405 502 537 546 fabula,
574 507 699 542 multis
725 509 830 545 fidem
858 513 994 549 faceret
1020 517 1147 559 adhuc,
1174 522 1215 553 vt
1239 520 1345 565 plane
1371 523 1535 565 arbitror,
1573 527 1642 561 nisi
1668 528 1846 575 Principis

84 548 322 586 illustrissimi
360 565 517 600 vereque
558 557 734 596 Catholici
773 564 949 601 Bauariae
987 568 1097 605 Ducis
1132 572 1270 607 Alberti
1309 577 1563 618 grauissimum
1603 581 1846 617 testimonium

83 600 369 640 intercessisset:
403 607 473 642 nisi
508 612 544 643 et
579 616 748 649 constans
784 616 1046 662 chyrurgorum
1079 623 1247 660 iudicium
1274 653 1282 661 .
1311 654 1317 661 .
1347 654 1354 662 .
1383 656 1388 662 .
1416 641 1480 664 nos
1515 632 1610 666 omni
1644 635 1845 680 suspicione

82 654 228 689 nefandi
260 658 421 694 criminis
456 672 602 705 prorsus
637 666 872 704 liberassent“
893 672 906 692 ²
943 673 980 717 (l.
1009 686 1037 710 c.
1065 676 1090 710 f.
1109 676 1158 720 b).
1187 705 1194 713 .
1222 706 1229 713 .
1257 706 1265 714 .
1321 681 1429 722 „Cum
1464 694 1556 719 anno
1590 688 1774 731 superiore
1807 690 1843 724 in

83 705 150 740 hac
184 709 381 745 Academia
415 712 609 759 Dilingana
643 720 796 764 priorem
833 725 997 769 Apostoli
1032 729 1076 762 ad
1102 730 1327 767 Timotheum
1363 735 1552 780 epistolam
1586 741 1843 785 exposuissem,

81 759 199 794 visum
226 762 294 796 fuit
320 765 496 808 quaedam
522 780 567 802 ex
594 770 650 805 his
676 783 767 816 quae
793 777 951 812 tractata
978 780 1130 823 fuerant,
1156 787 1368 828 praesertim
1393 788 1436 822 ad
1456 794 1718 828 controuersias
1736 794 1844 830 buius

80 814 251 857 temporis
278 817 504 861 pertinentia,
540 821 576 855 in
602 823 739 861 Theses
766 830 940 871 quasdam
966 834 1140 878 redigere,
1177 839 1214 871 et
1239 838 1442 883 disputandi
1470 844 1587 886 gratia
1616 845 1671 889 (vt
1696 847 1751 891 fit)
1780 860 1843 893 pu·

81 863 172 899 blice
198 878 406 912 proponere.
457 871 556 907 Nihil
591 887 678 911 sane
714 880 832 915 minus
868 894 908 917 eo
941 886 1100 931 tempore
1127 890 1340 934 cogitabam,
1376 905 1482 937 quam
1516 897 1741 934 aduersarios
1776 901 1843 935 hoo

78 921 162 951 noto
190 923 225 953 et
251 922 400 965 probato
428 927 697 964 exercitationis
724 943 856 975 genere
881 935 1078 975 lacessere:
1106 943 1198 986 quod
1221 944 1251 978 si
1279 946 1504 991 cogitassem,
1532 961 1601 984 non
1627 951 1754 987 breues
1781 965 1842 988 eas

79 969 224 1014 Theses,
251 974 313 1007 sed
339 974 471 1010 iustum
500 979 691 1017 edidissem
719 985 873 1022 fortasse
898 989 1039 1033 librum,
1066 995 1126 1037 qui
1152 996 1203 1030 eis
1229 997 1309 1042 plus
1327 1000 1434 1034 etiam
1454 1003 1587 1048 negotij
1606 1005 1839 1042 exhibuisset.

77 1022 181 1058 Nunc
220 1037 265 1060 ex
291 1027 474 1072 insperato
502 1030 689 1078 Tubingae
717 1037 889 1085 Theologi
916 1042 983 1077 duo
1010 1044 1215 1091 Lutherani,
1251 1051 1319 1085 nisi
1355 1054 1446 1088 forte
1481 1055 1610 1091 titulus
1635 1059 1840 1101 mentiatur,

77 1074 207 1110 librum
243 1080 423 1123 integrum
451 1092 729 1129 composuerunt
764 1093 800 1125 et
833 1093 868 1127 in
903 1094 1020 1131 lucem
1047 1100 1243 1144 ediderunt,
1279 1104 1315 1138 in
1350 1117 1419 1149 quo
1455 1119 1588 1152 paucas
1622 1112 1839 1148 assertiones

76 1132 220 1165 nostras
255 1133 395 1176 prolixe
422 1136 611 1173 admodum
647 1146 682 1176 et
719 1144 892 1181 inuidiose
927 1160 996 1184 non
1034 1154 1107 1186 tam
1134 1155 1313 1199 refellunt,
1340 1170 1447 1203 quam
1473 1163 1671 1206 exagitant,
1706 1165 1839 1200 calum-

76 1181 231 1226 niantur,
267 1185 463 1230 inuertunt,
500 1194 536 1224 et
570 1204 678 1239 saepe
714 1196 749 1230 in
775 1209 904 1235 sensus
931 1202 1019 1238 alios
1054 1216 1075 1239 a
1100 1218 1138 1240 se
1164 1209 1322 1253 maligne
1348 1213 1529 1256 confictos,
1565 1220 1688 1261 aperte
1723 1219 1837 1254 detor·

77 1242 187 1278 quent
201 1238 223 1271 ³.
273 1238 366 1273 Nam
393 1241 535 1277 videtur
561 1256 658 1288 sane,
694 1247 820 1285 horum
850 1257 1071 1299 propositum
1098 1271 1166 1294 non
1194 1262 1305 1297 fuisse
1331 1264 1467 1301 Theses
1492 1272 1635 1304 nostras
1661 1271 1837 1314 refellere,

75 1288 138 1321 sed
173 1294 320 1335 accepta
356 1295 474 1338 potius
510 1308 554 1330 ex
581 1298 759 1336 Thesibus
795 1307 980 1342 occasione
1007 1310 1106 1345 virus
1142 1325 1244 1349 omne
1279 1318 1487 1354 acerbitatis
1516 1332 1614 1363 suae,
1649 1325 1741 1368 quod
1777 1326 1837 1361 diu

75 1341 266 1377 collectum
293 1347 328 1379 et
354 1348 483 1382 animis
509 1349 688 1386 inclusum
712 1355 809 1391 vferre
835 1361 1041 1405 nequibant,
1073 1365 1108 1398 in
1135 1378 1257 1402 omnes
1284 1370 1466 1406 Ecclesiae
1492 1375 1634 1410 ordines
1660 1389 1835 1414 euomere.

74 1394 196 1438 Atque
222 1396 378 1440 interim,
406 1405 446 1434 vt
472 1407 587 1437 artem
615 1407 650 1439 et
677 1407 839 1444 fraudem
866 1415 1002 1456 tegant,
1029 1417 1167 1453 subdoli
1194 1420 1356 1458 homines
1383 1426 1475 1469 quod
1501 1428 1630 1473 scripsi
1650 1442 1740 1466 vnus
1759 1444 1836 1476 eg0‚

73 1446 108 1480 id
134 1448 169 1481 in
197 1451 311 1484 totum
330 1451 547 1488 lesuitarum
567 1457 624 1500 (vt
641 1463 787 1505 vocant)
813 1465 982 1506 ordinem.
1010 1470 1171 1506 referunt
1197 1477 1470 1514 contumeliose:
1498 1483 1534 1514 et
1558 1480 1623 1517 hos
1649 1483 1746 1528 ipsos
1771 1497 1835 1530 pro

72 1511 137 1533 sua
162 1501 301 1536 scilicet
326 1505 503 1541 modestia
538 1520 606 1543 non
634 1510 841 1557 hypocritas
867 1520 1018 1563 tantum,
1056 1525 1148 1567 quod
1175 1526 1227 1561 eis
1253 1531 1309 1563 est
1343 1530 1377 1564 in
1405 1544 1465 1566 ore
1491 1533 1833 1582 frequentissimum,

72 1565 138 1587 nec
164 1555 281 1589 solum
306 1557 513 1602 imperitos:
552 1563 614 1596 sed
650 1565 788 1610 impios,
824 1571 886 1605 sed
923 1573 1099 1618 falsarios,
1136 1580 1343 1623 praedones,
1379 1586 1586 1631 sacrilegos,
1620 1589 1832 1635 haereticos,

73 1606 235 1649 Iudaeos,
262 1609 398 1645 Turcas
424 1617 460 1646 et
487 1614 657 1651 Ethnicos
683 1630 762 1654 esse
793 1623 912 1666 palam
940 1628 1194 1667 vociferantur.
1223 1661 1229 1668 .
1251 1662 1257 1669 .
1279 1662 1285 1669 .
1329 1636 1455 1673 Totam
1483 1639 1710 1678 Germaniam
1747 1646 1834 1680 furi-

76 1659 195 1694 bunda
221 1664 257 1695 et
275 1674 409 1697 vesana
435 1668 593 1702 oratione
620 1673 802 1708 concitant
828 1680 863 1710 et
888 1677 1112 1717 inflammant
1137 1685 1173 1719 in
1197 1698 1260 1721 nos
1278 1691 1543 1737 perniciemque
1561 1698 1740 1731 nostram“
1764 1702 1834 1734 etc.

76 1712 116 1755 (f.
138 1713 245 1748 b¹*—b
265 1715 329 1758 2²¹).
365 1717 574 1754 Laud-antur
599 1722 680 1757 dein
707 1737 727 1758 a
758 1728 928 1764 Torrensi
952 1734 987 1766 in
1015 1736 1188 1772 cardinali
1214 1739 1414 1778 Truchsess
1440 1757 1520 1780 cum
1547 1747 1627 1790 alia,
1654 1752 1729 1784 tum
1761 1753 1832 1794 „in-

73 1871 280 1908 Catholicae
306 1875 506 1920 Religionis
538 1880 707 1925 defensio,
744 1885 885 1922 demum
920 1891 956 1925 in
986 1896 1136 1931 summis
1170 1898 1363 1936 honoribus
1398 1907 1434 1938 et
1468 1905 1731 1944 honestissimis
1764 1924 1828 1956 pro

71 1925 234 1960 Ecclesia
253 1928 477 1975 imperioque
503 1936 682 1980 susceptis
709 1938 952 1978 functionibus
979 1948 1113 1983 excelsi
1141 1952 1249 1986 animi
1275 1958 1500 1997 generositas
1527 1971 1606 1995 cum
1631 1963 1766 2007 pietate
1792 1968 1828 1999 et

69 1980 246 2023 sapientia
272 1982 449 2025 singulari
475 1987 695 2023 coniuncta.“
735 1991 891 2029 Summis
917 1997 1082 2036 laudibus
1109 2005 1296 2041 extollitur
1313 2010 1515 2054 cardinalis,
1542 2015 1634 2058 quod
1654 2017 1827 2053 universi-

69 2035 179 2065 tatem
207 2034 426 2078 dilinganam
461 2042 497 2072 et
531 2039 730 2078 instituerit
764 2049 801 2080 et
827 2048 1101 2092 diligentissime
1136 2058 1270 2095 foveat.
1322 2064 1515 2106 „Agnoscit
1540 2079 1670 2111 parens
1696 2070 1827 2106 Sueuia

67 2096 170 2118 suam
197 2086 387 2131 Dihngam,
424 2090 613 2128 obscurum
640 2097 782 2139 quidem
809 2104 845 2134 et
870 2102 1043 2140 incultum
1070 2109 1168 2152 prius
1193 2113 1380 2157 oppidum:
1416 2128 1511 2153 nunc
1539 2131 1621 2155 vero
1653 2123 1825 2160 selectam

68 2138 251 2173 Musarum
289 2142 410 2176 sedem
450 2155 627 2190 veraeque
664 2150 811 2194 pietatis
848 2158 884 2188 et
922 2156 1103 2195 doctrinae
1141 2163 1313 2201 salutaris
1352 2169 1569 2207 domicilium
1603 2175 1821 2213 admiratur*

64 2352 278 2393 Augustini,
321 2355 473 2396 „multos
510 2357 606 2393 locos
644 2367 853 2406 congestos,
896 2372 932 2401 et
969 2381 1004 2403 in
1045 2377 1252 2419 compendia
1291 2379 1347 2413 vel
1384 2384 1557 2426 epitomas
1592 2389 1743 2425 relatos'‘
1786 2393 1822 2427 in

63 2402 179 2437 lucem
198 2406 390 2450 emiserint,
416 2409 467 2443 ita
492 2412 623 2454 tamen,
651 2420 689 2448 ut
716 2428 775 2450 eos
806 2419 860 2460 „in
887 2422 1042 2464 peiorem
1063 2432 1200 2470 partem
1220 2434 1344 2467 contra
1364 2434 1512 2471 Patrum
1531 2444 1685 2476 mentem
1712 2444 1820 2480 inter-

63 2460 300 2501 pretarentur,
327 2460 415 2495 alios
443 2463 499 2496 vel
526 2476 593 2499 non
620 2467 759 2511 integre
787 2473 990 2518 recitarent,
1018 2479 1075 2513 vel
1102 2486 1223 2525 aperte
1247 2484 1519 2532 deprauarent“‚
1547 2493 1646 2537 alios,
1678 2498 1757 2541 „qui
1783 2501 1819 2534 in

63 2510 217 2544 medium
235 2512 346 2554 allati,
365 2514 429 2549 hos
448 2516 603 2560 ipsorum
624 2532 761 2556 errores
781 2523 1003 2563 infirmarent
1020 2535 1128 2575 atque
1147 2537 1422 2583 conuelle1·ent“,
1442 2554 1587 2587 prorsus
1601 2550 1817 2588 omitterent.

62 2561 254 2598 Praeterea
288 2578 357 2600 nou
392 2568 505 2603 solum
541 2572 744 2609 Catholicos
783 2579 983 2623 complures
1022 2587 1313 2626 „Confessiones“
1352 2596 1534 2637 praeclare
1572 2601 1700 2646 pieque
1738 2616 1817 2640 con-

60 2617 258 2661 scripsisse,
294 2620 356 2653 sed
392 2622 500 2656 etiam
536 2636 655 2659 eorum
691 2629 917 2667 adversarios
955 2647 1114 2677 „summa
1150 2645 1377 2680 contentione
1408 2660 1537 2693 vrgere
1565 2655 1816 2694 Oont'essiones

60 2681 154 2711 suas,
175 2677 214 2704 vt
227 2671 447 2715 Tigrinum,
466 2676 726 2722 Augustanam,
747 2682 1378 2738 Saxonicam,Vvirienibe1·gensc111“
1410 2713 1541 2747 easque
1561 2708 1683 2744 multis
1707 2713 1814 2748 ratio-

59 2722 164 2757 nibus
190 2725 283 2758 inter
308 2737 347 2759 se
374 2733 588 2771 pugnantes.
636 2732 774 2778 Operae
801 2737 912 2780 igitur
938 2743 1091 2785 pretium
1119 2758 1208 2789 esse,
1235 2753 1275 2783 ut
1301 2756 1422 2788 exstet
1451 2758 1675 2797 „Confessio“
1705 2765 1813 2808 illius,

59 2776 159 2810 cuius
186 2778 346 2813 doctrina.
372 2781 443 2814 iam
475 2783 574 2823 „inde
601 2788 684 2820 ante
711 2799 822 2824 annos
848 2792 945 2826 mille
971 2799 1163 2841 proposita,
1190 2806 1335 2847 recepta
1361 2806 1467 2842 simul
1494 2814 1528 2844 et
1560 2817 1808 2860 comprobata'*

56 2830 93 2862 in
119 2832 195 2864 tota
230 2832 383 2867 ecclesia
418 2835 484 2876 sit;
525 2839 682 2878 „accedit
708 2843 801 2885 quod
835 2848 1001 2892 sectarij“
1032 2863 1076 2884 ex
1103 2852 1272 2890 Patribus
1303 2869 1431 2900 „vnum
1468 2863 1542 2899 fere
1568 2867 1809 2912 Augustinum

56 2882 230 2918 honorant
259 2886 422 2929 maxime,
459 2893 494 2922 et
528 2894 698 2935 tanquam
734 2896 812 2939 piae
840 2898 1022 2936 doctrinae
1048 2904 1189 2940 fidelem
1216 2911 1427 2952 magistrum
1455 2917 1576 2953 colunt
1613 2922 1648 2956 in
1674 2926 1809 2968 primis,

56 2935 337 2982 obseruantque“
370 2942 409 2983 (f.
428 2941 541 2986 4¹³—g
559 2944 622 2987 ⁶2²¹).
664 2946 810 2983 Fatetur
837 2951 962 2987 deinde
993 2957 1190 3004 Turrensis,
1217 2973 1256 2996 se
1282 2975 1348 2998 non
1376 2967 1420 3001 iis
1447 2972 1585 3006 tantum
1611 2974 1721 3019 libris,
1749 2983 1808 3024 qui

178 3045 185 3063 ¹
214 3044 265 3077 cf.
297 3046 383 3080 Cau.
411 3047 425 3080 l
454 3048 658 3091 767—769;
686 3053 717 3086 Il
744 3055 811 3089 685
840 3058 1024 3096 904—905
1052 3064 1138 3105 916;
1167 3066 1216 3101 IV
1242 3069 1463 3109 998—1000.

172 3096 185 3116 ²
211 3097 300 3131 Vide
326 3110 436 3143 supra
463 3113 494 3145 p.
515 3102 664 3139 90—93.

173 3151 184 3169 ³
211 3150 262 3183 De
289 3151 354 3185 hoc
382 3151 561 3188 Guilielmi
589 3156 819 3195 Bidenbachii
847 3168 882 3197 et
907 3165 1024 3202 Lucae
1052 3170 1217 3207 Osiandri
1244 3175 1333 3211 libro
1363 3191 1394 3214 v,
1418 3193 1526 3226 supra
1552 3197 1584 3230 p.
1605 3188 1802 3230 301—304.

1436 3241 1455 3273 Γ)
1462 3242 1480 3273 2
1498 3244 1514 3261 *
