2045 3471
231 201 315 241 322
708 197 809 232 1359.
837 197 1001 232 canisius
1027 197 1061 232 S.
1085 198 1274 233 Francisco
1301 199 1343 233 de
1368 200 1499 243 Borgia

228 315 429 349 sentiebant
457 315 554 357 (vide
576 316 662 348 Can.
682 315 732 349 IV
749 315 938 350 400—402
964 316 1149 350 876-877
1177 317 1382 358 880—883;
1411 319 1488 352 Nic.
1508 320 1643 353 Paulus
1660 320 1696 353 in
1717 319 1982 361 „Historisches

230 367 432 402 Jahrbuch“
457 367 593 400 XXVII
612 367 712 409 342).
747 367 853 401 Multi
880 371 975 402 certe
1002 368 1164 403 homines
1189 381 1374 414 magorum
1402 373 1438 405 et
1462 371 1657 415 strigarum
1683 372 1824 407 nomine
1847 373 1981 408 occide·

229 421 366 460 bantur,
402 420 461 463 qui
498 419 557 453 vel
593 421 687 454 omni
725 420 805 454 labe
831 421 1019 458 vacabant.
1046 421 1105 455 vel
1140 424 1281 456 tantum
1317 424 1542 458 somniabant
1577 427 1612 459 et
1646 425 1978 465 hallucinabantur;

229 484 341 517 neque
366 475 486 506 tamen
512 472 653 507 omnino
679 473 723 507 ab
750 485 790 508 eo
816 485 962 508 numero
989 474 1149 517 aberant,
1186 476 1245 520 qui
1272 488 1358 510 vera
1385 477 1559 512 veneficia
1585 477 1702 512 aliave
1729 479 1877 513 crimina
1902 491 1979 525 per-

229 527 449 570 petrassent3
476 526 521 560 cf.
549 527 850 560 Janssen-Pastor
874 527 897 561 l.
925 539 954 561 c.
973 526 1156 561 V111²³-¹⁴
1181 529 1245 563 581
1276 529 1354 564 583.

344 578 446 612 Anno
463 579 552 613 1895
570 580 776 614 Ele-hardus
791 581 926 624 Dipper
943 581 1219 625 protestantium
1230 582 1580 625 wisensteigensium
1597 584 1759 618 minister
1773 584 1980 629 Greislingae

227 631 474 665 excudendum
500 632 641 666 curavit
666 632 827 667 libellum
857 633 1133 675 „Reformation‚
1161 633 1516 678 Gegenreformation
1541 637 1613 671 und
1631 637 1978 673 Wiederaufbliihen

228 684 289 719 des
315 684 593 728 evangelischen
614 685 796 719 Glaubens
822 685 857 719 in
872 685 1159 729 Wiesensteig“;
1187 688 1222 721 in
1249 700 1318 732 quo
1345 688 1386 722 de
1407 689 1572 723 Udalrico
1590 689 1651 724 IV.
1679 691 1805 725 comite
1831 691 1980 736 eiusque

227 737 271 770 ad
297 736 485 771 ecclesiam
512 737 725 772 catholicam
752 738 868 772 reditu
894 738 1009 773 multa
1036 740 1179 784 quidem
1205 744 1329 775 narrat
1357 742 1406 786 (p.
1424 742 1577 785 5—17);
1605 743 1639 777 id
1658 755 1753 785 vero,
1780 744 1872 788 quod
1895 744 1978 779 olim

227 792 348 824 notum
375 792 462 831 erat,
497 790 573 835 ipse
599 793 661 824 aut
686 790 839 834 ignorat,
877 794 939 825 aut
965 792 1106 826 silentio
1133 793 1353 828 dissimulat:
1389 794 1571 830 Canisium
1599 808 1678 830 cum
1705 797 1834 831 comite
1860 809 1979 832 coram

227 843 344 886 egisse
370 844 518 887 eiusque
544 843 587 877 ad
615 843 803 878 ecclesiam
830 844 1022 879 reducendi
1048 845 1189 880 initium
1215 847 1356 881 fecisse.

343 896 494 939 Borgias
520 908 583 941 per
608 896 804 931 Polancum
831 897 973 932 Canisio
999 899 1184 944 respondit
1212 901 1264 934 15.
1293 900 1458 934 Octobris
1487 902 1587 936 1566.

227 993 376 1029 1359.
484 995 698 1031 CANISIUS
732 994 997 1032 SANCTO
1024 995 1409 1035 FRANCISGO
1437 999 1529 1036 DE
1556 999 1843 1045 BORGIA,
1877 1014 1978 1047 prae-

414 1049 529 1092 posito
555 1049 712 1092 generali
739 1048 929 1084 Societatis
956 1050 1045 1085 Iesu.
1282 1053 1471 1087 Monachio
1497 1054 1552 1088 28.
1580 1054 1799 1099 Septembris
1828 1056 1929 1090 1566.

343 1117 398 1151 Ex
423 1118 578 1161 imagine
604 1119 886 1164 photographica
911 1120 1113 1155 litterarum
1140 1123 1444 1168 autographarum
1473 1124 1545 1166 (2⁰:
1573 1136 1630 1169 pp.
1650 1126 1688 1164 2;
1716 1125 1753 1159 in
1771 1137 1803 1170 p.
1822 1127 1845 1160 4
1870 1126 1976 1160 inscr.

226 1172 262 1203 et
287 1169 458 1214 reliquiae
483 1171 580 1214 sig),
607 1182 698 1215 quae
725 1175 870 1206 exstant
896 1173 930 1206 in
961 1173 1019 1213 „E.
1040 1173 1077 1208 C.
1105 1175 1157 1208 11⁴⁴
1187 1187 1219 1208 n.
1243 1176 1306 1209 176
1333 1176 1446 1217 (318).

343 1241 464 1274 Patris
482 1242 626 1275 Natalis
652 1243 805 1275 reditum
832 1244 932 1276 avide
958 1249 1139 1287 exspectat.
1176 1246 1355 1279 Bacariae
1381 1248 1456 1279 dux
1481 1251 1658 1281 oratorem
1676 1249 1822 1282 Romam
1850 1251 1979 1293 mittit,-

226 1293 397 1326 Ernestus
423 1295 496 1327 etus
521 1295 618 1336 filius
642 1296 791 1337 futurus
816 1301 862 1329 est
889 1299 1068 1340 episcopus
1091 1300 1329 1342 frisinyensz'sn
1365 1300 1403 1333 P.
1427 1301 1600 1344 Georyius
1619 1301 1846 1336 Schorz'ehius
1862 1303 1977 1336 Roma

225 1347 272 1378 att
306 1347 406 1380 (lueis
442 1353 587 1380 matrem
618 1349 756 1381 litteras
782 1350 887 1393 dedit,
926 1352 962 1382 in
989 1351 1114 1394 quibus
1140 1353 1248 1385 multa
1278 1354 1512 1396 vituperanda
1537 1358 1628 1387 sunt.
1684 1356 1892 1389 Curandum
1917 1362 1976 1399 est,

227 1404 262 1431 ut
289 1400 528 1443 Schorifflius,
555 1403 648 1444 quod
674 1402 722 1434 ad
745 1403 968 1435 scribendum
994 1406 1128 1445 attinet,
1154 1406 1246 1438 serio
1271 1417 1306 1438 se
1331 1407 1491 1440 emendet.
1539 1408 1574 1440 P.
1601 1408 1819 1450 Niuyuarda
1849 1410 1885 1442 O.
1913 1410 1975 1443 Pr.

226 1452 355 1485 Romae
380 1455 516 1487 moueri
541 1455 644 1497 debet,
670 1466 713 1488 ue
738 1456 852 1489 denuo
878 1457 1006 1489 litteris
1030 1460 1171 1491 secretis
1198 1458 1237 1492 P.
1256 1459 1456 1492 Martz‘num
1475 1461 1748 1494 Stevorde'anum
1774 1463 1821 1495 ad
1847 1464 1974 1496 contio—

224 1508 361 1539 natoris
387 1517 515 1539 munus
535 1508 738 1551 Sate'sburyi
753 1510 1014 1552 suscipiendum
1029 1511 1195 1554 pelliciat.
1234 1512 1487 1546 Stevordicmus
1505 1514 1688 1547 Monac-hii
1712 1519 1742 1548 et
1767 1516 1973 1549 auditorum

225 1560 456 1601 applausibus
497 1565 526 1592 et
568 1562 768 1594 aulicorum
808 1565 961 1595 nummis
1004 1564 1040 1596 iu
1071 1565 1271 1607 perieulum
1312 1566 1494 1599 Societatis
1531 1567 1737 1601 deserendae
1778 1569 1972 1603 inducitur.

226 1613 404 1654 Auyuscae
430 1613 467 1646 P.
488 1614 711 1656 Halbpaurc'i
738 1616 774 1647 in
801 1616 942 1648 ecclesia
970 1617 1167 1650 cathedrali
1193 1619 1432 1652 contionantis
1459 1620 1642 1653 insolentia
1669 1632 1690 1653 a
1710 1622 1824 1655 Sociis
1841 1622 1977 1656 diutius

224 1666 318 1706 ferri
338 1676 406 1698 non
427 1670 537 1708 potest
547 1680 560 1707 ;
586 1678 697 1710 quare
716 1668 752 1700 P.
773 1668 948 1710 Roseffius
976 1672 1009 1702 in
1030 1671 1104 1703 eius
1122 1671 1234 1704 Iocum
1251 1672 1487 1705 substituatur
1504 1684 1635 1706 necesse
1652 1679 1709 1707 est.
1744 1675 1783 1707 P.
1803 1675 1976 1718 Hoffaeus

226 1718 409 1750 Monachio*
431 1729 598 1762 prospere
624 1721 860 1755 contionatur.

444 1784 471 1835 †
506 1785 597 1826 Pax
629 1785 785 1827 Christi
819 1787 1039 1828 nobiscum
1072 1788 1296 1830 admodum
1329 1790 1580 1832 Reuerende
1612 1791 1754 1835 Pater.

342 1854 508 1896 Nudius
541 1854 695 1898 tertius
727 1856 954 1898 Monacum
986 1858 1160 1908 accessi,
1204 1863 1378 1901 aeturus
1411 1874 1487 1914 per
1518 1862 1596 1903 Dei
1628 1863 1829 1915 gratiam,
1864 1878 1975 1916 quae

224 1918 278 1960 ad
300 1918 468 1972 collegij
500 1919 624 1961 huius
646 1921 886 1974 profectum
919 1924 1160 1976 spectantl.
1203 1924 1496 1978 Expectamus
1527 1927 1715 1979 quotidie
1738 1928 1788 1970 R.
1814 1929 1858 1972 P.
1883 1929 1971 1971 Na-

224 1982 325 2025 talis
356 1984 554 2034 reditum,
590 1984 708 2026 cuius
741 1985 890 2028 dilatio
923 1987 1081 2040 aliquid
1115 1988 1236 2030 nobis
1269 1989 1412 2032 adfert
1444 1990 1712 2043 incommodi,
1746 1997 1836 2035 tum
1861 1994 1974 2046 quod

224 2047 327 2089 nihil
368 2049 570 2091 constitui
613 2049 751 2103 possit
795 2050 846 2092 de
891 2051 1111 2093 mittendis
1152 2052 1194 2094 in
1229 2054 1388 2096 Vrbem
1432 2055 1680 2106 fratribus2‚
1727 2060 1818 2099 tum
1860 2059 1973 2111 quod

224 2113 460 2155 studiorum
506 2113 549 2154 in
594 2114 787 2168 collegijs
830 2116 1054 2158 renouatio
1099 2131 1153 2158 ex
1197 2117 1270 2160 illo
1314 2119 1406 2172 ipso
1450 2121 1678 2174 pendeat-⁹».
1741 2122 1973 2177 Speramus

224 2177 343 2219 breui
375 2191 453 2219 nos
486 2178 647 2231 aliquid
680 2179 839 2221 certius
872 2180 1094 2223 habituros
1127 2182 1178 2224 de
1209 2182 1342 2237 ipsius
1375 2184 1576 2228 aduentu.

342 2242 465 2284 Nunc
506 2243 694 2286 mittitur
725 2258 751 2286 a
783 2245 901 2287 Duce
934 2246 1146 2288 Bauarico
1181 2247 1432 2290 Sacellanus
1474 2253 1518 2293 et
1558 2250 1838 2294 Contionator
1881 2252 1973 2294 eius

224 2306 279 2348 M.
306 2307 540 2360 Georgius³
570 2307 841 2359 Lautherius,
876 2310 1019 2352 nescio
1052 2325 1231 2363 quorum
1264 2314 1534 2366 negotiorum
1575 2316 1730 2368 gratia.
1794 2316 1972 2370 Episco-

223 2373 350 2424 patus
382 2371 682 2425 Frisingensis‚
729 2375 778 2415 ut
810 2374 949 2425 audio,
995 2375 1204 2430 Principis
1236 2378 1352 2419 filio4
1393 2381 1459 2420 est
1498 2379 1626 2421 isthic
1667 2381 1831 2422 occulte
1872 2395 1970 2435 pro·

224 2435 390 2478 missus.
444 2436 671 2479 Caeterum
704 2438 929 2490 quoniamb
959 2441 1120 2482 multae
1152 2441 1305 2484 literae
1339 2443 1393 2485 ad
1425 2444 1481 2486 M.
1506 2444 1796 2487 Schorichium
1829 2448 1971 2487 trans-

224 2499 336 2541 mitti
368 2503 577 2554 putantur
609 2515 664 2543 ex
697 2503 796 2544 aula
818 2503 1064 2546 Monacensi
1081 2506 1107 2552 5,
1143 2507 1291 2558 quales
1314 2507 1444 2549 etiam
1467 2508 1534 2549 hic
1557 2508 1836 2551 Contionator
1858 2510 1971 2553 forte

341 2584 367 2608 a)
389 2581 448 2605 Hoc
468 2589 491 2606 r.
512 2590 528 2605 a
550 2582 618 2607 Can.
639 2590 731 2614 supra
754 2590 865 2608 versum
886 2584 1027 2615 scriptum
1048 2589 1097 2610 est.
1182 2586 1211 2619 b)
1234 2588 1371 2618 Sequitur
1391 2587 1459 2619 aud,
1484 2597 1501 2613 a
1522 2590 1549 2613 C.
1570 2589 1774 2614 oblitteratum.

344 2675 351 2696 ¹
378 2675 430 2708 De
456 2675 562 2709 rebus
588 2687 608 2709 a
636 2676 777 2710 Canisio
804 2677 983 2712 Monachii
1009 2680 1123 2722 gestis
1149 2680 1230 2714 vide
1257 2681 1349 2715 infra
1376 2693 1466 2716 mon.
1486 2694 1621 2716 monac.
1644 2683 1709 2726 (3).

342 2728 354 2747 2
380 2727 432 2762 Cf.
459 2740 567 2773 supra
593 2740 626 2773 p.
645 2729 828 2764 289—291
858 2731 937 2765 302.

342 2781 354 2799 ³
379 2781 608 2815 Autumnalis
633 2782 722 2816 haec
751 2783 967 2824 „studiorum
996 2786 1200 2819 renovati&
1230 2787 1296 2821 sub
1315 2788 1431 2832 ipsum
1450 2786 1515 2822 hoc
1533 2791 1674 2832 tempus
1692 2788 1855 2822 facienda
1873 2791 1970 2830 erat;

224 2830 304 2864 vide
334 2833 418 2867 Can.
446 2834 477 2866 H
505 2835 600 2869 4432.
834 2841 837 2843 ’

342 2886 353 2904 4
381 2885 546 2921 Ernesto:
575 2888 656 2921 vide
683 2899 790 2933 supra
816 2901 848 2933 p.
869 2889 1066 2925 262—264.

342 2937 354 2955 ⁵
380 2937 417 2970 Ρ.
446 2938 620 2983 Georgius
647 2940 874 2975 Schorichius
901 2941 934 2975 S.
961 2942 994 2976 J.
1022 2943 1204 2977 contiones
1230 2944 1403 2979 habuerat
1439 2947 1474 2978 et
1499 2945 1591 2989 apud
1618 2946 1743 2980 ducem
1776 2949 1811 2980 et
1836 2947 1869 2980 in
1897 2958 1967 2981 mo-

224 2988 366 3021 nacensi
394 2990 629 3026 Eremitarum
656 2993 689 3027 S.
705 2995 899 3037 Augustini
926 2995 1087 3037 ecclesia,
1115 3008 1186 3040 qua
1212 2997 1319 3031 etiam
1347 2997 1438 3031 Socii
1463 2997 1664 3031 utebantur.
1700 2999 1823 3033 Mense
1849 3002 1966 3034 autem

225 3038 323 3072 Iunio
352 3041 440 3075 1566
476 3055 554 3077 eum
582 3045 619 3078 P.
646 3045 787 3079 Natalis
813 3048 991 3088 visitator,
1027 3048 1127 3082 ducis
1154 3050 1257 3083 venia
1292 3050 1385 3084 haud
1421 3050 1496 3084 sine
1522 3050 1735 3085 difficultate
1765 3052 1968 3096 impetrata,

225 3090 370 3125 Romam
405 3094 565 3137 miserat,
604 3100 643 3130 ut
677 3098 879 3142 theologiae
914 3101 1075 3135 studeret
1110 3104 1145 3135 et
1178 3102 1213 3135 in
1248 3102 1382 3146 pietate
1416 3102 1604 3146 proficeret
1641 3103 1744 3148 (Epp.
1773 3106 1892 3138 Nadal
1917 3105 1967 3138 ΙΙΙ

228 3143 408 3178 156—157
437 3148 471 3179 et
497 3158 603 3191 supra
629 3161 661 3192 p.
681 3151 747 3183 :277
775 3152 872 3194 284).
