2045 3471
397 198 491 232 Mon.
511 197 579 232 780
605 198 683 232 sive
709 197 808 232 herb.
829 197 920 240 (15).
959 197 990 230 A
1017 196 1048 229 d.
1069 195 1123 229 25.
1144 195 1187 229 ad
1215 195 1270 230 30.
1289 195 1381 229 Iunii
1402 195 1503 229 1567.
1755 196 1837 237 709

193 318 242 360 P.
272 318 555 359 Theodoricus
591 317 792 359 Canisius
824 317 867 359 S.
892 316 950 370 J„
994 316 1152 369 colleqii
1193 319 1229 356 et
1261 315 1549 356 universitatis
1592 315 1841 368 dilinqanae

74 388 221 432 rector,
254 383 432 436 Dilinya
456 384 526 424 25.
549 383 670 423 Iunii
692 382 807 424 1567
839 382 993 423 Sancto
1016 380 1246 421 Francisco
1269 379 1454 433 Borqiae
1476 380 1693 421 Societatis
1713 393 1841 434 prae-

72 450 207 504 posito
237 449 426 503 qenerali
457 448 651 501 scripsit:
687 445 885 487 Viuimus
916 444 997 486 hoc
1029 445 1124 486 loeo
1158 445 1211 485 27
1246 457 1437 493 numero,
1482 443 1574 485 sani
1610 445 1842 496 Vtcumque

77 525 238 563 omneS‚
280 514 463 565 excepto
506 511 638 552 Patre
681 510 874 552 Gerardo
916 509 1151 564 Lapidano‚
1196 508 1452 550 Rhetorices
1497 510 1542 550 et
1585 521 1842 560 graecarum

77 577 302 620 literarum
335 575 596 630 professore,
631 575 703 628 qui
726 574 1070 617 valetudinarius
1096 587 1190 615 esse
1222 573 1378 627 pergit,
1414 575 1458 614 et
1488 572 1570 614 loci
1603 571 1844 614 mutatione

76 641 289 684 iuuandus
312 642 505 694 putatur,
539 639 796 694 praesertim
820 639 855 681 si
877 639 920 681 in
942 638 1209 693 prouinciam
1232 637 1371 680 Rheni
1403 640 1612 688 transeat,
1647 636 1844 690 quamuis

78 707 132 749 ab
166 720 230 757 eo,
273 705 565 748 Melancholia
597 707 642 747 et
683 704 854 758 legendi
887 703 1033 747 taedio
1065 716 1175 757 pene
1207 702 1293 744 iam
1326 716 1545 756 oppresso,
1588 715 1726 756 pauca
1768 715 1844 742 ex-

77 771 294 827 pectanda
317 770 517 824 deinceps
542 769 783 819 videantur,
817 772 866 811 vt
898 768 970 821 qui
1003 768 1057 810 ad
1089 768 1320 820 legendum
1354 767 1597 816 dumtaxat,
1630 767 1843 809 talentum

77 837 239 879 habere
272 835 391 877 visus
424 837 504 878 est.
558 835 676 888 Aget
709 834 761 875 de
794 847 844 876 eo
877 836 1004 888 pater
1044 832 1322 887 prouincialis
1362 834 1512 874 noster
1544 846 1638 874 cum
1672 845 1711 885 p.
1745 845 1845 884 pro-

79 900 254 944 uinciali
297 900 479 950 Rheni1,
525 899 599 941 vbi
643 898 867 953 Herbipoli
912 898 1205 940 conuenerint.
1278 897 1545 939 Conuenient
1588 898 1756 946 autem,
1801 894 1845 936 ni

81 967 224 1016 fallor,
266 966 405 1016 hodie,
449 979 547 1007 nam
583 967 685 1006 ante
717 963 905 1006 triduum
940 963 1038 1005 hinc
1069 966 1191 1005 reeta
1223 962 1491 1016 Herbipolim
1524 961 1746 1016 profectus
1779 963 1847 1002 est

80 1046 121 1086 p.
146 1031 353 1080 Cafflsius,
387 1030 460 1072 vbi
492 1032 764 1084 expectatur,
798 1032 847 1071 vt
879 1031 998 1082 put0‚
1032 1041 1058 1069 a
1081 1028 1211 1070 Patre
1234 1027 1388 1078 Vinek,
1423 1027 1495 1080 qui
1517 1027 1572 1069 ad
1593 1027 1646 1070 D.
1665 1025 1846 1068 Joannis

81 1096 312 1151 Baptistae
342 1096 532 1138 festum2
564 1109 614 1137 eo
647 1108 693 1136 se
725 1096 955 1135 venturum
989 1095 1228 1146 receperat.

200 1176 408 1222 Lapidanus
434 1178 606 1210 autumno
632 1187 663 1209 a.
685 1175 775 1209 1567
802 1174 837 1207 in
865 1173 1054 1216 collegium
1081 1172 1332 1217 herbipolense
1358 1172 1491 1207 missus
1518 1174 1582 1206 est.

85 1307 194 1346 780
222 1310 299 1344 sive
326 1307 478 1345 herb.
499 1308 627 1354 (15).
701 1306 730 1342 A
758 1307 790 1343 d.
811 1308 865 1344 25.
893 1308 939 1344 ad
966 1307 1137 1345 30.1unii
1163 1307 1255 1343 1567.

203 1386 259 1420 Ex
285 1385 519 1431 autographo.
574 1384 636 1428 „G.
665 1385 728 1430 Ep.
755 1385 806 1418 X“
837 1385 862 1419 f.
892 1385 1130 1420 18112—1822.

204 1458 274 1491 ΡΡ.
304 1457 472 1491 Canisius
507 1461 537 1490 et
561 1457 674 1489 Vinck
699 1457 889 1490 Friderieo
926 1458 1084 1499 episcopo
1119 1457 1357 1499 herbipolensi
1385 1454 1601 1498 persuadere
1625 1453 1775 1495 student,
1810 1455 1849 1484 ut

85 1523 128 1546 ατ
153 1512 282 1545 litteris
305 1511 535 1553 fundationis
561 1510 699 1553 colleqii
723 1514 827 1553 caput
853 1511 945 1543 illud
972 1511 1128 1553 (inferat,
1156 1520 1223 1553 quo
1251 1509 1409 1542 Societas
1434 1508 1616 1550 obliqetur,
1657 1510 1693 1538 nt
1719 1507 1850 1538 contio-

84 1570 246 1599 natorem
273 1569 303 1598 et
320 1564 513 1607 theoloqiae
532 1564 773 1607 professorem
793 1563 952 1606 episcopo
967 1564 1147 1606 praebeat.
1189 1563 1312 1595 Laiuii
1338 1565 1368 1594 et
1385 1561 1540 1604 Boryiae
1559 1561 1850 1603 praepositorum

83 1619 305 1662 yeneralium
332 1621 529 1660 praecepta
562 1621 740 1650 servantes
775 1618 946 1660 episcopo,
985 1616 1130 1649 Canisio
1167 1616 1311 1660 „ducem
1336 1612 1454 1648 verbi“
1483 1617 1614 1656 aqente,
1650 1613 1848 1655 affirmant,

86 1672 291 1706 Societatem
316 1671 355 1703 id
379 1681 453 1703 non
471 1674 590 1713 petere
616 1680 664 1713 eo,
691 1670 785 1713 quod
811 1671 1088 1703 contionatorem
1114 1674 1144 1701 et
1169 1669 1363 1712 theoloqum
1389 1668 1478 1700 dare
1504 1670 1646 1708 recuset,
1672 1666 1731 1698 sed
1757 1665 1850 1708 quod

85 1735 172 1759 novo
198 1724 310 1758 debito
336 1725 376 1756 in
402 1734 458 1756 eos
484 1723 622 1756 dandos
647 1724 803 1765 astrinyi
830 1723 928 1756 nolit.
971 1723 1083 1755 Vinci„-
1113 1722 1409 1755 Constitzctionum
1435 1721 1527 1753 locos
1551 1720 1688 1762 recitat,
1723 1718 1850 1762 quibus

87 1779 183 1812 Socii
205 1778 321 1820 ¹oratis
353 1782 382 1810 et
407 1778 484 1809 sine
509 1777 690 1819 sinyulari
716 1776 927 1818 obltyatione
953 1776 1124 1809 eiusmodi
1159 1776 1280 1817 officia
1307 1778 1498 1817 praestare
1534 1773 1711 1806 iubentur.
1761 1771 1850 1813 Epi-

84 1841 211 1875 scopus
246 1831 363 1864 iratus
389 1834 430 1873 et,
467 1830 560 1873 quod
594 1830 632 1862 id
668 1834 772 1862 antea
807 1840 921 1862 secum
958 1830 1251 1862 communicatum
1286 1838 1358 1861 non
1393 1831 1488 1868 esset,
1525 1829 1732 1869 conquestus
1766 1824 1849 1866 abit,

85 1885 314 1928 siyilliferum
339 1884 544 1926 relinquens
568 1883 619 1916 vel
638 1883 752 1926 paulo
776 1887 853 1925 post
881 1883 1068 1916 remittens.
1123 1882 1318 1915 Ostendant
1343 1883 1447 1914 etiam
1476 1880 1643 1913 Canisius
1669 1882 1698 1910 et
1726 1877 1849 1918 Vinclc,

87 1938 293 1973 Societatem
321 1948 364 1970 ex
390 1937 466 1979 ipso
492 1947 557 1969 suo
583 1937 746 1969 instituto
772 1936 976 1969 contionari
1001 1940 1029 1969 et
1056 1935 1265 1979 tlzeoloyiam
1290 1935 1442 1968 tradere.
1497 1934 1665 1967 Canisius
1689 1942 1756 1974 pro
1784 1931 1850 1963 elo-

87 1991 231 2035 quentia
264 2001 331 2023 sua
367 1990 521 2032 episcopi
557 1990 718 2022 animum
747 1990 872 2032 placat
898 1993 939 2032 et,
973 1993 1011 2022 ut
1039 1989 1177 2021 litterae
1200 1988 1428 2030 fundat-ionis
1453 1987 1695 2027 immutentur,
1732 1984 1849 2026 efficit.

89 2046 220 2088 Spirae
247 2044 416 2077 Canisius
450 2047 479 2075 et
504 2043 617 2076 Vinclc
651 2043 743 2075 idem
778 2042 915 2084 efficere
950 2045 1138 2085 conantur,
1174 2042 1292 2074 minus
1327 2046 1442 2073 tamen
1476 2049 1646 2083 prospero
1680 2047 1849 2070 successu.

89 2098 278 2140 Herbipoli
301 2096 540 2129 cancellarius
565 2096 718 2138 episcopi
742 2106 846 2138 aeyre
870 2096 952 2137 fert,
980 2100 1009 2128 et
1027 2096 1165 2128 litteras
1190 2095 1241 2127 ita
1259 2096 1464 2127 immutatas
1489 2096 1519 2126 et
1536 2093 1698 2125 alumnos
1725 2101 1767 2123 επ
1785 2090 1850 2123 col-

89 2151 175 2195 leyio
213 2152 253 2182 iu
280 2150 392 2182 aliam
419 2149 560 2182 domum
586 2149 781 2182 translatos
807 2159 885 2182 esse.
936 2149 1113 2191 Episcopo
1139 2158 1275 2191 quoque
1302 2147 1466 2180 nonnihil
1492 2146 1676 2189 displicere
1702 2144 1850 2185 ridetur,

88 2204 182 2248 quod
207 2203 248 2236 de
273 2204 516 2235 contionatore
543 2212 613 2234 non
638 2202 684 2234 sit
710 2202 905 2245 quidquam
927 2202 1051 2244 planis
1077 2202 1190 2234 verbis
1216 2201 1463 2242 constitutunz,·
1488 2209 1599 2242 qnare
1616 2198 1711 2230 vellet
1731 2197 1853 2230 Socios

93 2256 249 2300 capitulo
276 2257 313 2288 in
342 2255 519 2288 contiones
545 2255 713 2288 catholice
739 2255 918 2287 habendas
943 2259 1165 2287 sacramento
1190 2265 1225 2287 sc
1250 2255 1457 2296 astrinqere.

209 2334 257 2375 P.
281 2334 493 2374 Antonius
514 2333 646 2374 Vinclc
678 2333 719 2374 S.
744 2332 787 2374 J.
814 2333 1062 2386 provinciae
1094 2332 1312 2373 rhenanae
1339 2332 1621 2386 praeposita-5,
1662 2328 1852 2370 Treveris

93 2401 161 2442 12.
186 2399 390 2440 Ianuarii
424 2400 539 2439 1569
580 2398 622 2440 S.
648 2397 878 2439 Francisco
911 2397 1095 2451 Borqiae
1128 2397 1346 2438 Societatis
1382 2397 1623 2451 praeposito
1664 2393 1852 2449 yeizerali

92 2465 284 2518 scripsit:
325 2462 369 2504 Jl
401 2461 657 2504 Reuerendo
690 2462 736 2504 P.
770 2461 899 2503 nadal
933 2461 1147 2503 domanda
1189 2461 1266 2503 che
1307 2460 1348 2502 io
1381 2460 1410 2501 11
1454 2459 1666 2502 soriuesse
1708 2462 1852 2499 come¹¹

90 2531 220 2584 passo
251 2528 281 2569 il
314 2527 494 2580 negocio
518 2527 632 2568 della
663 2526 916 2569 fundatione
943 2527 1009 2568 del
1044 2526 1225 2579 collegio
1248 2525 1574 2579 Herbipolense‚
1610 2523 1700 2565 cioe
1733 2535 1852 2564 come

91 2594 128 2635 si
160 2595 364 2635 contento
397 2592 426 2633 il
449 2591 825 2633 Reuerendissimo
840 2592 855 2618 3
878 2591 919 2632 in
953 2591 1076 2633 leuar
1098 2591 1165 2633 del
1189 2590 1476 2633 instrumento
1500 2589 1641 2642 quello
1665 2587 1732 2629 del
1757 2600 1853 2640 pre-

92 2658 287 2700 dicatore
319 2660 363 2700 et
394 2657 599 2709 theologo
613 2657 642 2707 4,
676 2656 716 2697 10
750 2670 833 2698 11011
857 2670 903 2697 so
927 2655 963 2697 si
995 2657 1077 2697 ben
1100 2656 1157 2697 mi
1180 2655 1454 2705 raccordaro,
1488 2654 1579 2696 diro
1607 2667 1688 2708 pur
1710 2651 1852 2704 quello

93 2723 170 2765 ohe
213 2735 346 2777 penso
389 2720 456 2763 dib
488 2721 792 2771 raccordarmi,
836 2723 880 2762 et
912 2721 1054 2773 quello
1095 2721 1168 2774 piu
1210 2720 1499 2762 arditamente
1540 2732 1618 2773 per
1659 2716 1798 2758 cheli
1831 2717 1853 2757 6

92 2791 295 2843 presente
318 2787 347 2829 il
372 2786 625 2827 Reuerendo
650 2786 695 2828 P.
716 2786 904 2828 canisio5
927 2786 997 2839 qui
1021 2785 1103 2828 fuit
1126 2785 1225 2827 dux
1248 2785 1430 2838 verbiss,
1454 2784 1496 2825 in
1520 2783 1667 2838 primis
1691 2783 1852 2835 quanto

94 2853 181 2895 alla
222 2866 324 2894 cosa
365 2850 599 2893 essensiale
640 2850 696 2891 mi
739 2864 843 2904 pare
885 2850 962 2892 che
1004 2849 1178 2891 dissime
1224 2863 1343 2891 come
1390 2849 1431 2891 la
1473 2847 1728 2902 eompagnia
1768 2859 1852 2887 non

213 2938 240 2967 a)
262 2939 297 2962 In
318 2940 430 2968 ccutoqr.
451 2937 584 2968 sequitur
603 2935 638 2967 ci,
658 2944 676 2961 a
696 2937 724 2961 Γ.
752 2937 955 2961 oblitteratum,
1030 2934 1059 2964 b>
1082 2936 1114 2960 In
1136 2939 1194 2960 aut.
1218 2936 1257 2959 ila
1278 2939 1435 2959 ‹nov-ertum
1457 2938 1496 2959 vs!
1517 2942 1552 2959 ea:
1573 2933 1621 2959 mi.

218 3034 227 3054 ¹
253 3033 407 3067 Antonio
429 3031 555 3066 Vinok.
702 3031 714 3051 ²
742 3030 795 3064 Ad
823 3031 854 3064 d.
882 3030 937 3064 24.
966 3030 1068 3064 1111111.

215 3087 228 3106 ³
254 3085 456 3119 Fridericus
483 3096 503 3118 a
520 3083 721 3127 Wirsberg.
867 3085 879 3103 ⁴
905 3083 996 3117 Vide
1022 3094 1132 3128 supra
1158 3095 1190 3128 p.
1219 3083 1405 3118 366—367
1432 3082 1631 3117 466—468.

216 3139 229 3158 ⁵
255 3137 420 3173 Canisius
447 3148 476 3171 a.
500 3138 588 3171 1568
616 3148 636 3170 a
661 3148 706 3171 111.
735 3137 835 3171 Iunio
862 3136 905 3170 ad
933 3148 977 3170 111.
1006 3135 1237 3170 Decembrem
1266 3135 1398 3170 Romae
1424 3138 1584 3169 moratus
1611 3138 1676 3169 est.

215 3191 228 3210 ⁶
255 3192 324 3224 Act
352 3191 404 3231 14,
434 3191 487 3224 11.
