2045 3471
230 204 314 245 330
694 200 794 234 1364.
821 199 987 234 Canisius
1014 199 1249 234 Wendelinae
1276 211 1358 233 vom
1383 199 1511 234 Triest.

230 319 444 375 progredi,
479 333 533 361 an
565 317 708 372 potius
741 317 947 371 hyemare
979 317 1199 359 nobiscum
1223 331 1307 359 vno
1331 320 1462 371 atque
1484 318 1623 360 altero
1646 318 1800 361 saltem
1824 330 1983 367 mense,

230 387 279 427 vt
309 384 351 426 in
384 386 638 436 sequentem
669 387 853 424 annum³
886 381 1151 424 confirmatis
1173 381 1336 424 uiribus
1369 383 1422 423 ad
1444 382 1654 436 reliquum
1687 383 1771 425 iter
1792 381 1987 436 paratior

232 453 275 492 et
307 447 550 502 expeditior
582 447 708 490 foret.
751 447 927 489 Interea
958 447 1112 488 turbae
1135 446 1368 500 Belgicae1
1399 447 1635 501 sapientur,
1669 450 1717 490 ut
1748 460 1985 501 speramus,

231 516 274 556 et
305 513 440 567 pestis
463 513 696 554 Treuerica
718 513 846 554 finem
880 511 1065 565 accipiet
1077 512 1107 561 2,
1141 526 1191 553 ac
1224 511 1409 565 scriptos
1432 512 1638 564 quosdam
1663 512 1859 565 dialogos
1887 526 1987 554 suos

231 578 301 631 qui
334 577 461 620 ualde
493 577 808 628 desiderantur,
841 576 954 618 idem
978 576 1109 618 Pater
1141 576 1339 619 absoluet
1351 577 1380 625 3,
1414 579 1694 630 nostramque
1726 576 1984 630 prouintiam

232 643 452 685 commode
492 643 616 684 simul
656 641 991 684 administrabit.
1056 641 1140 683 Sed
1181 655 1235 682 ex
1268 641 1494 683 voluntate
1536 655 1586 683 ac
1617 655 1824 695 responso
1857 641 1904 684 P.
1938 640 1986 683 Τ.

231 704 478 762 pendemus
542 707 636 760 Ego
679 707 759 748 hac
801 706 853 748 de
885 719 931 748 re
964 705 1139 747 liberius
1170 705 1330 748 idcirco
1362 706 1516 756 scribo,
1559 706 1671 759 quod
1714 705 1826 747 idem
1859 705 1990 747 Pater

231 772 274 814 in
307 772 667 814 consultationem
701 771 945 821 adduxerit,
992 773 1164 812 essetne
1197 771 1530 812 commonendus
1572 784 1598 812 a
1630 784 1676 812 se
1708 771 1787 812 hoc
1818 770 1990 812 nomine

232 838 279 880 P.
322 837 596 892 praepositus
644 836 882 878 Generalis.
948 835 1125 878 Putauit
1168 839 1314 878 autem
1358 836 1523 877 Romae
1566 835 1692 877 huius
1736 835 1798 877 rei
1842 848 1988 877 curam

233 902 456 945 habituros
489 902 656 951 Patres,
690 900 822 943 etiam
855 914 902 942 se
934 914 1018 942 non
1052 899 1465 942 commonefaciente
1478 901 1506 943 4.
1556 899 1763 942 Dominus
1794 899 1836 941 in
1869 913 1988 942 suam

233 967 414 1020 gloriam
461 969 641 1009 conatus
685 968 858 1007 nostros
903 967 948 1007 et
991 978 1061 1006 res
1104 965 1385 1007 Germanicas
1430 965 1542 1007 male
1588 964 1849 1007 constitutas
1892 978 1991 1018 pro-

233 1045 409 1086 sperare
442 1031 655 1084 dignetur.
721 1030 979 1072 Commendo
1021 1043 1089 1072 me
1121 1032 1260 1073 totum
1302 1032 1346 1072 et
1378 1029 1639 1084 prouintiam
1681 1029 1791 1071 hanc
1823 1043 1990 1071 omnem

234 1096 456 1150 sacrificijs
501 1098 545 1138 et
588 1095 786 1150 precibus
823 1095 869 1137 P.
905 1095 952 1137 T.
986 1094 1260 1148 omniumque
1303 1095 1487 1137 fratrum
1535 1095 1578 1136 in
1610 1094 1778 1137 Christo
1823 1093 1992 1135 domino

235 1164 396 1204 nostro.
463 1160 696 1215 Oeniponti
729 1161 753 1202 8
788 1160 938 1202 Octob.
975 1161 1102 1202 1566.

610 1232 655 1274 P.
680 1231 732 1274 V.
767 1230 983 1284 Jndignus
1015 1230 1057 1271 in
1091 1230 1261 1272 Christo
1295 1244 1446 1272 seruus
1482 1230 1635 1272 Petrus
1667 1229 1873 1272 Canisius.

353 1303 380 1354 †
402 1302 574 1345 Jhesus.
622 1301 865 1343 Admodum
889 1301 1144 1343 Reuerendo
1177 1301 1218 1342 in
1243 1301 1413 1342 Christo
1436 1300 1557 1343 Patri
1578 1300 1742 1343 Nostro
1765 1298 1993 1341 Francisco

237 1382 261 1410 a
293 1368 456 1421 Borgia
489 1367 719 1410 Societatis
751 1367 857 1409 Jesu
890 1365 1146 1420 Praeposito
1181 1365 1381 1407 Generali
1415 1367 1496 1407 etc.
1531 1366 1707 1407 Romae.

355 1448 530 1488 Canisius,
557 1459 637 1482 cum
664 1448 698 1481 in
722 1447 778 1481 his
796 1447 929 1481 litteris
948 1446 1102 1489 Borgiae
1121 1446 1354 1490 significaret,
1372 1445 1513 1480 Natalis
1531 1446 1688 1479 animum
1707 1445 1750 1479 ad
1768 1443 1995 1479 hiemandum

237 1502 272 1535 in
299 1501 511 1536 Germaniae
545 1500 741 1545 superioris
776 1500 938 1542 collegiis
974 1499 1157 1539 inclinare.
1194 1500 1270 1533 eius
1306 1498 1454 1533 consilia
1489 1498 1582 1532 haud
1619 1499 1669 1533 ita
1694 1498 1783 1532 bene
1809 1499 1996 1542 perspecta

237 1554 410 1594 habebat;
437 1565 519 1588 nam
546 1555 622 1599 ipse
648 1555 791 1587 Natalis
809 1552 1009 1597 Oeniponte
1028 1554 1059 1587 6.
1079 1552 1245 1586 Octobris
1266 1553 1355 1587 1566
1374 1551 1526 1594 Borgiae
1553 1552 1766 1596 scripserat:
1797 1551 1862 1593 „Jo
1888 1561 1997 1595 penso

238 1608 347 1652 padre
373 1609 470 1641 stare
497 1618 568 1651 qua
593 1607 625 1642 8.
653 1619 675 1641 o
698 1607 789 1641 dieci
815 1606 940 1651 giorni,
980 1605 1073 1650 dipoi
1100 1605 1263 1650 partirmi
1290 1605 1355 1639 co'l
1382 1605 1497 1639 Padre
1524 1605 1677 1646 Canisio,
1713 1606 1749 1638 et
1774 1603 1909 1648 passar’
1936 1614 1998 1648 per

239 1660 426 1694 Monachio
453 1660 693 1703 Jngolstadio,
729 1662 764 1694 et
791 1660 967 1702 Augusta,
1004 1661 1040 1692 et
1065 1658 1211 1693 star'doi
1247 1671 1266 1692 o
1293 1661 1347 1692 tre
1375 1658 1488 1701 giorni
1525 1669 1588 1702 per
1622 1657 1711 1699 loco,
1746 1659 1782 1691 et
1807 1668 1932 1690 manco
1966 1655 1997 1690 si

240 1725 354 1758 posso,
382 1716 417 1747 et
443 1713 563 1747 andar'
591 1715 611 1747 a
637 1712 781 1756 Dilinga
817 1713 850 1746 di
878 1712 967 1746 doue
994 1712 1126 1745 andaro
1152 1712 1266 1756 prima
1301 1723 1321 1745 a
1348 1710 1543 1755 Herbipofi,
1580 1711 1612 1744 di
1640 1710 1675 1744 la
1705 1722 1725 1744 a
1751 1710 1865 1754 Spira‚
1900 1711 1936 1743 et
1962 1708 1997 1742 di

240 1767 300 1810 qui
327 1778 347 1800 a
372 1766 592 1810 Maguntia.“
639 1765 684 1800 Et
711 1765 910 1810 Oeniponte
938 1766 992 1799 15.
1013 1764 1179 1799 Octobris
1208 1765 1297 1798 1566
1325 1764 1438 1798 eidem
1465 1763 1629 1808 scripsit:
1660 1763 1758 1805 „Non
1783 1762 1997 1796 quolonta

240 1820 320 1859 mia,
356 1819 420 1853 che
457 1819 480 1852 il
517 1819 631 1853 Padre
659 1818 801 1853 Canisio
837 1819 1015 1852 scriuesse
1050 1819 1070 1851 a
1107 1817 1141 1851 la
1168 1817 1209 1851 R.
1235 1816 1277 1850 V.
1306 1817 1425 1861 quello
1451 1816 1516 1850 che
1543 1816 1631 1850 hara
1666 1816 1760 1850 uisto
1787 1827 1850 1860 per
1873 1815 1908 1849 le
1933 1826 1997 1849 sue

239 1873 334 1907 circa
368 1872 393 1906 il
420 1873 604 1906 ditenermi
633 1884 696 1916 per
721 1874 847 1915 questo
873 1872 1031 1905 Jnuerno
1058 1870 1093 1904 in
1120 1870 1323 1911 Germania,
1349 1882 1393 1903 ne
1419 1881 1484 1904 sua
1512 1869 1551 1904 R.
1578 1869 1625 1903 mi
1656 1869 1752 1903 disse
1779 1868 1849 1902 mai
1874 1867 1996 1913 parola

241 1926 276 1959 di
302 1927 430 1969 questo
457 1937 496 1959 se
522 1937 590 1958 non
619 1924 721 1969 dopoi
748 1924 779 1958 d·
795 1923 942 1958 hauerlo
970 1924 1060 1957 fatto
1088 1926 1123 1956 et
1141 1922 1200 1966 gia
1227 1923 1309 1957 dato
1335 1922 1367 1956 le
1386 1922 1513 1956 lettere
1530 1950 1537 1957 .
1555 1924 1681 1966 questo
1700 1922 1778 1956 dico
1798 1921 1996 1962 uolontieri,

240 1978 405 2013 accioche
440 1978 566 2023 sappia
592 1978 635 2012 V.
662 1978 703 2011 R.
740 1977 804 2011 che
839 1988 903 2021 per
929 1979 1030 2020 parte
1056 1976 1127 2009 mia
1153 1987 1222 2009 non
1249 1975 1421 2016 desidero,
1457 1987 1500 2009 ne
1527 1975 1559 2009 di
1588 1977 1683 2009 stare
1719 1986 1763 2008 ne
1794 1974 1827 2008 di
1854 1973 1996 2013 andare,

240 2042 298 2065 ma
323 2030 520 2065 solamente
547 2031 581 2065 di
607 2031 683 2065 fare
709 2030 837 2074 quello,
874 2029 939 2063 che
964 2041 1027 2074 per
1053 2029 1088 2063 la
1113 2032 1216 2063 santa
1244 2029 1444 2063 obedientia
1469 2028 1517 2062 mi
1543 2030 1625 2062 sara
1651 2027 1851 2071 significato
1878 2037 1996 2060 essere

241 2084 301 2128 piu
327 2084 474 2118 seruitio
502 2084 535 2118 di
562 2084 627 2118 Dio
654 2085 690 2117 et
715 2095 754 2117 se
780 2083 813 2117 le
839 2083 950 2127 piace,
987 2081 1040 2116 ch'
1056 2083 1089 2116 io
1115 2081 1149 2115 16
1176 2082 1263 2121 dica,
1303 2082 1392 2116 doue
1419 2085 1520 2116 sento
1546 2081 1730 2124 maggiore
1756 2079 1995 2120 inclinatione,

242 2138 276 2171 in
304 2140 436 2182 quanto
463 2139 483 2171 a
509 2149 575 2177 me,
602 2137 635 2170 le
662 2137 825 2171 confesso
852 2136 1128 2179 ingenuamente
1155 2135 1219 2168 che
1247 2138 1265 2168 e
1285 2135 1306 2168 l'
1324 2135 1456 2169 andare
1476 2162 1483 2169 .
1502 2134 1632 2179 perche
1650 2134 1777 2168 adesso
1804 2132 1851 2167 mi
1868 2135 1996 2166 truouo

242 2191 363 2225 assaib
388 2202 474 2224 sano
501 2193 537 2224 et
562 2191 673 2224 fort&
707 2190 768 2232 (ex
795 2188 959 2232 epistulis
985 2188 1204 2233 archetypis,
1240 2187 1283 2221 ab
1319 2188 1395 2232 ipso
1422 2187 1550 2221 Natale
1577 2186 1800 2231 subscriptis,
1836 2196 1926 2230 quae
1961 2185 1996 2218 in

243 2244 324 2278 Cod.
357 2244 458 2285 „EN“
488 2255 520 2278 n.
551 2243 616 2278 148
646 2243 711 2277 150
738 2244 902 2277 exstant:
932 2242 1038 2275 etiam
1065 2241 1101 2275 in
1127 2241 1215 2286 Epp.
1242 2242 1364 2275 Nadal
1391 2241 1440 2274 Ill
1468 2240 1535 2275 247
1563 2239 1779 2282 251—252).

359 2303 510 2346 Borgias
537 2302 678 2337 Canisio
706 2301 889 2346 respondit
916 2301 971 2334 26.
999 2300 1166 2335 Octobris
1195 2300 1295 2334 1566.

244 2411 394 2448 1364.
493 2410 708 2447 CANISIUS
736 2408 1201 2445 WENDELINAE
1243 2408 1382 2445 vom
1418 2407 1673 2444 TRIEST
1709 2408 1832 2447 sorori,
1868 2407 1997 2441 viduae

431 2465 616 2500 Godefridi
643 2476 724 2498 vom
751 2463 870 2497 Triest
896 2463 1053 2497 consulis
1080 2463 1295 2506 noviomagi.
1376 2462 1575 2507 Oeniponte
1601 2461 1633 2495 8.
1653 2460 1819 2494 Octobris
1848 2460 1948 2495 1566.

361 2536 416 2569 Ex
443 2534 647 2580 apographo
677 2535 748 2575 (2⁰:
776 2534 797 2567 2
816 2534 903 2578 pp),
931 2534 965 2567 in
992 2533 1094 2567 cuius
1120 2532 1251 2578 pagina
1278 2533 1394 2577 priore
1412 2543 1519 2565 manu
1538 2531 1685 2574 antiqua
1707 2529 1883 2573 (alicuius,
1902 2532 1996 2574 puto,

245 2601 289 2623 ex
327 2589 469 2632 collegii
507 2588 722 2622 coloniensis
761 2586 889 2630 Sociis)
929 2588 1092 2620 notatum
1131 2589 1205 2619 est:
1249 2585 1470 2627 „Winandus
1496 2582 1716 2617 VVeidenfelt
1753 2582 1884 2616 Rector
1910 2582 1997 2616 Coll.

244 2642 484 2676 Embricensis
511 2641 608 2675 misit
630 2641 730 2674 1657.
757 2640 901 2674 ineunte
925 2639 1019 2673 Maio
1040 2639 1233 2678 Coloniam,
1261 2638 1475 2683 descriptam
1502 2648 1522 2671 a
1540 2636 1579 2670 P.
1599 2635 1760 2670 Johanne
1774 2635 1993 2678 Vestening“

362 2714 388 2740 a)
409 2719 516 2737 aunem
537 2713 605 2737 Can.
688 2709 717 2741 b)
740 2711 799 2735 Hoc
821 2718 841 2734 r.
863 2710 898 2734 ab
917 2710 981 2741 ipso
1002 2709 1108 2734 Natale
1129 2709 1261 2733 additum
1283 2711 1332 2732 est.

366 2807 376 2826 ¹
401 2806 490 2840 Vide
517 2816 625 2850 supra
651 2817 683 2850 p.
712 2805 909 2839 318—319.

363 2859 375 2879 ²
402 2860 543 2893 Natalis
571 2859 720 2901 Borgiae
746 2857 893 2902 scripsit
919 2856 1118 2900 Oeniponte
1146 2857 1200 2889 15.
1219 2854 1384 2889 Octobris
1404 2854 1513 2887 1566:
1543 2852 1592 2895 τ,11
1611 2851 1768 2894 Collegio
1796 2851 1830 2884 di
1848 2850 1996 2889 Treuiri,

245 2912 302 2943 st'a
327 2912 482 2944 tuttauia
509 2912 682 2955 dissipato
709 2922 771 2955 per
797 2910 831 2943 la
857 2911 969 2954 peste,
997 2911 1032 2942 et
1058 2908 1082 2942 li
1100 2908 1213 2942 nostri
1231 2919 1317 2941 sono
1334 2906 1443 2940 molto
1461 2905 1601 2939 afflitti²
1624 2907 1691 2938 etc.
1713 2904 1772 2943 (ex
1791 2903 1996 2947 archetypo,

248 2963 339 3006 quod
366 2966 420 2996 est
446 2964 479 2997 in
511 2964 612 3005 „EN“
643 2975 676 2998 n.
706 2963 791 3003 150;
820 2962 926 2996 etiam
953 2961 989 2995 in
1017 2961 1104 3006 Epp.
1132 2961 1253 2994 Nccdal
1278 2960 1328 2993 ΙΙΙ
1355 2958 1452 3002 251).

366 3016 378 3035 ³
403 3015 542 3050 Natalis
579 3017 665 3050 duos
696 3015 902 3058 „Dialogos“
942 3014 1052 3047 latine
1088 3013 1297 3058 composuit,
1333 3022 1481 3056 quorum
1518 3009 1630 3044 altero
1666 3008 1847 3042 doctrinae
1882 3010 1996 3052 prote-

248 3067 418 3101 stantium
456 3069 668 3109 refutantur,
711 3068 823 3102 altero
866 3067 1071 3101 institutum
1111 3066 1301 3100 Societatis
1339 3063 1539 3108 explicatur
1577 3064 1612 3095 et
1650 3061 1851 3095 defenditur
1890 3060 1995 3104 (Epp.

248 3121 368 3153 Nstdal
394 3121 408 3153 I
434 3132 728 3155 xxxv—XXXVII.
768 3123 853 3155 Can.
882 3121 929 3154 [II
958 3120 1055 3163 579).

366 3173 379 3191 ⁴¹
405 3171 495 3205 Vide
521 3176 650 3211 tamen,
678 3184 768 3216 quae
794 3174 859 3207 sub
885 3173 983 3217 ipsas
1010 3172 1074 3206 has
1101 3171 1240 3205 litteras
1266 3171 1442 3205 dicuntur.
