2045 3471
194 212 277 253 688
329 209 423 243 Mon.
444 209 628 243 760-761
656 208 733 243 sive
759 220 870 253 germ.
890 209 912 243 1.
935 209 1154 253 (35)-(36).
1194 208 1225 242 Α
1244 220 1289 242 m.
1310 208 1408 253 Sept.
1427 208 1517 243 1565
1544 209 1589 243 ad
1615 220 1661 244 m.
1680 208 1781 243 Febr.
1801 209 1904 244 1566.

190 327 242 361 nit
277 329 362 370 ,gut
396 327 545 360 audienz
581 326 713 370 geben“
748 327 865 369 (Buch
891 327 1108 370 VVeinsberg
1134 326 1167 360 II
1206 326 1271 360 124
1301 326 1396 369 172).
1444 326 1613 360 Fortasse
1647 326 1758 370 igitur
1788 326 1954 361 Canisius

191 381 307 414 Breve
333 380 554 424 pontificium
590 380 807 424 decretaque
842 381 1038 414 tridentina
1073 391 1136 425 per
1171 379 1337 413 nuntium
1375 379 1407 412 ei
1433 379 1531 413 misit
1559 381 1594 412 et
1619 391 1681 424 per
1706 379 1847 414 litteras
1873 391 1953 413 eum

191 433 393 473 admonuit,
429 434 524 467 sicut
558 445 638 466 cum
675 433 852 478 episcopis
888 432 1164 467 monasteriensi
1203 434 1238 466 et
1276 432 1555 477 paderbornensi
1594 434 1736 475 egerat;
1775 444 1809 466 v.
1844 443 1954 477 supra

191 499 225 531 p.
255 486 441 520 149-152
470 486 548 520 181.

192 607 299 644 ’760
327 609 405 643 sive
432 617 599 653 gel-ln.
618 607 654 643 1.
676 607 806 652 (35).
881 608 909 643 A
936 617 981 643 m.
1001 605 1207 654 Septembri
1233 605 1315 641 1565
1341 605 1387 642 ad
1413 616 1458 642 m.
1478 605 1691 642 Ianuarium
1716 605 1810 642 1566.

310 684 365 718 Ex
399 685 530 719 litteris
565 684 782 729 archetypis,
817 685 965 719 Romam
1005 696 1088 729 „pro
1123 684 1283 718 Romana
1319 683 1522 717 Prouintia“
1563 683 1597 718 S.
1626 684 1659 718 J.
1686 683 1817 717 missis.
1869 682 1955 719 Cod.

197 737 258 780 „Gn
278 737 343 783 Ep.
363 738 450 772 VII*
480 738 504 772 f.
526 739 620 773 18912.

313 810 453 843 Canisic'
485 810 611 852 Zeyati'o
637 810 835 852 pontificia.
889 809 1074 843 Conte'ones
1108 811 1145 842 in¹
1181 820 1220 842 ea
1246 809 1394 842 habitae.
1445 808 1602 841 Fructus
1634 809 1671 840 in
1700 819 1750 851 ea,
1787 807 1956 850 inprimis

196 863 374 906 Coloniae,
401 863 544 896 collecti.

311 933 351 966 P.
374 932 597 965 Wendelz‘nus
621 932 836 974 [Volci-ius]
863 933 899 966 S.
919 933 955 966 J.
982 933 1019 965 in
1057 933 1181 965 domus
1217 932 1253 966 S.
1273 933 1308 965 J.
1336 935 1557 974 azzyzcstanae
1584 931 1755 975 „Litteris
1789 927 1956 973 ammis“,

196 988 357 1029 Augusta
384 986 649 1018 Vindelicormn
676 988 707 1019 1.
728 986 939 1029 Septembris
965 987 1058 1019 1566
1084 987 1188 1028 (latis,
1215 986 1256 1018 de
1286 986 1429 1019 Canisz'o
1456 996 1490 1017 α.
1511 986 1600 1018 1565
1626 985 1774 1017 Romam
1797 984 1958 1026 profecto

192 1040 356 1082 scripsit:
385 1038 619 1082 „Priusquam
647 1038 684 1072 Ρ.
704 1038 942 1072 Prouincialis
969 1050 1013 1072 ex
1039 1037 1135 1072 Vrbe
1163 1037 1371 1079 discederet,
1399 1038 1517 1071 uisum
1544 1040 1599 1071 est
1624 1036 1740 1070 Ponti.
1767 1036 1864 1070 Max.
1891 1035 1958 1069 hoc

194 1091 246 1125 illi
273 1103 403 1125 munus
429 1092 610 1136 proprium
638 1091 733 1132 dare,
770 1094 810 1125 ut
835 1092 879 1126 ad
915 1091 1127 1136 plaerosque
1154 1102 1344 1134 germanos
1370 1090 1555 1135 Principes
1591 1089 1887 1134 proficisceretur,
1923 1091 1957 1122 et

195 1145 337 1179 eosdem
365 1145 407 1178 de
433 1144 617 1188 religionis
643 1145 785 1188 negotio
812 1144 1030 1178 admoneret.
1051 1171 1058 1179 .
1078 1171 1085 1178 .
1106 1172 1112 1178 .
1140 1145 1290 1178 Jnterea
1308 1156 1393 1178 uero
1419 1144 1548 1189 partim
1576 1143 1696 1182 latine,
1722 1143 1853 1187 partim
1873 1141 1958 1176 Ger-

197 1198 335 1232 manice
370 1198 493 1232 multis
526 1197 563 1231 in
597 1197 695 1238 locis,
730 1199 855 1241 gratas
889 1198 1015 1232 habuit
1040 1198 1237 1239 conciones,
1273 1197 1485 1242 praesertim
1511 1199 1630 1231 autem
1665 1196 1701 1230 in
1729 1195 1897 1230 Geldria⁸
1923 1197 1959 1228 et

197 1250 444 1296 Westphalia:
472 1250 538 1293 Qui
565 1262 645 1285 cum
672 1254 768 1285 esset
793 1250 962 1292 coloniae,
990 1252 1130 1294 magnis
1157 1251 1199 1284 de
1224 1251 1342 1291 rebus,
1370 1262 1461 1294 quae
1487 1250 1530 1284 ad
1557 1249 1764 1292 religionem
1790 1247 1959 1282 tuendam

198 1304 388 1349 praecipue
414 1304 637 1348 spectabant,
669 1304 839 1338 Senatum
867 1306 903 1338 et
928 1304 1159 1338 Academiam
1188 1304 1470 1344 commonefecit,
1507 1305 1542 1336 et
1567 1302 1705 1336 utiliter
1730 1301 1884 1346 quidem,
1920 1303 1960 1334 ut

198 1369 282 1391 mox
308 1357 555 1402 comprobauit
589 1359 740 1391 euentus
768 1357 912 1391 Christo
939 1357 1066 1399 gratia,
1103 1357 1163 1401 qui
1190 1356 1257 1391 hac
1282 1356 1402 1390 Patris
1429 1356 1598 1390 missione
1632 1355 1684 1389 uti
1720 1354 1843 1395 uoluit,
1879 1365 1959 1388 cum

197 1411 242 1444 ad
269 1410 510 1445 conciliandos
536 1410 638 1444 nobis
664 1410 801 1444 animos
820 1410 1111 1453 Magistratuum,
1138 1412 1215 1444 tum
1242 1410 1286 1444 ad
1312 1421 1498 1444 commune
1525 1409 1748 1443 commodum
1768 1407 1959 1448 Ecclesiae,

198 1464 250 1497 uti
276 1475 474 1508 speramus.

318 1516 483 1551 Canisius
509 1517 695 1560 Augustae
721 1516 840 1550 sedem
878 1516 1051 1557 habebat:
1088 1528 1199 1560 quare
1226 1516 1379 1550 dubitari
1415 1527 1484 1549 non
1511 1518 1640 1560 potest,
1675 1515 1761 1559 quin
1787 1513 1961 1548 Volckius

199 1569 341 1604 Canisio
367 1572 512 1604 auctore
538 1570 628 1604 haec
653 1570 848 1614 scripserit.

318 1623 358 1656 Iu
384 1622 525 1666 collegii
552 1622 767 1656 coloniensis
793 1623 925 1657 litteris
952 1623 1089 1664 annuis,
1117 1622 1264 1657 Colonia
1284 1624 1313 1657 1.
1330 1622 1408 1656 Iulii
1431 1622 1520 1656 1566
1548 1621 1651 1663 datis,
1678 1621 1853 1655 refertur:
1882 1620 1960 1662 „Se-

199 1678 306 1710 natus
340 1675 522 1720 prohibuit
547 1687 669 1709 omnes
704 1675 941 1720 particulares
975 1675 1118 1710 scholas
1145 1676 1306 1720 exceptis
1342 1675 1590 1718 collegialibus
1617 1676 1653 1708 et
1687 1673 1962 1719 parochialibus,

199 1728 328 1772 quibus
354 1729 438 1762 ordo
465 1729 569 1762 datus
596 1731 650 1762 est
675 1729 885 1762 instituendi
910 1729 1145 1770 iuventutem,
1172 1729 1256 1772 quia
1282 1740 1413 1772 magna
1431 1728 1583 1773 suspitio
1610 1730 1696 1769 erat,
1723 1739 1766 1761 ne
1793 1728 1962 1760 iuventus

200 1781 235 1814 in
270 1781 325 1822 iis,
361 1793 429 1826 que
464 1782 507 1815 ad
543 1781 646 1815 fidem
683 1781 895 1816 catholicam
922 1782 1112 1826 pertinent,
1148 1782 1265 1816 minus
1291 1785 1387 1815 recte
1414 1793 1434 1815 a
1461 1781 1673 1825 quibusdam
1700 1780 1960 1814 institueretur.

201 1834 372 1868 Similiter
397 1834 626 1869 commissum
646 1837 701 1868 est
726 1835 974 1880 typographis,
1001 1846 1043 1868 ne
1070 1835 1104 1868 in
1132 1838 1314 1879 posterum
1342 1834 1474 1878 aliquid
1501 1834 1717 1879 imprimant,
1744 1833 1837 1877 quod
1863 1832 1962 1877 prius

199 1899 268 1921 non
295 1888 343 1921 sit
369 1888 612 1922 examinatum
639 1891 675 1922 et
709 1888 944 1933 approbatum
981 1890 1017 1922 et
1043 1890 1178 1922 certum
1214 1889 1346 1922 habeat
1371 1888 1574 1922 auctorem“
1606 1888 1768 1930 (Hansen
1793 1886 1815 1920 l.
1835 1897 1864 1920 c.
1891 1885 1960 1919 529

200 1941 244 1974 ad
280 1941 377 1984 530).
428 1941 585 1975 Maxime
621 1941 796 1975 adversus
823 1941 974 1976 Geusios
1007 1941 1238 1982 calvinianos,
1274 1942 1333 1986 qui
1368 1951 1414 1975 ex
1441 1941 1633 1976 Germania
1666 1939 1833 1974 inferiore
1867 1937 1962 1983 pulsi

201 1994 383 2029 Coloniam
411 1995 625 2039 irrepebant,
652 1997 800 2028 senatus
818 1994 1013 2037 vigilabat3
1041 1995 1102 2039 qui
1128 2007 1173 2029 m.
1194 1994 1379 2028 Decembri
1400 1994 1490 2028 1566
1517 1994 1625 2028 etiam
1652 1994 1826 2028 adversus
1851 1992 1962 2033 cives,

202 2048 261 2091 qui
288 2047 347 2081 vel
376 2047 531 2089 „Vivent
566 2047 619 2081 les
646 2048 812 2083 Gueux!“
852 2048 1050 2082 clamarent
1085 2048 1143 2082 vel
1178 2048 1283 2082 aliter
1316 2060 1354 2082 se
1389 2050 1576 2092 suspectos
1609 2047 1809 2086 redderent,
1844 2045 1960 2089 legem

200 2100 284 2134 tulit
306 2101 542 2144 (Reiffenbery
564 2100 586 2134 l.
606 2112 634 2135 c.
654 2101 669 2134 l
698 2101 790 2135 116¹.
834 2102 981 2134 Hctnsen
1008 2101 1030 2135 l.
1050 2113 1078 2135 c.
1098 2101 1178 2136 536.
1221 2103 1352 2135 Lossen
1378 2100 1400 2135 l.
1421 2112 1449 2134 c.
1471 2100 1581 2144 1722).
1601 2119 1605 2122 ·
1623 2100 1706 2134 Ideo
1733 2098 1961 2133 doctissimus

199 2154 255 2187 vir
274 2155 496 2188 Laurentius
513 2156 655 2197 surius,
683 2153 870 2188 Cartusiae
897 2154 1110 2188 coloniensis
1136 2154 1332 2188 monachus
1358 2156 1394 2188 et
1419 2153 1545 2187 horum
1570 2156 1769 2198 temporum
1789 2151 1961 2196 aequalis,

202 2207 260 2241 ubi
288 2207 329 2241 de
356 2207 462 2241 rebus
489 2218 581 2240 anno
611 2207 700 2241 1566
727 2207 841 2249 gestis
875 2208 1012 2249 scribit,
1047 2210 1195 2242 senatus
1231 2207 1446 2241 coloniensis
1480 2207 1517 2240 in
1552 2206 1715 2241 arcendis
1750 2205 1960 2240 haeresibus

200 2260 359 2294 studium
377 2260 558 2303 totiusque
584 2259 801 2304 reipublicae
824 2260 878 2302 „in
905 2261 1125 2294 asseruanda
1143 2260 1323 2294 mordicus
1341 2260 1452 2294 semel
1478 2262 1624 2305 recepta
1650 2259 1821 2303 religione
1839 2258 1960 2301 singu-

201 2313 313 2346 larem
341 2313 598 2347 constantia1n“
629 2314 770 2356 magnis
805 2313 971 2348 laudibus
999 2313 1141 2347 extollit
1177 2313 1479 2357 (Commentarius
1514 2313 1636 2347 brevis
1662 2323 1780 2346 rerum
1814 2311 1849 2345 in
1876 2310 1959 2345 orbe

198 2369 393 2410 gestarum,
421 2365 589 2400 Coloniae
617 2366 718 2408 1586,
751 2366 849 2410 708).

199 2485 296 2522 761
323 2488 400 2522 sive
428 2497 594 2532 germ.
614 2487 650 2523 l.
672 2487 804 2532 (36).
879 2487 908 2523 A
934 2498 979 2523 m.
998 2487 1191 2524 Novembri
1216 2486 1298 2523 1565
1325 2486 1370 2523 ad
1397 2497 1443 2522 ni.
1463 2486 1704 2523 Februarium
1730 2485 1823 2522 1566.

321 2564 486 2597 Canisius
504 2566 541 2598 in
560 2566 729 2608 leyatione
750 2567 943 2609 pontificia,
963 2577 1069 2609 quam
1086 2566 1195 2598 hieme
1213 2576 1245 2599 a.
1262 2566 1417 2606 1565f66
1435 2565 1560 2608 obibat,
1584 2565 1751 2597 Treveros
1768 2575 1839 2597 non
1856 2564 1957 2597 venit.

319 2633 501 2668 Canisium
526 2635 561 2668 in
588 2635 766 2678 legatione
792 2635 985 2680 pontificia,
1012 2647 1118 2679 quam
1145 2647 1165 2668 a
1190 2646 1236 2669 m.
1255 2634 1448 2668 Novembri
1477 2635 1566 2668 1565
1593 2634 1636 2667 ad
1663 2645 1709 2667 m.
1728 2632 1959 2667 Februarium

201 2695 231 2717 a.
250 2686 338 2719 1566
365 2687 493 2728 obibat,
521 2688 629 2721 etiam
648 2688 815 2723 Treveris
842 2688 954 2722 fuisse
980 2689 1208 2722 affirmarunt
1233 2688 1394 2721 historici
1420 2687 1542 2727 multi;
1569 2688 1619 2721 ita
1639 2687 1845 2729 Sacchimcs,
1873 2685 1958 2719 Can.

201 2737 269 2771 226
296 2740 331 2771 et
358 2739 450 2774 Hist.
470 2740 503 2774 S.
523 2741 554 2774 J.
574 2741 635 2781 ΠΙ,
662 2741 685 2775 l.
705 2741 736 2783 2,
764 2753 798 2775 n.
818 2742 880 2781 21;
922 2743 1085 2785 Dorigmy
1111 2742 1134 2775 1.
1153 2753 1181 2775 c.
1209 2741 1297 2781 263:
1335 2741 1470 2784 Python
1496 2740 1519 2774 1.
1539 2752 1568 2774 c.
1595 2740 1682 2780 2263
1717 2740 1852 2772 Auctor
1877 2749 1958 2772 ano-

200 2801 330 2833 nymus
356 2791 467 2826 libelli
498 2795 584 2835 „Die
609 2795 853 2836 Reformation
882 2795 917 2828 iu
944 2794 1064 2828 Trier⁸⁴
1084 2795 1104 2835 ¹,
1140 2795 1239 2828 Bonn
1269 2794 1368 2835 1845,
1396 2794 1459 2834 54;
1495 2794 1596 2827 Rz‘ess
1619 2792 1641 2826 l.
1661 2803 1691 2826 c.
1710 2792 1796 2832 350;
1832 2793 1958 2835 Boero,

203 2842 287 2876 Can.
314 2844 402 2885 285;
440 2847 574 2878 Gareia
610 2846 632 2879 l.
653 2859 681 2880 c.
709 2847 794 2886 241;
831 2848 909 2880 Alet
935 2846 956 2880 l.
977 2859 1005 2881 c.
1033 2847 1120 2887 209;
1158 2848 1200 2881 L.
1220 2848 1358 2890 E'mzen,
1398 2846 1591 2888 „Canisius‚
1627 2845 1765 2886 Peter“,
1800 2845 1835 2878 in
1865 2843 1959 2886 „All-

202 2895 363 2936 gemeine
389 2896 570 2932 Deutsche
597 2899 832 2944 Biog1·aphie“
862 2900 913 2933 ΙΙΙ
941 2901 1028 2941 7543
1063 2902 1188 2934 Drews
1213 2899 1235 2934 l.
1255 2912 1285 2934 c.
1316 2900 1399 2940 121;
1434 2900 1582 2933 Hansen
1608 2898 1631 2932 l.
1651 2909 1680 2932 c.
1709 2898 1810 2939 522⁴;
1850 2899 1956 2940 Leop.

203 2958 230 2979 τ.
257 2948 382 2981 ΒανιΙερ
406 2949 429 2983 l.
456 2962 485 2984 c.
513 2950 637 2995 [supra
663 2963 694 2996 p.
723 2951 805 2996 588]
832 2952 908 2993 11¹⁰,
947 2953 1011 2993 30;
1042 2952 1113 2987 alii.

323 3024 350 3053 a)
373 3022 510 3049 Geldriae
531 3026 637 3051 (tt-chet.

326 3139 336 3158 ¹
362 3139 396 3172 Is
422 3140 463 3172 de
483 3139 623 3174 Canisio
650 3142 719 3175 ita:
751 3142 842 3184 „Der
867 3142 1046 3176 bekannte
1069 3143 1176 3177 Peter
1194 3142 1370 3183 Canisius,
1398 3142 1460 3176 der
1486 3154 1543 3176 am
1569 3142 1625 3176 24.
1643 3141 1845 3176 November
1866 3142 1955 3176 1843

207 3189 303 3234 [sz'cl]
328 3191 362 3224 in
390 3192 477 3225 Rom
503 3192 613 3235 heilig
641 3194 735 3237 [sic-2]
762 3194 982 3239 gesprochen
1009 3195 1150 3229 worden
1175 3195 1242 3229 ist⁴⁴
1275 3194 1312 3237 (l.
1332 3206 1361 3228 c.
1380 3195 1454 3238 54).
