2077 3461
123 304 212 338 1565
255 303 258 332 l
298 303 387 337 Nov.
403 304 458 338 25.
481 303 552 346 (26.
565 304 598 347 ‘?)

124 462 213 496 1565
299 462 399 502 Now,
428 462 520 496 inter
547 463 600 496 25.

391 517 426 549 et
452 516 507 550 27.

116 576 224 617 1565
295 577 372 617 sub
401 577 469 620 27.
493 576 605 618 Nov.

125 782 215 816 1565
323 781 389 815 sub
415 781 471 815 28.
490 780 579 814 Nov.

127 888 216 922 1565
293 886 382 920 Nov.
403 888 556 920 exeunte
582 883 649 920 et

332 939 413 973 Dec.
438 939 582 973 ineunte
648 946 649 950 ’

118 1061 227 1102 1565
298 1059 410 1102 Nov.
442 1061 510 1102 30.
545 1059 612 1109 (ut
648 1052 650 1063 ¹

363 1123 551 1177 videtur)
649 1117 650 1127 ¹

128 1265 218 1300 1565
295 1265 443 1299 Ineunte
469 1277 514 1299 m.
535 1265 618 1299 Dec.

119 1385 228 1426 1565
318 1386 420 1428 Dec.
456 1387 494 1427 2.
528 1385 595 1435 (ut

369 1450 558 1502 videtur)

119 1521 263 1589 15651
302 1522 401 1564 Dec.
421 1523 459 1564 3.
480 1521 613 1564 vel4.

133 1858 221 1892 1565
340 1857 424 1890 Dec.
454 1856 513 1896 (4.,
540 1858 579 1889 ut

377 1909 534 1951 videtur)

132 1969 221 2003 1565
386 1968 471 2002 Dec.
498 1970 530 2002 4.

133 2082 222 2116 1565
264 2062 266 2149 Ξ
355 2080 437 2114 Dec.
465 2081 564 2123 4-(52)

134 2188 222 2222 1565
264 2154 266 2193 j
389 2186 472 2220 Dec.
498 2187 530 2220 5.

135 2294 223 2328 1565
264 2284 266 2296 '
391 2292 472 2326 Dec.
501 2294 532 2328 6.

135 2399 223 2433 1565
264 2385 267 2441 l
390 2399 474 2433 Dec.
502 2399 532 2432 τ.

124 2467 235 2507 1565
265 2461 267 2482 ¹
376 2466 476 2507 Dec.
513 2467 551 2508 8.

100 2601 104 2604 ⁴
136 2606 226 2640 1565
266 2579 268 2641 Ῑ
344 2605 410 2639 sub
438 2605 520 2639 Dec.
549 2606 581 2639 9.

102 2665 105 2669 ⁴
138 2665 226 2698 1565
267 2672 269 2726 ζ
340 2664 406 2698 sub
433 2664 515 2698 Dec.
537 2664 591 2697 13.

128 2786 238 2826 1565
368 2785 469 2826 Dee.
500 2785 563 2825 13.

142 3118 230 3151 1565
292 3118 375 3152 Dec.
398 3118 480 3159 (sub
510 3119 574 3157 14,
603 3120 641 3151 ut

386 3171 543 3213 videtur)

171 3232 474 3267 Braunsberger
496 3234 555 3259 Can

640 187 728 222 1565
755 187 834 222 Oct.
853 188 908 223 31.
931 208 970 211 -—
994 189 1082 223 1565
1109 188 1192 223 Dec.
1215 190 1267 223 14.

1727 192 1830 221 XLIX

664 305 701 338 in
717 305 840 339 schola
858 305 1093 350 „apostolica“
1113 307 1157 340 ad
1171 307 1394 341 iuventutem
1408 308 1609 342 litterarum
1624 308 1831 343 studiosam.

724 358 864 393 clericis
879 358 1089 403 civibusque
1104 359 1228 394 multis
1246 360 1457 399 astantibus.
1472 360 1620 395 latinam
1636 361 1829 395 orationem

723 411 832 446 habet
858 411 942 456 (656
969 412 1037 446 659
1065 412 1163 455 663).

667 464 694 497 A
721 467 848 499 senatu
873 465 972 499 urbis
1003 466 1105 507 „vino
1131 465 1336 500 honorario‘¹
1369 467 1520 501 donatur
1548 466 1631 509 (659
1659 467 1757 510 663).

668 578 713 618 [n
747 578 924 620 aedibus
947 579 1121 620 Triestii
1154 582 1351 621 senatum
1385 580 1502 622 urbis
1531 581 1728 622 convivio
1763 595 1830 623 ac-

725 642 827 696 cipit
860 646 904 685 et
935 643 1124 685 ferventi
1156 643 1353 686 oratione
1386 645 1439 686 ad
1465 644 1702 687 catholicae
1735 645 1832 686 reli—

724 707 863 760 gionis
896 708 1184 751 constantiam
1217 708 1419 751 hortatur
1451 709 1554 759 (659
1590 711 1705 762 663).

646 771 800 815 libidem
827 781 961 815 clerum
997 782 1095 816 mbis
1131 785 1166 816 et
1201 782 1422 817 saecularem
1459 785 1494 817 et
1526 783 1728 826 legularem
1756 796 1833 818 con

725 835 823 868 vivio
849 835 981 879 accipit
1009 835 1121 879 (663).

647 887 834 930 Singulas
854 889 1130 933 propinquorum
1149 888 1383 924 bibliothecas
1401 889 1709 935 lustrat;p1‘2vos
1728 890 1836 924 libros

726 944 939 976 concremat.
991 942 1216 985 Aliquotiens
1251 942 1287 976 in
1322 943 1423 977 domo
1450 942 1595 977 Tiiestii
1621 944 1836 988 propinquos

727 994 891 1028 convivio
919 995 1048 1039 accipit
1077 995 1310 1038 (663-664).

668 1060 748 1102 Die
771 1060 811 1102 S.
836 1060 1039 1102 Andreae
1062 1063 1142 1115 Ap.
1167 1061 1209 1102 in
1233 1061 1417 1104 ecclesia
1442 1062 1655 1116 collegiali
1679 1063 1720 1105 S.
1740 1062 1835 1104 Ste-

728 1125 859 1179 phani
901 1139 1043 1167 coram
1086 1126 1436 1179 frequentissimo
1481 1127 1693 1170 auditorio
1739 1141 1834 1180 ger-

728 1190 894 1232 manice
927 1190 1202 1233 contionatur
1234 1191 1337 1242 (656
1372 1191 1489 1244 659).

669 1266 709 1300 In
735 1266 837 1299 domo
863 1265 1009 1299 Triestii
1037 1265 1179 1300 Canisio
1206 1267 1404 1311 propinqui,
1431 1267 1515 1301 data
1541 1267 1674 1311 singuli
1701 1268 1837 1303 dextra.

728 1318 811 1352 fidei
837 1318 1034 1353 catholicae
1061 1320 1301 1353 constantiam
1326 1320 1540 1364 promittunt
1568 1321 1680 1364 (663).

651 1384 713 1429 ,0.
748 1383 871 1426 Dom.
913 1384 945 1427 I.
983 1384 1208 1427 Adventus
1251 1385 1294 1427 in
1341 1386 1503 1439 templo
1546 1386 1587 1428 S.
1631 1386 1838 1440 Stephani

731 1449 1006 1491 contionatur
1038 1449 1141 1502 (656
1177 1449 1293 1503 659).

651 1521 719 1562 In
752 1520 1067 1562 valetudinario
1095 1520 1418 1572 (valetudinarii
1442 1522 1482 1565 S.
1502 1522 1671 1564 Nicolai
1703 1522 1839 1564 eccle-

730 1585 794 1627 sia
818 1586 856 1627 S.
878 1585 1058 1627 Nicolao
1080 1600 1207 1627 sacra
1219 1586 1256 1639 P)
1281 1587 1523 1628 contionem
1556 1587 1707 1636 habet;
1742 1600 1838 1641 pro-

730 1650 900 1704 pinquis
922 1664 1092 1692 sacram
1115 1651 1420 1693 eucharistiam
1443 1651 1661 1694 ministrat
1683 1654 1727 1693 et
1745 1665 1838 1693 cum

730 1715 782 1756 iis
815 1715 1000 1769 prandet
1032 1729 1082 1757 ac
1114 1717 1375 1770 pauperibus
1408 1716 1581 1771 copiosa
1603 1717 1719 1759 vitae
1742 1717 1840 1758 snb-

732 1781 840 1822 sidia
863 1795 888 1822 a
910 1779 1159 1834 propinquis
1183 1781 1343 1823 collata
1366 1782 1569 1835 relinquit
1595 1782 1698 1834 (659
1724 1783 1838 1834 664).

673 1856 762 1890 Cum
790 1856 827 1889 P.
854 1855 1025 1900 Dionysio
1051 1855 1272 1899 Noviomago
1300 1857 1451 1891 discedit
1479 1858 1564 1899 (664
1590 1858 1687 1899 666).

673 1966 873 2002 Grosbecae
899 1979 919 2001 a
938 1967 1070 2011 Segero
1089 1968 1131 2002 de
1150 1968 1331 2003 Grosbeca
1349 1968 1506 2013 episcopi
1524 1969 1714 2003 leodiensis
1733 1969 1842 2002 fratre

731 2021 885 2066 hospitio
912 2022 1089 2066 excipitur
1118 2022 1231 2064 (666).

674 2080 872 2115 Gerardum
890 2080 1111 2124 Lapidanum
1130 2081 1318 2115 Societatis
1342 2081 1560 2115 desertorem
1580 2079 1696 2115 Clivia
1721 2092 1840 2115 secum

732 2133 877 2168 abducit
905 2134 954 2177 (e)
986 2133 1099 2176 (536).

674 2185 787 2222 Xanti
822 2198 963 2221 sacrum
998 2186 1086 2221 facit
1120 2187 1155 2220 in
1192 2187 1344 2221 ecclesia
1380 2187 1413 2222 S.
1432 2187 1589 2221 Victoris
1624 2190 1659 2221 et
1694 2188 1727 2220 in
1764 2199 1841 2221 con-

734 2241 870 2274 vivium
896 2239 1086 2274 adhibetur
1111 2252 1131 2274 a
1159 2241 1339 2274 canonicis
1368 2241 1484 2284 (666).

676 2294 713 2328 In
749 2293 917 2338 parochia
941 2293 1062 2337 aliqua
1087 2291 1187 2328 inter
1214 2292 1373 2328 Xantum
1399 2295 1436 2328 et
1463 2292 1642 2328 Coloniam
1669 2294 1738 2327 sita
1764 2305 1842 2327 con—

733 2349 891 2381 tionatur
919 2346 1031 2389 (666).

675 2399 856 2435 Coloniam
874 2400 983 2440 redit;
1004 2400 1039 2433 in
1055 2399 1245 2434 Societatis
1264 2400 1454 2444 collegium
1470 2400 1626 2434 devertit
1642 2400 1726 2442 (650
1745 2400 1842 2442 666).

675 2466 755 2508 Die
777 2464 1076 2519 Conceptionis
1108 2465 1156 2508 B.
1182 2466 1237 2508 M.
1258 2466 1309 2508 V.
1344 2466 1398 2507 ad
1422 2466 1583 2507 Cliviae
1617 2466 1767 2507 ducem
1801 2469 1845 2507 et-

734 2530 1034 2584 YVestphaliae
1054 2531 1278 2584 episcopos
1296 2531 1582 2584 proficiscitur
1599 2531 1699 2583 (651
1728 2530 1842 2582 667).

676 2604 928 2650 Dusseldorpii
955 2606 1080 2639 ducem
1107 2604 1244 2639 Cliviae
1270 2606 1405 2639 frustra
1432 2605 1572 2649 quaerit
1602 2604 1714 2647 (675).

677 2664 934 2699 Monasterium
962 2662 1258 2709 Wi'estpl151101‘11111
1284 2665 1393 2701 venit.
1425 2667 1464 2697 ut
1490 2675 1568 2697 cuin
1598 2664 1776 2698 Bel-nardo
1803 2664 1844 2697 de

736 2718 905 2752 Raesfeld
932 2718 1097 2762 episcopo
1124 2717 1302 2761 pontificis
1329 2717 1470 2750 nomine
1497 2719 1581 2760 agat
1609 2717 1722 2760 (149).

678 2783 956 2832 Monasterio‚
990 2783 1237 2837 episcopum
1264 2783 1368 2823 urbe
1392 2783 1544 2824 abesse
1567 2783 1757 2831 edoctus,
1792 2783 1845 2824 ad

738 2849 918 2889 eundem
961 2848 1097 2889 mittit
1138 2847 1381 2900 exemplum
1424 2847 1590 2888 concilii
1624 2847 1843 2889 tridentini

738 2912 1045 2961 authenticmn,
1081 2913 1212 2953 breve
1236 2912 1512 2965 pontificium,
1546 2912 1729 2961 litteras,
1755 2912 1845 2965 qui-

739 2978 816 3018 bus
849 2991 945 3018 eum
976 2977 1028 3018 ad
1053 2977 1281 3018 dioecesim
1305 2977 1623 3018 reformandam
1648 2978 1846 3018 hortatur

741 3042 877 3094 (149).

680 3115 934 3161 Osnabm‘gum
970 3115 1086 3152 venit:
1127 3116 1344 3150 monasteria
1382 3117 1556 3160 quaedam
1595 3117 1840 3158 ⁷,semidii-uta*

738 3170 874 3207 videt(
865 3169 976 3211 (157).

560 3233 934 3267 1Fpstulcetxt
962 3233 995 3258 V.
1546 3229 1566 3262 d
