2045 3471
514 183 608 217 Mon.
629 182 696 217 663
723 182 801 217 sive
827 195 908 227 aug.
931 183 967 226 (b
986 183 1060 227 20).
1099 183 1217 218 Medio
1243 184 1319 218 fere
1345 195 1391 218 111.
1410 183 1499 218 111110
1521 184 1621 219 1566.

185 184 209 225 ιη

217 185 238 225 κ]

246 185 270 225 [0

306 300 472 333 Canz'sc'us
508 302 542 333 in
580 301 738 334 contione
763 302 945 344 Auyustae
970 302 1233 335 Vindelicormn
1268 303 1306 334 vin
1342 302 1483 335 ecclesia
1509 302 1705 336 cathedrali
1731 303 1801 343 (vel
1826 304 1950 347 templo

185 354 220 387 S.
248 355 397 386 Ioannis
422 354 530 386 eidem
566 354 772 394 coniuncto)
806 355 903 396 feria
928 356 976 389 II.
1004 355 1230 388 hebdomadis
1265 356 1414 388 maioris
1447 356 1516 388 sive
1542 356 1573 388 8.
1600 356 1742 398 Aprilis
1768 358 1861 389 1566
1887 357 1952 401 „de

184 404 433 448 ἱη(ῐιιῖῃεηίι’]’3α
452 406 596 440 habita:
622 406 786 449 Exurgit,
812 408 940 451 inquit,
967 407 1147 441 contentio
1165 419 1269 449 noua,
1296 418 1377 441 cum
1395 406 1499 441 multi
1516 407 1612 441 haud
1638 407 1743 442 dubie
1761 420 1831 442 von
1849 408 1950 443 ablas

183 470 247 492 nec
282 458 405 492 audire
440 470 506 493 nec
540 460 675 493 sentire
710 459 833 501 velint,
872 460 942 494 imo
976 472 1104 494 nomen
1133 460 1256 494 audire
1282 472 1351 494 non
1378 462 1538 504 possunt.
1588 460 1724 495 Putant
1749 461 1843 495 enim
1870 472 1950 496 esse

182 522 256 544 rem
282 511 453 545 ficticiam
479 523 571 556 quae
597 524 666 546 non
692 511 802 547 habet
827 513 1100 547 fundamentum
1128 514 1163 547 in
1183 513 1302 554 verbo,
1329 512 1398 547 imo
1417 513 1585 558 Papistas
1612 516 1648 547 et
1673 513 1814 548 illorum
1841 517 1951 559 caput

182 564 410 607 excogitasse
445 576 489 598 ex
515 576 614 599 mera
645 565 809 607 auaritia,
846 577 924 600 esse
950 577 1066 608 nugas
1092 571 1128 600 et
1153 566 1299 600 fraudes
1325 565 1494 600 fidelium.
1515 593 1521 600 .
1542 593 1548 600 .
1570 594 1576 600 .
1627 566 1679 600 De
1705 566 1774 602 hac
1799 567 1950 602 materia

181 617 298 651 dicam
324 619 538 662 praesertim
564 630 644 652 cum
670 618 774 652 multi
801 619 909 653 etiam
937 619 1113 654 Catholici
1138 619 1195 654 hic
1221 631 1260 653 se
1287 619 1414 653 offendi
1442 619 1562 653 sinant
1589 622 1625 653 et
1649 620 1773 654 statim
1799 620 1949 655 credunt

182 670 399 716 aduersarijs
434 671 494 715 qui
518 671 609 705 nihil
635 671 753 715 magis
779 675 1006 706 contemnere
1042 675 1077 706 et
1102 673 1218 706 ridere
1247 672 1390 716 [solent]
1419 684 1526 716 quam
1551 684 1678 707 nomen
1706 675 1742 707 et
1767 684 1873 707 vsum
1898 673 1949 707 in·

182 723 448 767 dulgentiarum
475 726 534 758 013·
552 736 598 758 ex
623 724 689 759 1100
707 725 940 759 fundamento
963 726 1174 770 inceperunt
1199 737 1321 760 omnes
1348 737 1487 760 errores
1513 728 1549 760 et
1574 725 1742 760 haereses
1769 726 1835 760 1100
1860 728 1948 760 tem·

183 788 266 820 pore
291 779 413 811 nostro
439 780 677 822 erumpentes.
696 806 702 812 .
720 806 726 812 .
742 806 749 811 .
785 778 970 812 Primumb
996 781 1032 813 et
1056 778 1253 823 principale
1281 779 1374 823 quod
1400 781 1522 812 mouet
1547 779 1772 813 aduersarios
1799 780 1842 814 ad
1869 791 1948 814 con-

180 831 356 874 temptum
383 830 708 874 Jndulgentiarum,
736 833 792 865 est
816 831 905 865 nihil
931 832 1027 866 aliud
1054 843 1160 876 quam
1188 843 1311 866 earum
1337 832 1470 866 abusus
1496 832 1623 875 ingens
1649 832 1685 866 in
1710 832 1834 866 multis
1860 832 1949 867 locis

182 883 281 917 uisus
317 886 351 917 et
378 884 533 919 auditus.
585 884 638 918 Ad
674 884 741 918 hoc
775 885 1032 929 respondemus
1060 885 1255 926 Catholici,
1291 885 1384 929 quod
1419 897 1484 919 nos
1512 885 1685 920 Catholici
1720 897 1948 930 nequaquam

181 948 366 980 negamus,
401 938 462 971 sed
498 937 592 972 ultro
627 938 838 972 confitemur
874 939 988 982 (111011ο
1022 939 1266 984 superioribus
1292 939 1395 973 annis
1420 939 1525 973 multi
1561 942 1596 973 et
1630 939 1751 983 magni
1786 939 1948 974 homines

182 989 327 1024 fuerunt
360 990 397 1024 111
423 990 586 1025 Ecclesia
617 991 676 1035 qui
711 991 805 1025 male
842 992 976 1026 versati
1012 1003 1091 1026 cum
1126 992 1361 1037 indulgentijs
1396 993 1545 1026 nimium
1580 993 1679 1027 fuere
1714 993 1882 1027 liberales
1912 993 1949 1027 in

182 1043 417 1077 concedendis
453 1047 489 1078 et
523 1047 712 1088 propterea
747 1044 878 1079 multos
913 1045 949 1079 in
977 1047 1128 1089 vtroque
1155 1048 1254 1079 statu
1280 1046 1515 1080 offenderunt.
1565 1045 1658 1080 Nam
1682 1046 1719 1080 in
1745 1046 1817 1080 illis
1843 1057 1948 1090 quae-

180 1096 344 1130 siuerunt
378 1098 601 1131 commodum
647 1100 684 1132 et
716 1100 857 1143 turpem
893 1098 1084 1132 auaritiam
1119 1101 1394 1143 promouerunt,
1439 1101 1475 1133 et
1518 1101 1707 1144 propterea
1753 1101 1948 1144 peccarunt

181 1150 341 1193 grauiter
365 1150 402 1183 in
428 1150 543 1192 deum,
571 1151 671 1185 cuius
698 1151 789 1185 dona
812 1151 1060 1193 vendiderunt,
1088 1152 1325 1186 obscurarunt
1350 1154 1386 1185 et
1411 1152 1694 1197 contemptibilia
1720 1152 1948 1186 reddiderunt

181 1202 274 1246 apud
302 1202 445 1246 vulgus.

182 1316 288 1353 663
315 1319 392 1353 sive
420 1328 542 1364 aug.
563 1319 619 1364 (b
640 1319 754 1365 20).
829 1319 942 1356 Medio
969 1319 1047 1356 fere
1074 1330 1118 1355 m.
1138 1319 1230 1356 Iulio
1257 1319 1352 1356 1566.

298 1388 351 1422 Ex
388 1389 594 1434 archetypo,
630 1390 673 1423 ab
700 1390 821 1433 ignoto
847 1390 981 1435 scripto
1009 1395 1044 1424 et
1071 1402 1091 1425 a
1117 1391 1156 1425 P.
1184 1391 1403 1436 Hieronymo
1430 1391 1559 1426 Natale
1586 1392 1620 1426 S.
1640 1392 1672 1426 J.
1700 1391 1882 1435 recognito
1909 1394 1946 1426 et

178 1441 400 1487 subscripto;
428 1443 521 1487 quod
547 1445 668 1477 exstat
694 1444 729 1476 in
759 1443 861 1485 „EN“
893 1456 924 1477 n.
956 1445 1022 1478 144
1051 1445 1090 1486 (f.
1121 1444 1231 1486 131³).
1283 1444 1400 1478 Etiam
1431 1446 1491 1487 (ex
1518 1445 1640 1479 eodem
1667 1444 1880 1490 archetypo)
1909 1445 1945 1479 in

181 1494 268 1539 Epp.
296 1496 417 1529 Nadal
444 1496 493 1529 ΙΙΙ
522 1496 719 1530 195—196.

301 1566 468 1600 canisius
494 1568 694 1599 contionum
723 1569 903 1610 Auyustae
930 1568 964 1600 in
993 1568 1134 1601 ecclesia
1161 1568 1357 1602 cathedrali
1382 1569 1625 1602 habendarum
1653 1569 1771 1610 officio
1796 1570 1943 1609 levatur,

179 1619 264 1662 quia
288 1619 395 1652 simul
420 1620 649 1662 praepositus
677 1621 916 1662 provincialis
949 1625 979 1653 et
1005 1622 1228 1654 contionator
1254 1633 1323 1655 esse
1350 1623 1478 1665 nequit,
1514 1627 1543 1654 et
1569 1624 1654 1665 quia
1681 1624 1845 1655 canonici
1871 1624 1944 1656 eius

179 1673 355 1705 contiones
379 1673 477 1705 haud
503 1674 553 1705 ita
579 1674 727 1705 multum
752 1674 820 1706 sibi
840 1674 994 1717 probari
1019 1675 1232 1718 sr'qnificant.

300 1744 347 1785 P.
382 1745 669 1798 Hieronymus
700 1745 886 1798 Natalis,
921 1746 1139 1787 Societatz's
1175 1747 1376 1797 visitator,
1416 1761 1522 1799 cum,
1557 1747 1792 1788 Germania
1825 1760 1943 1802 supe-

182 1810 293 1850 riore
325 1810 507 1863 visitata,
554 1811 597 1850 in
633 1810 851 1851 Austrum
895 1811 1089 1851 abiturus
1128 1815 1242 1863 esset,
1286 1811 1464 1866 Diltnya
1496 1814 1566 1853 20.
1600 1812 1706 1853 Iulii
1738 1813 1852 1853 1566
1884 1812 1943 1852 ad

180 1873 222 1915 S.
247 1873 522 1915 Franciscmn
556 1874 760 1929 Bormam
788 1876 1076 1930 praepositum
1108 1877 1342 1930 yeneralem
1374 1877 1475 1918 llaec
1506 1878 1663 1918 rettulit
1697 1877 1747 1917 de
1771 1877 1943 1918 canisio

178 1941 414 1981 contionum
455 1941 500 1980 in
533 1940 703 1981 ecclesia
735 1941 970 1982 cathedrali
1004 1945 1244 1995 cczcyustancc
1278 1941 1572 1983 habendarum
1604 1941 1740 1996 officio
1772 1941 1941 1983 tandem

176 2005 331 2045 levato:
362 2004 415 2044 El
438 2003 578 2045 Padre
599 2004 655 2046 M.
680 2004 812 2058 pedro
835 2004 996 2046 canisio
1020 2005 1159 2058 queda
1181 2005 1383 2047 tandemd
1415 2006 1653 2059 prouincial
1676 2006 1942 2059 descargado

178 2068 275 2110 dela
306 2069 482 2122 predica
514 2068 566 2110 de
590 2072 777 2122 augusta
809 2083 971 2123 porque
1003 2083 1056 2111 no
1090 2083 1165 2112 era
1196 2070 1384 2124 possible
1417 2084 1498 2123 que
1530 2070 1689 2112 hiziese
1721 2085 1808 2112 vna
1840 2084 1940 2112 cosa

177 2148 205 2186 y
238 2135 334 2175 otra
365 2147 527 2187 perque
560 2133 602 2175 al
634 2134 851 2176 ordinario
878 2149 903 2176 a
927 2135 978 2176 de
1002 2134 1155 2177 visitar
1185 2135 1250 2176 los
1283 2135 1516 2188 collegios1
1547 2150 1576 2189 y
1607 2136 1672 2178 100
1706 2135 1940 2188 canonigos

179 2212 231 2239 00
255 2198 431 2251 (11110100
455 2198 599 2239 suffrir
621 2201 713 2241 esto
738 2213 820 2252 que
842 2199 949 2242 falte
973 2200 1043 2241 313
1074 2200 1248 2254 predica
1280 2215 1308 2254 y
1335 2214 1389 2242 an
1422 2201 1642 2242 mostrado
1676 2201 1941 2242 claramente

177 2277 285 2305 vnos
317 2277 399 2316 que
433 2262 626 2304 vinieron
668 2266 786 2306 estos
819 2263 911 2306 dias
944 2264 996 2306 de
1034 2267 1160 2318 parte
1193 2264 1260 2306 del
1296 2264 1464 2306 cabildo
1497 2279 1522 2306 3
1554 2264 1758 2318 negociar
1790 2279 1867 2306 con
1900 2265 1939 2306 el

177 2328 379 2370 cardenal
412 2341 494 2381 que
526 2342 580 2369 no
613 2341 659 2370 se
692 2331 926 2371 contentari
959 2329 1111 2370 mucho
1146 2329 1197 2371 de
1229 2343 1302 2371 sus
1334 2329 1589 2383 predicados
1622 2329 1815 2372 diziendo
1857 2343 1939 2382 que

178 2406 255 2446 por
296 2406 345 2434 su
387 2392 584 2435 doctrina
624 2407 678 2434 no
719 2406 766 2434 se
808 2393 1008 2435 entiende
1050 2393 1202 2435 mucho
1245 2394 1297 2435 de
1338 2394 1380 2436 13
1411 2394 1536 2448 plebe
1577 2408 1606 2448 y
1638 2408 1720 2447 que
1761 2399 1830 2435 see
1864 2407 1938 2434 00-

176 2456 320 2498 tiende
360 2471 454 2499 mas
496 2457 534 2499 el
576 2457 709 2511 padre
740 2458 965 2509 Hermes2,
1007 2473 1036 2512 y
1078 2461 1277 2501 nosotros
1319 2472 1495 2500 anemos
1527 2458 1822 2512 interpretado
1856 2471 1938 2510 que

176 2522 239 2563 los
273 2522 507 2575 canonigos
538 2536 593 2564 no
617 2522 817 2575 querrian
840 2525 963 2565 tener
994 2537 1073 2577 por
1105 2523 1320 2566 ordinario
1353 2523 1439 2565 alla
1472 2521 1513 2565 31
1545 2524 1679 2578 padre
1702 2521 1876 2565 canisio,

295 2603 489 2646 Aliquanto
504 2604 586 2636 ante
598 2602 875 2647 Christophorus
893 2603 935 2637 de
949 2603 1143 2648 Freyberg,
1162 2603 1381 2638 cathedralis
1399 2603 1547 2649 capituli
1566 2604 1731 2644 decanus,
1750 2603 1937 2647 Augustae

177 2654 297 2689 Natali
333 2655 483 2696 dixerat,
519 2655 698 2690 canonicis
733 2656 841 2689 etiam
877 2658 1022 2700 gratum
1058 2656 1152 2697 fore,
1188 2657 1218 2690 si
1247 2656 1412 2690 Canisius
1448 2657 1576 2690 iterum
1607 2655 1830 2690 contionator
1856 2667 1935 2690 con-

178 2707 408 2748 stitueretur3
437 2708 518 2742 vide
545 2719 652 2753 supra
679 2721 711 2753 p.
732 2709 811 2743 544.

295 2759 396 2794 Haud
423 2763 521 2794 recte
538 2762 652 2795 Boero
670 2761 875 2802 affirmavit,
903 2761 1085 2795 Canisium
1104 2763 1290 2805 Augustae
1316 2762 1351 2795 in
1379 2761 1529 2796 ecclesia
1555 2761 1752 2796 cathedrali
1778 2761 1935 2795 officium

177 2812 430 2847 contionatoris
468 2814 655 2855 ordinarii,
694 2825 801 2858 quem
840 2817 986 2854 vocant,
1025 2815 1184 2849 tenuisse
1223 2815 1510 2858 quattuordecim
1547 2825 1658 2848 annos
1695 2815 1799 2856 (Can.
1837 2814 1934 2858 305).

179 2864 343 2899 Canisius
369 2867 460 2898 enim
489 2878 616 2899 munus
642 2866 730 2900 illud
757 2867 966 2911 auspicatus
992 2870 1048 2901 est
1072 2879 1118 2902 m.
1146 2867 1245 2901 Iunio
1276 2879 1308 2902 a.
1337 2868 1426 2902 1559
1456 2868 1559 2910 (Can.
1587 2867 1620 2900 II
1646 2867 1861 2911 837—838).

296 2935 322 2963 a.)
345 2935 481 2965 Sequitur
500 2942 592 2967 super
612 2935 640 2965 h,
660 2944 678 2959 α
698 2937 764 2961 libr,
785 2936 873 2961 oblitt.
984 2935 1014 2965 b)
1035 2938 1095 2961 Hoc
1114 2944 1138 2961 v.
1159 2940 1185 2961 et
1205 2945 1277 2968 quae
1297 2940 1467 2968 sequuntur-7
1487 2945 1574 2968 usque
1594 2937 1632 2961 ad
1652 2936 1732 2961 ultro
1753 2936 1933 2962 confitemur

178 2974 253 3003 incl„
279 2975 312 2998 ab
341 2975 401 3005 ipso
422 2978 450 2999 ('.
471 2977 579 3007 scripta
606 2980 673 3001 sunt
695 2986 752 3008 pro
774 2986 814 3002 vv.
852 2976 915 3002 Nos
936 2976 1081 3003 Catholici
1107 2977 1188 3003 ultro
1216 2978 1348 3003 fatemur
1374 2978 1405 3003 et
1425 2977 1561 3009 dicimus,
1586 2985 1657 3009 quae
1685 2978 1846 3009 scripserat
1865 2979 1931 3003 libr.

179 3015 204 3043 c)
227 3015 290 3038 Duo
313 3023 351 3039 vc.
373 3023 430 3046 sqq.
452 3017 486 3039 ab
509 3017 569 3047 ipso
592 3020 619 3041 τ’.
640 3019 743 3042 addita
764 3022 841 3043 sunt.
917 3018 947 3045 d>
969 3021 996 3049 e)
1018 3020 1077 3043 Hoc
1099 3027 1120 3043 v.
1142 3020 1176 3043 ab
1198 3020 1259 3050 ipso
1280 3020 1386 3044 thtale
1405 3027 1497 3050 supra
1517 3027 1631 3044 versum
1650 3020 1789 3050 scriptum
1811 3023 1859 3044 est.

298 3107 307 3125 ¹
335 3106 569 3149 Collegiorum
590 3109 748 3142 visit-atio
766 3122 874 3143 unum
902 3122 945 3143 ex
973 3112 1173 3155 praecipuis
1198 3113 1480 3156 praepositorum
1507 3112 1777 3157 provincialium
1804 3112 1932 3146 officiis

179 3161 251 3197 est;
280 3159 360 3192 vide
391 3160 474 3192 Can.
503 3160 550 3193 Ill
581 3161 680 3201 118¹;
710 3162 758 3195 IV
786 3163 880 3196 606¹.
1165 3165 1177 3184 2
1206 3165 1399 3209 Halbpaur.
