2045 3471
554 184 648 218 Mon.
668 182 736 218 903
762 182 840 217 sive
866 193 941 216 var.
963 181 1052 225 (23).
1091 182 1147 216 26.
1166 181 1255 216 Nov.
1277 181 1378 216 1566.
1763 181 1847 223 845

207 304 272 346 De
304 303 492 345 Doctore
515 301 740 344 Conradol
772 300 877 342 nihil
910 300 1149 343 constituat
1181 299 1479 349 Prouincialis,
1512 312 1591 340 nec
1624 298 1736 340 enim
1770 298 1850 341 ali-

90 382 217 422 quam
249 368 292 410 in
324 368 443 409 illum
476 369 738 422 potestatem
771 365 916 416 habet,
955 365 1037 407 nisi
1068 365 1130 407 ita
1164 368 1407 407 mutaretur
1439 364 1554 405 illius
1587 363 1768 413 animus,
1802 365 1851 406 ut

90 433 223 474 uellet
266 433 325 474 vad
371 432 542 486 plenam
591 430 880 473 obedientiam
929 429 1160 473 Societatis
1207 430 1369 479 redire3
1419 428 1538 478 Quod
1587 428 1624 470 si
1671 428 1848 479 faceret,

88 497 324 539 mittendus
369 498 486 539 esset
530 496 584 538 ad
629 496 802 538 domum
842 495 1110 550 probationis
1155 494 1210 536 ad
1250 497 1443 548 tempus,
1494 496 1539 535 et
1579 492 1848 543 suauissime,

89 576 342 615 summaque
384 576 480 603 cum
523 560 739 603 charitate
780 560 1050 609 tractandus,
1086 559 1129 602 Si
1162 560 1242 601 hoc
1274 573 1359 601 non
1392 560 1483 609 fiat,
1527 558 1689 612 poterit
1729 558 1849 599 illum

89 626 144 668 ad
177 627 351 669 Patrem
385 627 642 668 Generalem
674 626 861 674 mittere,
905 628 949 667 et
981 624 1261 667 conformiter
1293 624 1347 665 ad
1379 624 1460 665 hoc
1491 623 1740 677 responderi
1772 636 1850 677 po-

88 690 193 734 terit
223 691 289 745 ijs,
323 691 394 744 qui
427 706 505 745 pro
538 691 630 745 ipso
662 690 975 733 intercedent2.

207 756 271 798 De
304 758 477 798 caetero
510 770 594 797 non
628 756 753 798 detur
784 755 972 797 facultas
1004 757 1052 796 ut
1084 753 1218 796 nostri
1253 754 1306 795 ab
1330 768 1415 795 vno
1439 752 1620 806 collegio
1653 752 1707 794 ad
1734 751 1850 794 aliud

88 820 267 863 veniant
299 820 582 863 recreationis
621 834 764 870 causa,
809 820 920 872 quod
961 819 1111 861 nullibi
1152 821 1202 861 fit
1232 819 1276 860 in
1307 821 1403 861 tota
1435 818 1668 868 Societate,
1711 831 1849 869 neque

88 885 298 928 successit
329 886 371 927 in
404 886 485 927 hac
520 885 761 928 Prouincia.
826 885 1037 926 Poterunt
1077 883 1249 926 interim
1284 882 1483 937 usurpari
1516 883 1627 924 aliae
1658 881 1850 924 rationes

87 950 381 993 recreationis.
446 951 510 992 De
543 949 897 1004 Valetudinaffijs,
942 952 1171 991 seruentur
1211 947 1584 998 constitutiones-2,
1627 946 1672 988 hi
1713 946 1851 988 enim³

88 1028 144 1057 ex
176 1015 352 1057 consilio
385 1015 539 1057 medici
571 1015 801 1068 aliquando
834 1014 993 1057 mutari
1024 1013 1273 1068 possunt⁶·4.

207 1081 272 1122 De
312 1094 490 1122 numero
532 1080 716 1122 fratrum
759 1079 831 1132 qui
873 1079 930 1121 ali
971 1082 1153 1133 possunt
1193 1078 1237 1119 in
1278 1077 1472 1132 collegijs
1505 1077 1664 1119 dictum
1698 1078 1766 1118 est
1805 1075 1849 1117 in

88 1144 184 1200 alijs
206 1145 614 1195 instructionibus53
649 1145 761 1198 quod
785 1147 931 1186 tamen
953 1143 1017 1185 ita
1040 1145 1108 1186 est
1129 1143 1470 1196 intelligendum,
1495 1145 1542 1184 ut
1565 1140 1849 1183 Prouincialis

89 1211 305 1261 aduertat,
349 1224 403 1252 an
436 1211 583 1264 plures
625 1210 682 1251 ali
719 1210 898 1263 possint,
943 1211 987 1251 et
1028 1209 1069 1250 id
1102 1207 1341 1250 constituat
1373 1206 1503 1250 etiam
1537 1221 1631 1248 meo
1664 1205 1846 1248 nomine.

206 1275 306 1317 Non
328 1275 501 1317 videtur
532 1274 824 1317 necessarium
845 1279 894 1316 ut
925 1274 1079 1316 literae
1102 1279 1294 1315 annuaec
1316 1272 1560 1315 scribantur
1587 1270 1846 1324 germanice,

87 1340 169 1383 nisi
201 1341 248 1384 P.
283 1340 509 1382 Generalis
550 1340 602 1381 de
643 1339 724 1381 hoc
766 1342 941 1381 moneat
984 1338 1028 1380 in
1069 1353 1148 1380 sua
1187 1338 1473 1380 instructione
1518 1337 1633 1378 circa
1673 1337 1846 1377 modum

88 1405 324 1456 scribendi,
379 1409 423 1448 et
474 1408 620 1447 tamen
675 1404 845 1446 omnino
896 1407 1092 1454 curetur,
1148 1406 1196 1444 ut
1241 1403 1294 1456 ijs
1342 1402 1413 1456 qui
1467 1401 1665 1444 nesciunt
1712 1401 1847 1442 latine

88 1473 363 1524 exponantur
409 1470 564 1512 literae
606 1469 841 1520 annuaedss,
890 1469 959 1510 uel
1007 1468 1118 1510 aliae
1166 1467 1202 1509 si
1249 1481 1359 1520 quae
1403 1467 1459 1508 ad
1503 1466 1847 1509 aedificationem

88 1536 349 1590 spectabunt
361 1536 390 1577 7.

207 1601 264 1642 Jn
298 1600 423 1642 domo
459 1599 715 1652 Augustana
750 1597 857 1652 [etc.,
891 1604 935 1640 ut
967 1613 1099 1653 supra
1129 1613 1169 1652 p.
1194 1595 1315 1652 548]

210 1665 340 1707 Nullo
373 1667 501 1719 pacto
535 1664 608 1706 det
639 1662 922 1705 Prouincialis
955 1663 1140 1716 aliquem
1174 1676 1196 1704 e
1228 1662 1402 1712 nostris,
1424 1654 1426 1657 ’
1446 1675 1524 1703 nec
1558 1663 1631 1703 eat
1669 1660 1761 1714 ipse
1793 1659 1848 1702 ad

91 1730 383 1773 visitationem
418 1730 605 1782 aliquam
639 1728 1014 1777 Monastffldorum,
1049 1727 1340 1776 ecclesiarum,
1382 1727 1451 1768 uel
1484 1739 1849 1779 quarumcumque

92 1809 395 1849 personarum,
447 1794 490 1836 in
539 1808 622 1847 qua
667 1793 916 1835 visitatione
961 1792 1077 1834 aliud
1118 1792 1275 1843 faciat,
1321 1805 1448 1845 quam
1497 1804 1608 1844 quae
1652 1793 1753 1831 sunt
1794 1803 1848 1831 ex

92 1861 313 1910 institute,
356 1863 404 1901 ut
445 1858 712 1908 concionari,
762 1857 1054 1899 confessiones
1096 1857 1245 1898 audire
1278 1859 1359 1899 etc,
1424 1856 1607 1908 Reliqua
1639 1868 1749 1908 quae
1794 1854 1848 1896 ad

211 1948 238 1978 a)
259 1947 304 1971 Ita
320 1947 349 1970 in
364 1946 520 1976 archetypo
540 1946 569 1975 (a
585 1945 717 1975 Polanco,
739 1947 767 1968 ut
791 1944 915 1969 ridetur)
936 1946 1094 1968 correctum
1114 1946 1155 1967 est
1175 1950 1211 1968 ex
1231 1941 1478 1970 constitutiones,
1499 1941 1560 1974 qui.
1624 1940 1654 1972 b)
1675 1941 1744 1966 Vide
1765 1941 1847 1972 infra

94 1989 161 2013 adn.
181 1990 205 2013 4.
278 1988 304 2019 c)
326 1988 385 2012 Hoc
407 1995 429 2011 r.
449 1988 484 2011 ab
506 1987 567 2017 ipso
588 1986 694 2010 thlale
712 1993 804 2016 supra
828 1993 940 2009 versum
960 1985 1101 2016 scriptum
1121 1987 1171 2009 est.
1246 1983 1276 2014 d)
1298 1984 1367 2009 Vizle
1388 1984 1471 2014 infra
1492 1984 1559 2007 (ιιΙη.
1581 1987 1604 2007 (J.

216 2108 226 2128 ¹
252 2107 291 2140 P.
312 2105 495 2139 Conradus
514 2104 718 2147 Swagerius
736 2102 937 2145 theologiae
955 2102 1136 2147 professor
1154 2101 1359 2144 dilinganus
1377 2100 1591 2135 Societatem
1611 2100 1687 2134 sine
1705 2100 1851 2134 licentia

95 2162 321 2199 deserueram
350 2170 383 2193 v.
412 2169 519 2202 supra
546 2169 579 2202 p.
598 2157 783 2190 615—617
812 2156 891 2189 725.

215 2214 229 2234 ²
255 2212 399 2246 Urbano
442 2223 462 2245 a
500 2209 711 2244 Trennbach
755 2209 920 2254 episcopo
963 2207 1187 2253 passaviensi
1231 2208 1378 2251 eiusque
1421 2206 1665 2241 cancellario‘.>
1719 2206 1853 2241 Simoni

95 2266 285 2301 Thaddaeo
313 2264 423 2299 Eckio
450 2263 663 2297 cancellario
682 2262 817 2296 Alberti
837 2262 879 2295 V.
907 2261 1082 2295 Bavariae
1109 2261 1239 2295 ducis‘?
1281 2260 1371 2295 Vide
1397 2271 1506 2304 supra
1532 2272 1564 2304 p.
1583 2261 1651 2294 493
1679 2260 1746 2294 725
1774 2260 1852 2294 766.

216 2320 229 2339 ³
257 2318 313 2361 „Si
340 2317 583 2362 experimento
602 2314 860 2360 comperiretur
878 2314 1008 2358 aliquis
1034 2314 1128 2348 ferre
1146 2326 1214 2348 non
1233 2325 1338 2359 posse
1357 2313 1509 2347 alicuius
1532 2312 1687 2355 regionis
1705 2313 1853 2353 coelum,

97 2376 133 2407 et
158 2372 251 2406 male
277 2371 408 2405 habere
435 2370 659 2404 continenter
685 2371 901 2407 cerneretur,
929 2367 1109 2412 Superiori
1128 2367 1424 2401 considerandum
1442 2366 1665 2409 relinquitur,
1692 2377 1775 2399 num
1794 2366 1854 2400 ille

97 2425 252 2469 migrare
279 2424 347 2458 alio
374 2422 512 2463 debeat,
548 2422 618 2463 ubi,
654 2421 781 2454 melius
812 2420 947 2455 habens
974 2432 1130 2464 corpore,
1157 2420 1353 2464 impensius
1389 2419 1509 2453 divino
1544 2419 1692 2452 servitio
1726 2430 1855 2453 vacare

98 2479 241 2524 possit.“
274 2504 281 2511 .
301 2505 308 2512 .
330 2504 336 2511 .
368 2475 604 2519 „Intelligitur
630 2477 753 2508 contra
781 2473 1078 2508 constitutionem
1105 2485 1174 2506 non
1202 2484 1290 2513 esse,
1319 2472 1412 2516 quod
1439 2472 1473 2505 in
1501 2471 1620 2515 aliquo
1646 2471 1749 2505 horto
1776 2472 1855 2506 Col—

98 2532 183 2575 legii
209 2530 343 2574 aliquid
370 2529 603 2563 recreationis
628 2527 758 2560 infirmi
778 2527 835 2560 vel
861 2526 950 2567 sani,
978 2527 1037 2570 qui
1064 2529 1148 2559 sunt
1175 2526 1208 2559 in
1228 2525 1410 2564 Domibus,
1437 2527 1598 2564 sumant;
1627 2524 1707 2557 dum
1736 2527 1856 2558 tamen

99 2583 266 2629 expensis
285 2582 446 2625 collegii,
473 2580 640 2625 quamdiu
667 2582 751 2614 sunt
778 2580 812 2612 in
832 2579 1013 2621 Domibus,
1040 2591 1108 2613 non
1135 2579 1320 2612 alantur‘:
1352 2579 1622 2611 Constitutiones
1640 2577 1673 2611 S.
1693 2578 1736 2618 «1.,
1766 2577 1802 2611 Ρ.
1822 2578 1854 2619 3,

100 2650 129 2673 c.
148 2640 179 2679 2,
207 2637 256 2676 G;
285 2635 374 2676 P.6‚
401 2646 430 2669 c.
449 2635 481 2674 2,
510 2633 550 2667 D.

218 2691 230 2710 ⁴
257 2689 296 2722 P.
315 2690 466 2722 Ioannes
491 2688 533 2720 de
551 2686 702 2719 Polam-o
730 2684 919 2719 Societatis
945 2684 1162 2719 secretarius
1187 2684 1270 2718 huic
1298 2685 1489 2729 praecepto
1515 2682 1604 2717 haec
1630 2683 1665 2716 in
1692 2684 1854 2725 margine

100 2742 284 2787 ascripsit:
324 2741 554 2784 „aduertatur
588 2739 779 2784 plurimum
815 2739 869 2772 cui
897 2738 1001 2772 detur
1027 2737 1182 2771 facultas
1209 2738 1314 2771 eundi
1351 2737 1395 2770 ad
1430 2736 1500 2770 alia
1535 2736 1687 2780 collegia
1719 2749 1855 2771 recrea-

100 2796 206 2831 tionis
242 2795 370 2839 gratia,
405 2805 473 2827 non
508 2793 601 2826 enim
634 2791 766 2836 passim
803 2791 877 2825 dari
905 2791 1019 2831 debet,
1055 2790 1220 2835 quamuis
1253 2790 1288 2824 in
1324 2790 1442 2834 aliquo
1479 2790 1685 2834 particulari
1713 2795 1749 2823 et
1775 2803 1854 2824 cum

101 2849 240 2883 delectu
267 2848 386 2892 potest
412 2844 648 2879 Prouincialis
674 2844 717 2878 ad
745 2844 777 2877 id
804 2843 1015 2878 facultatem
1043 2844 1161 2877 dare“.
1205 2843 1361 2877 Dubium
1387 2854 1455 2876 non
1483 2845 1547 2883 est,
1575 2843 1658 2886 quin
1678 2842 1856 2878 Polancus

101 2902 157 2936 his
182 2901 303 2935 verbis
330 2899 441 2944 ipsius
468 2898 619 2941 Borgiae
645 2897 860 2931 sententiam
888 2896 1157 2939 significaverit.

220 2954 233 2974 ⁶
259 2952 350 2987 Vide
376 2962 484 2996 supra
508 2962 542 2995 p.
569 2951 648 2985 842.

221 3007 234 3025 ‘³
260 3006 327 3039 Hic
345 3006 530 3047 Polanmcs,
556 3006 596 3036 ut
615 3014 724 3047 supra
746 3003 793 3044 (v.
814 3003 894 3037 adn.
913 3003 964 3045 4),
992 3002 1143 3046 Borgiae
1170 3001 1385 3036 auctoritate
1410 3001 1568 3035 notavit:
1599 3000 1766 3043 „Romam
1786 3013 1855 3036 non

101 3061 291 3094 mittentur
315 3058 377 3092 sed
403 3057 555 3102 quoduis
580 3056 769 3099 collegium
795 3067 879 3090 suas
906 3055 1016 3089 faciat
1040 3055 1265 3098 germanicas
1291 3066 1354 3100 pro
1379 3066 1455 3096 sua,
1481 3057 1516 3088 et
1534 3054 1691 3088 eiusdem
1712 3055 1855 3098 linguae

101 3112 326 3158 prouinciis.“

223 3166 235 3186 ⁷
260 3165 309 3199 Ut
333 3163 475 3198 litterae
504 3161 696 3205 ,indicae“.
