2045 3471
227 208 311 250 520
458 206 560 241 1463.
589 205 755 240 Canisius
781 205 815 240 S.
834 205 1026 240 Fran01sco
1053 205 1097 240 de
1124 204 1269 248 Borgia.
1306 203 1453 248 Dilinga
1478 204 1534 238 23.
1553 204 1634 238 Iulii
1654 205 1755 240 1567.

224 336 384 359 mensem
403 323 628 369 consumpsi⁴‘
650 323 763 368 incl),
781 326 859 358 tum
876 325 1059 369 postrema
1076 334 1161 369 pars
1177 322 1393 367 (incipiendo
1412 334 1433 357 a
1450 322 1642 367 „Superest
1661 323 1813 363 demum,
1831 324 1872 356 ut
1887 322 1985 366 me“)

225 377 493 417 omitterentur;
514 377 646 411 omissa
659 379 744 411 sunt
758 377 865 411 etiam
880 381 957 411 tum
972 388 1023 418 ea,
1039 388 1130 421 quae
1149 376 1192 410 de
1207 376 1455 420 episcoporum
1473 375 1737 410 coadiutoribus
1755 386 1854 417 „cum
1867 375 1987 410 Ponti-

225 430 303 464 ficis
329 432 405 464 tum
432 430 598 464 Caesaris
624 431 766 464 nomine
792 430 1064 465 confirmandis“
1096 429 1315 470 dicebantur,
1350 430 1428 462 tum
1454 431 1564 473 caput
1589 428 1688 470 illud,
1724 440 1793 472 quo
1820 428 1987 463 Canisius

225 483 506 525 commendabat,
542 485 582 517 ut
606 484 916 525 monasteriorum,
952 495 1043 528 quae
1082 485 1179 517 certo
1204 485 1365 527 tempore
1399 481 1595 516 reformata
1628 493 1698 516 non
1732 483 1863 523 essent,
1895 481 1987 516 bona

224 536 401 582 episcopis
435 537 739 581 permitterentur,
780 537 834 579 „in
871 539 987 571 certos
1022 536 1170 581 pietatis
1204 538 1268 570 aut
1302 535 1574 569 seminariorum
1609 546 1697 569 usus
1724 535 1982 569 conuertenda‘

227 589 326 634 (vide
351 601 460 634 supra
486 601 519 635 p.
539 590 638 633 518).
677 590 781 635 Apud
808 590 1007 625 Germanos
1033 589 1167 633 aliquid
1193 600 1280 623 sane
1305 588 1404 629 iuris,
1430 591 1469 622 ut
1495 599 1604 633 supra
1631 600 1664 633 p.
1685 588 1768 622 169⁴
1793 588 1924 629 monui,
1950 588 1987 622 in

226 642 476 688 episcoporum
502 642 738 678 electionibus
764 643 808 678 ab
835 643 989 678 ecclesia
1015 642 1291 688 imperatoribus
1317 652 1525 675 concessum
1552 643 1648 682 erat;
1676 641 1769 685 quod
1796 653 1881 675 vero
1907 641 1987 685 quis

225 697 411 741 episcopos
437 708 501 741 per
525 707 707 731 caesarem
737 697 1038 739 „confirmandos⁴⁴
1061 696 1205 737 diceret,
1232 695 1267 729 id
1294 694 1483 740 displicere
1508 696 1649 739 poterat
1674 694 1794 728 curiae
1820 705 1988 728 romanae

226 752 263 784 et
287 749 444 784 maxime
470 749 505 784 S.
532 749 596 784 Pio
613 749 678 789 V.;
715 749 746 784 is
781 750 875 784 enim
911 749 1040 783 iurium
1067 749 1330 794 pontificiorum
1358 748 1555 782 acerrimus
1581 749 1659 781 erat
1684 747 1836 788 vindex;
1871 759 1989 792 neque

225 802 473 837 Maximiliano
498 803 543 837 II.
569 803 777 848 imperatori
802 802 937 837 fidebat
965 802 1071 847 (Ezcy.
1090 803 1226 847 Albin-i,
1252 801 1411 835 L'Italia
1437 801 1495 835 nel
1521 801 1639 835 secolo
1666 800 1901 835 decimosesto
1926 800 1987 842 IV,

225 856 372 890 Firenze
393 856 494 897 1858,
515 855 611 900 187).
646 856 736 889 Item
754 855 809 889 Pii
828 856 882 896 V.‚
910 855 971 900 qui
989 855 1123 890 ordinis
1145 859 1223 889 erat
1249 854 1476 895 dominicani,
1503 857 1539 889 et
1564 853 1713 888 aliorum
1740 853 1988 897 religiosorum

225 910 261 943 in
280 910 379 944 curia
402 909 624 943 versantium
649 909 758 943 animi
785 909 915 943 offendi
940 910 1107 953 poterant
1133 908 1250 953 capite
1276 908 1347 949 illo,
1375 908 1468 952 quod
1494 907 1537 942 de
1563 907 1665 942 bonis
1690 907 1988 941 monasteriorum

225 963 262 996 in
296 962 386 997 alios
421 974 508 996 usus
544 960 796 996 convertendis
831 965 927 1003 erat;
965 962 1025 1007 qui
1058 962 1165 996 facile
1199 962 1234 996 in
1271 973 1349 996 eam
1384 961 1511 995 adduci
1546 962 1711 1006 poterant
1736 960 1988 1006 suspicionem,

226 1015 381 1050 Iesuitas
407 1015 499 1049 bona
524 1015 587 1049 illa
613 1015 750 1049 venari.

346 1074 478 1109 Canisii
505 1074 649 1109 litterae
676 1086 755 1108 cum
782 1074 860 1118 ipso
887 1086 1028 1119 quoque
1053 1074 1335 1109 communicatae
1361 1075 1445 1108 sunt
1471 1072 1504 1107 S.
1532 1073 1596 1107 Pio
1616 1072 1679 1114 V.;
1706 1072 1767 1117 qui
1792 1072 1988 1115 mandavit,

224 1129 265 1162 ut
291 1128 436 1162 eaedem
470 1127 506 1161 in
532 1128 678 1162 brevem
705 1139 883 1162 summam
908 1128 1167 1172 redigerentur,
1203 1139 1272 1171 quo
1300 1126 1428 1161 melius
1463 1126 1507 1161 iis
1533 1127 1586 1160 uti
1621 1128 1754 1171 posset.
1805 1126 1861 1159 Ita
1895 1125 1989 1159 enim

225 1181 335 1215 habet
373 1182 410 1216 S.
437 1182 628 1215 Francisci
661 1183 818 1224 Boryiae
852 1181 1036 1226 *epistula
1072 1181 1251 1216 Gualdum
1289 1181 1333 1214 ad
1373 1179 1676 1215 Commendonum
1714 1179 1843 1213 missa:
1886 1178 1989 1221 „Illu—

226 1234 404 1269 strissimo
439 1237 475 1268 et
507 1234 821 1268 Reuerendissimo
846 1234 1057 1278 Monsignor
1090 1235 1126 1268 in
1153 1233 1297 1268 Christo
1324 1233 1656 1268 osseruandissimo.
1708 1231 1816 1266 Come
1850 1232 1899 1266 mi
1933 1243 1989 1266 co-

226 1288 430 1322 mandaua³
463 1299 527 1332 per
560 1299 627 1322 sua
660 1287 792 1322 lettera
826 1287 861 1322 di
887 1289 955 1323 .16.
983 1288 1040 1322 del
1066 1289 1212 1333 passato
1238 1286 1281 1321 V.
1309 1286 1343 1321 S.
1369 1286 1622 1320 Illustrissima
1655 1285 1686 1320 si
1721 1288 1739 1319 e
1766 1285 1991 1320 comunicato

227 1352 292 1375 con
318 1341 360 1376 N.
388 1340 538 1384 Signore
565 1344 698 1385 quanto
734 1341 852 1376 scriue
886 1341 911 1375 il
938 1340 1066 1375 Dottor
1093 1340 1245 1381 Canisio,
1282 1342 1316 1374 et
1352 1339 1492 1374 ricorda
1517 1339 1613 1373 nella
1639 1350 1704 1373 sua
1729 1338 1858 1372 lettera
1883 1338 1926 1373 V.
1954 1338 1989 1373 S.

227 1394 478 1428 Illustrissima
504 1396 606 1429 tanto
633 1394 689 1428 del
715 1394 910 1439 particolar
935 1394 1084 1437 negocio
1110 1394 1152 1428 de
1172 1393 1382 1437 Argentina,
1410 1395 1545 1437 quanto
1571 1392 1628 1426 del
1654 1391 1801 1435 general
1828 1391 1883 1425 del
1910 1403 1990 1426 con-

226 1459 372 1482 seruare
399 1448 424 1482 11
442 1447 636 1482 Vescouati
663 1449 699 1482 et
725 1447 934 1493 Monasterij
962 1447 997 1481 di
1024 1447 1226 1488 Germania,
1254 1449 1290 1481 et
1315 1446 1415 1480 uolse
1441 1446 1475 1480 S.
1503 1446 1643 1481 Santita
1669 1457 1707 1480 se
1734 1445 1758 1479 li
1785 1445 1917 1479 facessi
1941 1456 1990 1479 un

227 1501 435 1546 compendio
471 1501 551 1535 dela
585 1501 715 1535 lettera
750 1501 807 1535 del
832 1500 949 1535 Padre
977 1500 1130 1541 Canisio,
1166 1500 1270 1534 credo
1305 1512 1368 1545 per
1393 1499 1598 1534 considerar
1624 1498 1754 1542 meglio
1780 1497 1898 1543 quello
1924 1497 1992 1532 0110

227 1555 265 1589 111
290 1566 372 1589 essa
398 1555 429 1589 si
455 1556 630 1596 contiene,
666 1557 702 1588 et
727 1566 831 1599 spero
858 1554 923 1589 che
958 1554 994 1589 al
1018 1557 1138 1600 tempo
1164 1553 1258 1588 della
1284 1553 1498 1594 esecutione‚
1537 1552 1708 1597 potrebbe
1733 1551 1888 1586 trouarsi
1912 1563 1990 1596 pre·

230 1611 341 1650 sente,
369 1608 412 1643 V.
440 1608 474 1642 S.
502 1608 753 1642 illustrissima
778 1610 814 1641 et
840 1619 904 1642 con
930 1607 955 1641 li
982 1607 1078 1641 soliti
1104 1608 1182 1642 suoi
1209 1607 1316 1651 officij
1345 1606 1379 1641 di
1406 1606 1554 1647 charita,
1582 1606 1699 1640 aiutar
1726 1607 1853 1649 questa
1880 1616 1988 1650 opera

231 1662 296 1696 che
322 1674 407 1707 pare
434 1662 530 1696 assai
565 1662 782 1706 importante
818 1661 851 1695 al
878 1661 946 1695 ben
971 1660 1199 1702 uniuersiale,
1236 1661 1269 1694 di
1296 1659 1414 1704 quelle
1440 1660 1640 1699 Prouincie,
1666 1659 1712 1692 Jn
1738 1661 1866 1702 questo
1892 1669 1991 1692 mezo

229 1717 331 1750 tanto
357 1716 390 1749 io
417 1717 550 1759 quanto
577 1715 627 1758 gli
653 1715 734 1749 altri
761 1715 846 1748 tutti
873 1715 939 1748 che
965 1716 1025 1758 (1111
1051 1714 1083 1748 01
1109 1713 1294 1754 trouiamo,
1323 1716 1358 1747 et
1383 1712 1640 1758 specialmente
1666 1711 1776 1756 quelli
1802 1711 1867 1746 che
1885 1710 1928 1746 V.
1956 1711 1990 1746 S.

228 1768 480 1803 Illustrissima
505 1768 536 1802 si
563 1768 680 1811 degna
705 1768 842 1802 salutar
860 1767 1081 1809 nominatim,
1107 1767 1340 1801 humilmente
1359 1766 1390 1800 ci
1408 1766 1716 1800 raccomandiamo
1743 1767 1778 1798 et
1795 1764 1993 1810 preghamo

228 1822 335 1856 Jddio
361 1821 403 1856 N.
432 1821 582 1866 Signore
608 1821 735 1865 guardi
770 1824 806 1855 et
831 1821 993 1866 prosperi
1019 1820 1063 1854 V.
1090 1820 1125 1855 S.
1152 1820 1402 1854 Illustrissima
1438 1822 1473 1853 et
1499 1818 1813 1852 Reuerendissima
1839 1830 1905 1852 con
1931 1829 1990 1852 au-

228 1878 348 1909 mento
383 1875 426 1909 de
452 1875 535 1918 ogni
560 1874 678 1918 gratia
712 1886 775 1919 per
800 1874 826 1908 il
851 1874 919 1908 ben
946 1874 980 1907 di
1007 1872 1078 1907 Sua
1105 1873 1214 1907 Santa
1242 1872 1380 1907 Chiesa.
1432 1872 1475 1905 Di
1501 1872 1614 1906 Roma
1647 1871 1673 1904 li
1699 1873 1731 1905 5.
1759 1871 1793 1905 di
1825 1871 1990 1906 settemb.

232 1929 342 1964 1567“
375 1928 437 1971 (ex
462 1940 585 1973 apogr.
613 1928 724 1962 eiusd.
751 1930 881 1972 temp.;
911 1927 1021 1971 „Epp.
1048 1927 1090 1960 It.
1119 1926 1284 1971 [Praepp.
1313 1925 1441 1969 Genu]
1470 1925 1722 1960 1567—1569“
1753 1925 1777 1958 f.
1798 1924 1871 1967 12).

349 1987 449 2030 Quod
484 1987 528 2021 ad
555 1987 743 2021 Erasmum
782 1998 802 2020 a
827 1985 1000 2028 Limburg
1027 1985 1168 2026 attinet,
1203 1984 1272 2026 1110,
1309 1983 1512 2018 coadiutore
1538 1996 1607 2017 non
1634 1985 1792 2028 accepto,
1818 1982 1993 2018 Tabernis

229 2044 384 2076 exeunte
409 2052 456 2075 m.
481 2039 676 2074 Novembri
697 2040 786 2074 1568
813 2042 975 2073 mortuus
1001 2041 1066 2072 est.
1117 2039 1157 2072 In
1183 2037 1357 2072 electione
1375 2037 1606 2080 Argentorati
1633 2037 1689 2071 26.
1716 2036 1872 2070 Ianuarii
1901 2036 1991 2071 1569

230 2094 354 2129 habita
388 2093 629 2128 Reichardum
663 2092 869 2127 Palatinum
904 2104 925 2126 a
961 2091 1138 2126 Simmern
1173 2091 1346 2125 ecclesiae
1381 2090 1599 2124 cathedralis
1638 2089 1892 2134 praepositum,
1928 2089 1989 2133 qui

229 2147 565 2192 protestantismum
600 2146 719 2192 palam
757 2145 1003 2190 profitebatur,
1039 2145 1128 2179 vicit
1153 2144 1303 2178 Ioannes
1339 2155 1359 2177 a
1384 2143 1657 2178 Manderscheid
1684 2142 1895 2183 canonicus;
1931 2142 1991 2186 qui

231 2203 265 2234 et
291 2201 369 2246 ipse
395 2200 538 2244 quidem
565 2201 755 2244 suspectus
782 2201 869 2239 erat,
907 2198 970 2232 sed
997 2200 1133 2243 postea,
1168 2209 1188 2231 a
1214 2197 1278 2231 Pio
1296 2197 1339 2230 V.
1367 2196 1609 2237 confirmatus,
1635 2195 1741 2229 valde
1776 2194 1991 2229 catholicum

230 2265 270 2287 se
295 2253 460 2298 praebuit
488 2254 524 2286 et
552 2252 599 2296 (a.
621 2252 726 2295 1581)
757 2251 948 2286 Societatis
974 2251 1055 2285 Iesu
1082 2250 1272 2294 collegium
1298 2249 1501 2284 Molshemii
1528 2248 1686 2283 condidit
1714 2249 1750 2290 (†
1769 2248 1889 2291 1592).
1940 2247 1992 2281 De

230 2306 380 2341 Erasmo
403 2318 424 2340 a
442 2306 613 2349 Limburg
638 2305 677 2340 P.
697 2306 929 2339 Hermannus
952 2305 1135 2348 Thyraeus
1153 2303 1243 2345 S.J.,
1271 2305 1389 2337 rector
1415 2302 1557 2345 collegii
1583 2302 1813 2343 treverensis,
1839 2300 1994 2336 Schone-

230 2360 343 2403 berga
369 2360 424 2394 15.
444 2359 600 2403 Augusti
623 2359 711 2393 1567
738 2358 779 2392 Ρ.
806 2357 929 2391 Ioanni
956 2357 999 2391 de
1024 2356 1180 2391 Polanco
1205 2355 1398 2401 *scripsit:
1431 2355 1649 2400 „Episcopus
1674 2353 1993 2397 Argentoratensis

232 2412 430 2447 Concilium
442 2412 691 2446 Tridentinum
716 2411 901 2456 praecepit
926 2410 969 2444 ab
997 2410 1161 2444 omnibus
1186 2410 1222 2443 in
1248 2410 1323 2444 suis
1341 2408 1516 2454 Ecclesijs
1542 2408 1735 2447 obseruari,
1761 2407 1868 2450 idque
1893 2418 1992 2441 man-

232 2466 315 2500 dato
342 2466 528 2510 impresso
554 2464 748 2510 Displicuit
772 2464 840 2498 1100
865 2464 1002 2498 factum
1027 2463 1152 2497 multis
1178 2463 1287 2497 etiam
1306 2462 1512 2502 Catholicis,
1538 2472 1663 2495 verum
1690 2460 1761 2494 illis
1787 2460 1847 2504 qui
1873 2459 1993 2504 potius

232 2520 382 2564 cupiunt
407 2519 476 2553 dici
502 2530 610 2562 quam
637 2529 716 2552 esse
744 2517 920 2557 catholici,
947 2516 1017 2550 imo
1043 2516 1104 2560 qui
1123 2516 1249 2550 volunt
1275 2518 1311 2550 et
1336 2517 1535 2560 sequuntur
1561 2513 1798 2548 hereticorum
1816 2512 1930 2546 vitam
1956 2515 1992 2546 et

230 2572 446 2611 libertatem,
473 2574 509 2605 et
534 2574 657 2605 tamen
683 2570 950 2605 Ecclesiasticis
977 2569 1078 2603 bonis
1104 2569 1281 2613 saginari“
1307 2568 1369 2611 (ex
1387 2571 1537 2611 autogr„
1560 2566 1622 2610 „G.
1640 2566 1706 2610 Ep.
1727 2566 1830 2599 V111“
1850 2566 1876 2600 f.
1895 2566 1990 2608 96¹²).

233 2625 331 2667 Quae
357 2624 498 2659 concilii
525 2624 777 2670 promulgatio,
803 2626 997 2667 antequam
1016 2623 1182 2657 Canisius
1193 2622 1377 2656 Tabernas
1394 2621 1565 2662 venisset,
1590 2620 1688 2654 facta
1707 2631 1787 2653 esse
1808 2619 1855 2663 (9.
1870 2618 1995 2652 Martii

236 2678 342 2721 1567)
369 2678 514 2712 videtur
543 2677 728 2721 (Gwckler
752 2677 775 2711 1.
803 2688 832 2710 0.
859 2676 875 2709 Ι
900 2676 1001 2720 410).

351 2737 483 2771 Scribit
507 2738 623 2770 Boero
650 2735 687 2780 (l.
716 2747 745 2769 0.
774 2735 896 2779 [11110111
923 2737 1123 2779 sequuntur
1152 2736 1288 2768 Gru-cla
1313 2733 1337 2768 l.
1365 2745 1395 2768 c.
1422 2733 1489 2767 263
1517 2734 1553 2766 et
1579 2733 1658 2766 Alet
1683 2730 1706 2765 l.
1726 2743 1754 2766 0.
1782 2730 1895 2774 220]),
1921 2729 1993 2775 epi—

234 2801 340 2834 scopo
367 2802 431 2834 per
445 2790 638 2831 Canisium,
665 2791 706 2823 ut
731 2788 863 2822 divinis
890 2788 1020 2822 officiis
1045 2799 1109 2832 per
1127 2787 1261 2820 clerum
1281 2787 1610 2829 argentoratensem
1630 2783 1854 2818 celebrandis
1873 2785 1994 2817 certus

234 2843 480 2885 assignaretur
504 2842 604 2876 locus
629 2853 720 2875 neve
745 2852 870 2875 sacrae
897 2840 1132 2875 caerimoniae
1158 2851 1304 2884 prorsus
1323 2838 1653 2878 intermitterentur,
1681 2837 1842 2880 graviter
1859 2836 1993 2870 monito

235 2895 368 2938 aliquid
394 2895 523 2929 saltem
547 2894 696 2929 remedii
721 2894 815 2928 malo
841 2894 895 2927 illi
920 2893 1120 2927 adhibitum
1146 2904 1244 2931 esse;
1272 2903 1387 2936 neque
1414 2903 1498 2925 vero
1521 2890 1627 2924 huius
1652 2889 1800 2923 remedii
1827 2888 1991 2932 equidem

234 2948 309 2980 vidi
326 2948 532 2991 vestigium.
560 2947 728 2981 Canonici
746 2949 868 2981 tamen
886 2946 1112 2980 cathedrales
1130 2957 1160 2980 a.
1179 2945 1269 2979 1586
1288 2945 1560 2983 constituerunt,
1586 2954 1630 2976 110
1649 2943 1729 2986 quis
1747 2943 1783 2976 in
1809 2944 1991 2986 posterum

235 3000 278 3033 ad
298 3000 491 3044 capitulum
512 3000 773 3041 admitteretur,
801 3002 992 3043 antequam
1011 2999 1094 3033 fidei
1119 2998 1377 3043 professionem
1403 2995 1635 3031 tridentinam
1661 2997 1885 3029 sacramento
1912 3005 1991 3028 con-

234 3051 415 3086 firmasset
436 3053 585 3095 (szcller
609 3053 631 3087 1.
652 3065 681 3087 0.
699 3053 778 3096 11);
807 3055 843 3086 at
861 3052 933 3086 iam
952 3052 1020 3086 duo
1039 3051 1141 3095 quasi
1160 3051 1353 3085 exstabant
1371 3049 1539 3094 capitula,
1566 3048 1718 3082 alterum
1743 3048 1858 3082 maius
1884 3047 1994 3090 idque

235 3104 462 3145 catholicum,
488 3105 641 3139 alterum
668 3106 784 3139 minus
810 3106 916 3149 idque
943 3107 1159 3150 protestans.

354 3198 381 3228 a)
402 3198 437 3221 In
457 3206 555 3228 apogr.
575 3201 736 3229 sequuntur
758 3206 797 3222 ιϊ.
817 3199 846 3223 V.
867 3199 904 3229 S„
924 3206 942 3222 (ι
962 3198 1027 3222 libr.
1048 3198 1222 3222 oblitterata.
