2045 3471
460 193 554 227 Mon.
574 193 642 227 667
669 191 747 227 sive
773 203 855 235 aug.
877 192 911 234 (Ῐο
929 192 979 235 3).
1024 191 1127 226 Initio
1154 203 1200 225 m.
1219 191 1321 225 Febr.
1343 190 1444 225 1566.
1749 183 1832 230 575

71 313 287 347 commendat
297 325 310 353 ,·
336 313 488 345 maxime
513 316 629 344 (uitem
652 310 835 344 Canisinm
860 311 986 342 laudat
1012 315 1039 342 et
1063 310 1371 352 Commendonnm,
1400 313 1435 341 ut
1462 310 1536 341 eius
1562 318 1671 351 opera
1700 310 1833 348 utatur,

71 366 244 399 admonet.

193 437 441 479 Cardinalis
455 437 632 478 Marcus
645 436 858 477 Antonius
870 436 1082 487 Amulius,
1104 435 1316 488 episcopus
1336 435 1538 486 reatinus,
1558 432 1617 473 acl
1633 432 1836 473 Ioannem

72 502 350 543 Franciscum
373 502 634 543 cardinalem
660 500 1026 552 Commendonum,
1057 500 1180 553 [090ίί
1198 499 1405 553 pontificii
1426 512 1598 539 munere
1621 497 1837 551 Auyustae

76 567 382 608 Vindelicormn
409 568 451 608 iu
474 567 650 607 comitiis
672 566 842 620 imperii
871 564 997 618 furzyi
1031 578 1055 604 (ι
1079 564 1122 605 S.
1146 563 1224 604 Pio
1248 563 1291 605 V.
1328 564 1502 616 iussum,
1536 562 1671 603 Roma
1694 562 1735 602 2.
1759 559 1801 601 F
1799 574 1835 600 e-

73 632 241 673 bruarii
274 634 389 674 1566
428 633 591 673 litteras
632 631 761 682 dedit,
804 629 954 684 quibus
999 642 1087 669 eum
1134 630 1192 669 ita
1234 628 1422 670 monebat
1465 627 1514 668 de
1546 626 1634 667 PP.
1667 625 1835 675 Natale,

72 696 294 750 Ledesma,
330 697 514 749 Canisio,
548 710 649 750 quos
675 694 874 750 pomifer
906 695 1037 748 leyccto
1070 693 1271 747 theoloqos
1304 693 1585 734 adiunxerat:

191 761 351 802 Manda
383 762 504 802 costa
525 760 580 802 N.
605 759 788 813 Signore
809 759 838 800 il
862 758 1001 800 Padre
1023 757 1198 807 Natale,
1233 761 1276 798 et
1299 769 1551 810 compagno,
1586 755 1667 796 del’
1687 753 1836 796 ordine

74 824 126 866 de
157 824 306 867 Iesuiti
339 839 416 879 per
438 838 618 879 operare
644 824 785 877 quello
809 824 887 865 che
920 824 1047 877 potra
1079 822 1219 864 uscire
1242 822 1295 863 da
1317 821 1422 868 loro,
1457 835 1510 862 ne
1542 820 1695 873 negoci
1721 818 1836 860 della

73 889 203 940 dieta,
245 890 288 931 in
321 890 504 932 seruicio
538 890 579 931 di
612 890 706 939 Dio,
750 892 794 931 et
827 888 868 930 di
901 890 1056 941 questa
1088 901 1130 928 s:
1165 886 1266 928 sede
1299 885 1551 940 apostolica,
1594 888 1639 927 et
1678 883 1836 938 perche

75 954 126 997 V.
152 954 192 997 S.
226 955 525 997 Illustrissima
558 956 580 996 e
611 968 689 1008 per
722 967 952 995 conoscere
984 954 1130 1006 presto
1165 952 1280 993 dalla
1312 950 1492 1005 pratica,
1527 954 1570 993 et
1603 949 1687 991 dal’
1706 961 1835 1003 opere

72 1019 179 1070 loro,
212 1019 255 1062 la
287 1020 432 1070 bonta,
466 1020 508 1061 la
541 1019 671 1073 pieta,
706 1021 750 1060 et
780 1019 811 1060 il
843 1032 927 1059 non
950 1017 1165 1059 mediocre
1187 1030 1263 1058 suo
1287 1016 1447 1066 ualore,
1480 1015 1521 1057 io
1553 1028 1639 1056 non
1670 1014 1711 1055 10
1743 1013 1834 1054 diro

74 1084 201 1134 altro,
243 1099 289 1126 se
330 1099 414 1126 non
456 1085 533 1126 che
574 1098 621 1126 se
663 1085 770 1125 bene
802 1086 986 1137 portano
1019 1081 1300 1124 instruttione
1333 1081 1375 1122 di
1407 1094 1504 1133 qua,
1546 1079 1689 1121 hanno
1730 1091 1834 1132 pero

74 1148 236 1191 anchor
267 1149 416 1192 ordine
449 1150 490 1191 di
522 1163 606 1191 non
639 1149 732 1191 fare
765 1163 810 1190 se
842 1162 927 1190 non
961 1150 1123 1201 quanto
1157 1146 1207 1189 V.
1239 1146 1280 1189 S.
1314 1145 1613 1188 Illustrissima
1643 1143 1836 1185 iudicare.

75 1214 336 1268 espediente,
371 1215 413 1257 al
438 1215 594 1256 iudicio
617 1214 730 1256 della
753 1214 879 1267 quale
901 1214 936 1255 si
959 1213 1155 1267 ripporta
1176 1212 1205 1253 il
1227 1214 1343 1254 tutto
1361 1213 1395 1252 ¹:
1430 1209 1625 1264 capitam
1647 1208 1838 1250 anchora

74 1279 117 1320 in
150 1280 351 1333 Augusta
382 1280 411 1321 il
444 1280 489 1322 P.
516 1279 698 1328 Canisio,
732 1282 758 1321 0
789 1279 945 1321 iudicio
978 1277 1076 1328 mio,
1111 1276 1226 1319 assai
1258 1277 1366 1318 bene
1399 1275 1646 1317 conosciuto
1680 1275 1735 1315 da
1765 1272 1835 1322 lei,

74 1358 152 1398 per
183 1344 224 1386 10
255 1359 354 1387 rare
386 1345 552 1398 qualita
584 1345 697 1386 della
729 1345 875 1392 bonta,
914 1347 958 1385 et
991 1343 1106 1384 uirtu
1138 1356 1238 1390 sua,
1283 1341 1313 1382 il
1346 1340 1472 1394 quale
1505 1339 1687 1381 essendo
1720 1339 1837 1381 stato

75 1409 268 1463 espedito
300 1410 331 1451 li
363 1409 468 1451 mesi
490 1410 656 1463 passati
680 1410 735 1451 da
758 1409 832 1451 Pio
855 1409 960 1451 ΠΜ.
984 1408 1048 1450 fe:
1083 1421 1172 1449 me:
1206 1420 1282 1460 per
1304 1405 1454 1459 negoci
1484 1405 1599 1447 della
1630 1404 1838 1457 religione

75 1475 191 1517 nella
221 1475 452 1517 Germania
484 1475 700 1525 inferiore,
733 1474 839 1516 hora
872 1475 979 1515 deue
1012 1486 1155 1515 essere
1188 1473 1228 1513 di
1261 1472 1448 1519 ritorno;
1483 1469 1610 1512 credo
1643 1469 1721 1510 che
1754 1468 1838 1510 ella

75 1540 117 1582 10
150 1554 333 1582 00110000
366 1554 442 1595 per
463 1540 751 1584 instrumento
784 1540 917 1582 molto
950 1538 1070 1587 utile,
1104 1541 1148 1580 et
1181 1537 1258 1579 che
1291 1550 1420 1578 senza
1453 1536 1565 1577 altro
1599 1533 1740 1576 officio
1774 1533 1838 1574 sia

75 1619 153 1659 per
184 1606 408 1647 ualersene
439 1606 482 1647 111
515 1605 696 1647 00101010
730 1605 771 1646 (11
803 1608 959 1658 questa
990 1604 1091 1646 sede
1124 1601 1390 1656 Apostolica.

198 1686 364 1720 Amulius
397 1686 598 1725 Canisium,
637 1686 668 1720 si
702 1697 772 1720 non
806 1688 909 1725 ante,
949 1688 1046 1719 certe
1080 1685 1220 1718 aestate
1254 1694 1284 1716 0.
1316 1683 1404 1716 1565
1437 1681 1569 1715 Romae
1605 1681 1842 1723 cognoverat;

78 1751 111 1773 v.
148 1751 257 1784 supra
291 1751 323 1784 p.
351 1740 407 1774 97.
458 1740 510 1773 Ac
545 1739 712 1774 Canisius
747 1738 992 1784 superioribus
1026 1737 1211 1771 mensibus
1245 1736 1288 1769 de
1318 1735 1498 1779 legatione
1532 1732 1732 1779 pontificia,
1769 1743 1839 1776 qua

76 1793 170 1838 apud
198 1793 410 1828 Germaniae
437 1804 602 1837 proceres
628 1793 857 1836 fungebatur,
891 1793 934 1826 ad
962 1791 1145 1825 Amulium
1172 1789 1399 1834 compluries,
1434 1790 1475 1822 ut
1501 1787 1620 1821 iussus
1647 1789 1734 1826 erat,
1770 1788 1839 1819 ret-

76 1847 230 1887 tulerat;
266 1858 300 1880 v.
327 1858 435 1891 snpra
470 1859 502 1891 p.
532 1847 599 1881 130
636 1846 702 1880 134
742 1846 807 1879 1412
849 1845 925 1879 156.
977 1844 1031 1878 Ex
1068 1844 1123 1878 his
1149 1843 1262 1886 igitur
1287 1841 1422 1876 Amulii
1447 1840 1580 1874 litteris
1606 1838 1839 1882 intellegitur,

79 1900 260 1934 Canisium
286 1899 504 1942 legationem
531 1899 627 1933 illam
656 1900 707 1933 ita
733 1899 861 1939 obisse,
896 1901 936 1932 ut
972 1898 1091 1932 curiae
1117 1907 1285 1930 romanae
1312 1893 1574 1939 exspectationi
1600 1893 1838 1927 satisfaceret.

79 2010 185 2047 667
211 2012 289 2046 sive
316 2020 438 2056 aug.
459 2011 509 2056 (0
530 2009 605 2055 3).
679 2009 790 2046 Initio
817 2019 862 2045 m.
883 2008 1076 2044 Februarii
1103 2007 1196 2043 1566.

198 2082 252 2117 Ex
288 2082 505 2128 apographis
542 2082 702 2116 eiusdem
736 2081 919 2126 temporis.
973 2080 1056 2114 Cod.
1097 2078 1237 2122 „Germ
1274 2079 1338 2113 65“
1378 2078 1401 2112 f.
1430 2077 1491 2112 60b
1526 2076 1596 2110 78³².
1658 2073 1841 2119 Epistulas

83 2137 143 2179 (ex
170 2135 387 2180 archetypis,
414 2136 514 2181 puto)
545 2135 657 2169 edidit
687 2136 893 2179 Cyprianus
918 2134 939 2167 l.
968 2145 997 2168 0.
1024 2133 1212 2168 404—405
1239 2132 1439 2166 410-411.

199 2207 267 2240 PP.
305 2207 466 2249 Natalis,
502 2207 691 2249 Leclesma,
730 2207 899 2239 Canz’se'ecs
938 2206 973 2237 in
1010 2204 1162 2237 comitiis
1195 2204 1405 2247 aztyecstam's
1443 2201 1699 2235 Commendono
1730 2199 1840 2242 Zeyato

80 2270 223 2303 operam
251 2262 429 2293 navaturz'.
484 2260 695 2294 Cardinales
720 2259 787 2292 alii
813 2259 938 2291 ibidem
966 2258 1143 2299 adfecturi.
1199 2257 1341 2290 Canisii
1366 2257 1502 2299 Zeyatio.

199 2325 238 2357 P.
264 2325 417 2357 Ioannes
451 2325 492 2357 cle
524 2325 678 2358 Polccnco
709 2323 923 2356 secretarius
960 2322 1144 2355 Societatis
1170 2322 1250 2354 Iesu
1285 2320 1469 2353 cardinali
1503 2318 1685 2352 Sirenis-luo
1721 2317 1842 2356 Hosio,

82 2380 240 2422 episcopo
265 2377 467 2421 varmiensi,
502 2378 647 2420 scripsit
671 2378 786 2410 Roma
818 2378 850 2410 2.
877 2376 1076 2409 Februarii
1103 2376 1215 2408 1566:
1249 2373 1356 2407 Breui
1383 2372 1544 2406 discedet
1568 2371 1677 2404 Pater
1701 2368 1844 2403 Natalis

81 2442 161 2465 cum
188 2431 340 2464 Doctore
367 2430 542 2464 Ledesma
576 2432 616 2464 ut
650 2429 777 2463 Dietae
813 2428 1000 2473 Jmperiali
1027 2429 1213 2470 Augustae
1249 2426 1483 2460 celebrandae
1517 2427 1689 2467 tanquam
1721 2422 1841 2456 Ponti—

82 2484 158 2519 ficis
185 2482 358 2525 Theologi
384 2494 463 2516 cum
491 2482 599 2517 Patre
627 2482 768 2516 Canisio
804 2483 998 2522 assistant,
1034 2481 1092 2514 uel
1127 2480 1247 2525 potius
1273 2479 1409 2522 Legato
1436 2477 1686 2512 Comendonoa
1720 2476 1755 2509 in
1785 2475 1842 2509 his

82 2549 173 2582 quae
200 2537 244 2570 ad
270 2535 493 2579 Religionem
519 2536 699 2580 pertinent
729 2546 831 2569 suam
859 2535 1145 2578 qualemcunque
1180 2535 1314 2566 nauent
1349 2542 1503 2576 operam.
1555 2530 1732 2573 Sequetur
1759 2528 1841 2562 Car-

83 2590 212 2625 dinalis
250 2590 503 2632 Augustanus,
551 2588 656 2622 simul
696 2599 775 2622 cum
815 2587 995 2622 Cardinali
1036 2586 1242 2621 Mandrutio
1285 2588 1321 2619 et
1358 2584 1578 2628 Altaenips.“
1643 2584 1690 2616 Et
1727 2583 1841 2615 Roma

85 2647 115 2678 9.
143 2645 274 2678 Martie?
301 2645 414 2676 1566.-
440 2642 494 2675 Ad
521 2641 653 2676 dietam
680 2642 931 2685 Augustanani
951 2669 957 2674 .
979 2669 985 2674 .
1008 2669 1013 2674 .
1034 2640 1141 2674 etiam
1169 2651 1207 2673 se
1235 2638 1387 2672 contulit
1413 2638 1521 2671 Pater
1545 2635 1720 2676 Canisius,
1747 2638 1842 2680 post-

83 2708 188 2741 quam
217 2695 430 2730 Germaniae
457 2694 658 2740 Superioris
685 2697 721 2728 et
747 2694 938 2728 Jnferioris
975 2697 1010 2727 et
1045 2693 1153 2727 etiam
1180 2691 1434 2736 Vuesphaliae,
1471 2689 1651 2734 praelatos
1682 2699 1722 2723 ac
1749 2689 1841 2733 prin—

82 2750 190 2795 cipes,
224 2749 364 2783 nomine
392 2747 550 2782 defuncti
577 2747 764 2782 Pontificis
789 2747 844 2792 Pij
872 2747 925 2781 ,41.
952 2746 1147 2785 inuisisset,
1183 2748 1219 2778 et
1249 2745 1291 2777 de
1324 2744 1396 2788 ijsb
1429 2755 1520 2787 qnae
1547 2743 1590 2776 ad
1618 2741 1841 2785 Religionem

83 2802 296 2837 catholicam
323 2801 512 2846 pertinent,
540 2812 619 2835 cum
647 2801 698 2834 eis
724 2811 792 2834 non
818 2800 895 2834 sine
923 2800 1041 2833 fructu
1070 2799 1215 2842 egisset.

203 2855 301 2897 Quod
338 2854 515 2888 Polancus
550 2853 693 2894 scribit,
730 2864 809 2887 cum
845 2852 1016 2886 cardinali
1043 2851 1243 2885 ‘l'ruchsess
1278 2850 1390 2883 Roma
1426 2850 1469 2883 ad
1505 2848 1648 2883 comitia
1683 2848 1842 2882 abituros

85 2920 164 2948 esse
191 2909 299 2943 etiam
318 2907 519 2942 cardinales
537 2907 757 2941 Madrutium
777 2909 812 2940 et
830 2906 1037 2949 Altaemps:
1066 2906 1208 2938 constat
1233 2915 1330 2942 sane,
1353 2904 1405 2937 16.
1424 2902 1509 2936 Maii
1533 2902 1621 2936 1566
1640 2902 1843 2944 Augustam

84 2962 128 2996 ad
155 2961 299 2996 comitia
324 2961 468 2995 venisse
494 2960 655 2994 Marcum
682 2959 848 2994 sitticum
876 2957 1094 2992 cardinalem
1121 2957 1164 2991 ab
1192 2956 1407 2996 Hohenems,
1444 2955 1649 3000 episcopum
1680 2956 1842 2988 constan-

84 3015 236 3050 tiensem
258 3015 399 3058 (Tm-ba
427 3014 447 3047 l.
468 3025 496 3048 c.
517 3014 566 3047 ΙΙΙ
585 3013 706 3056 319⁴);
734 3023 850 3056 neque
876 3014 997 3045 tamen
1019 3010 1227 3044 interfuisse
1246 3009 1412 3043 videntur
1430 3020 1545 3053 neque
1564 3007 1843 3052 Christophorus

204 3087 232 3115 a>
253 3084 376 3109 Cori-exi
395 3092 431 3108 ea:
453 3082 650 3113 Comendoni,
669 3083 743 3114 quod
763 3085 804 3107 est
827 3082 854 3106 ιἰι
875 3089 990 3113 apoyr.;
1012 3079 1237 3105 Commendono
1259 3082 1344 3111 cypr.
1419 3078 1448 3109 b)
1470 3078 1517 3103 liis
1539 3081 1624 3110 ‘'ypr.

206 3179 218 3199 ¹
243 3179 333 3213 Vide
359 3190 468 3224 supra
494 3190 527 3223 p.
548 3176 744 3212 185—187.
