2045 3471
409 203 503 237 Mon.
523 203 591 237 744
616 203 695 237 sive
721 215 832 247 germ.
852 203 874 237 l.
897 203 986 247 (19).
1025 203 1082 239 25.
1100 203 1291 238 Now—4.
1312 203 1394 238 Dec.
1415 203 1517 238 1565.
1762 207 1845 247 (565

84 320 266 363 temoigna
292 320 527 355 l'inclination
554 321 640 365 qu’il
667 322 766 356 avoit
792 322 851 366 d’y
877 323 990 363 vivre,
1027 325 1063 355 et
1094 322 1154 366 d'y
1181 322 1348 365 soulager
1375 322 1407 356 13
1434 322 1563 356 misere
1591 322 1653 356 des
1680 333 1846 366 pauvres,

85 373 176 408 ainsi
202 385 272 417 que
294 374 331 418 je
357 374 390 408 le
417 387 482 409 vas
509 376 692 409 raconter“
724 377 790 409 etc.
831 375 966 409 Deinde
985 375 1156 420 Dorigny,
1184 387 1275 419 quae
1302 375 1337 409 in
1364 376 1629 409 valetudinario
1656 374 1716 409 illo
1743 378 1846 418 gesta

83 427 165 468 sint,
192 429 326 466 narrat,
354 429 391 461 et
407 427 496 462 haec
514 428 633 462 addit:
665 427 789 469 „Enfin
808 430 907 462 toute
927 431 1021 462 cette
1039 428 1125 462 Fere
1150 430 1207 462 fut
1232 429 1405 462 termine'e
1431 439 1496 473 par
1522 440 1591 462 une
1610 428 1845 462 Exhortation

84 480 118 514 la
145 480 225 524 plus
251 480 354 518 forte,
383 483 419 514 et
445 481 478 514 13
505 481 585 525 plus
612 481 816 522 toncliante,
845 482 934 515 dans
959 481 1115 525 laquelle
1141 481 1165 515 il
1192 482 1339 527 conjura
1365 484 1446 516 tous
1473 493 1532 515 ses
1558 481 1709 526 proches
1736 481 1846 515 d'etre

83 532 208 567 fideles
233 535 254 567 a
279 533 380 574 Dieu‚
414 536 450 567 et
476 536 495 567 a
522 534 599 567 leur
625 533 800 576 Religion,
837 534 879 567 de
905 535 1000 568 tenir
1026 535 1137 568 ferme
1164 538 1287 568 contre
1314 534 1366 568 les
1393 537 1626 576 nouveautez,
1663 536 1699 568 et
1733 535 1775 567 de
1803 545 1846 567 ne

83 597 122 620 se
148 586 248 631 point
272 586 401 621 laisser
427 589 606 630 emport-er
632 589 652 620 a
679 599 718 621 ce
745 587 980 621 malheureux
1006 589 1155 629 torrent,
1192 588 1252 631 qui
1283 588 1382 621 avoit
1408 589 1544 631 ravage
1569 589 1649 621 tant
1676 588 1718 621 de
1745 598 1846 631 pays,

83 641 118 673 et
144 639 204 683 qui
229 640 410 684 menacait
436 639 517 685 deja
542 640 620 673 leur
646 640 843 674 Province:
869 640 1108 685 l'impression
1135 641 1220 684 qn'il
1248 641 1358 674 laissa
1384 641 1500 685 par-la
1527 641 1616 674 dans
1642 643 1723 674 tous
1749 640 1846 674 leurs

83 704 227 733 coeurs,
264 693 319 727 fut
352 693 384 727 si
419 693 521 733 vive,
558 705 626 736 que
663 695 763 734 tous,
800 705 840 726 en
877 693 1002 727 levant
1036 693 1070 727 13
1100 694 1215 734 1113111,
1252 694 1313 738 luy
1341 694 1537 738 promirent
1563 705 1651 728 avec
1677 696 1846 734 serment,

82 746 125 780 de
151 746 287 790 quitter
311 746 429 790 plutot
455 746 491 780 la
517 747 584 786 vie,
622 758 690 790 que
720 746 754 780 la
781 746 944 789 Religion
972 747 1015 780 de
1041 747 1137 781 leurs
1164 748 1288 791 peres“
1322 746 1359 789 (l.
1387 759 1416 781 c.
1444 747 1659 789 256—258).
1711 746 1845 780 Verum

81 800 278 833 orationem
313 799 411 833 illam
439 811 459 833 a
487 799 629 833 Canisio
656 799 691 833 in
718 799 980 833 valetudinario
1006 800 1165 834 habitam
1204 802 1239 833 et
1276 812 1462 834 commune
1497 800 1742 834 iusiurandum
1770 811 1846 844 pro-

81 853 296 897 pinquorum
331 853 367 886 in
402 852 573 894 fontibus,
610 864 698 896 quos
734 852 847 897 posui,
883 853 1019 887 frustra
1055 865 1225 897 quaeres:
1263 853 1477 896 ignorabant
1506 853 1595 887 haec
1622 855 1657 886 et
1683 854 1849 887 Rada-ns

85 905 186 949 (Can.
214 905 432 950 223—224),
467 906 528 950 qui
563 917 594 940 a.
625 906 724 946 1614,
762 908 798 940 et
824 907 1022 940 Sacchinus
1055 906 1156 949 (Can.
1185 907 1401 948 221—223),
1438 906 1498 950 qui
1534 918 1564 941 a.
1595 907 1684 941 1616
1712 906 1847 940 Canisii

80 959 312 1004 biographias
331 959 537 1003 vulgarunt.
572 959 796 1004 Propinquos
822 959 1034 1002 singillatim
1061 960 1190 994 dextra
1217 960 1301 994 data
1326 960 1377 994 ita
1403 960 1541 994 iurasse
1567 959 1679 993 refert
1706 971 1736 993 a.
1755 959 1844 993 1642

81 1013 208 1046 Petrus
233 1014 461 1046 d’Ovcreman
491 1012 528 1054 (l.
556 1024 584 1046 c.
613 1011 737 1056 [supra
763 1024 796 1056 p.
818 1012 899 1056 178]
928 1013 1000 1056 71).

198 1067 325 1099 Petrus
352 1067 499 1110 Python,
536 1077 615 1099 cum
643 1065 805 1108 Dorignii
833 1065 962 1099 librum
990 1078 1020 1100 3.
1043 1066 1133 1100 1710
1164 1066 1363 1107 „latinitate
1390 1067 1559 1100 donatum
1588 1067 1623 1099 et
1649 1065 1844 1099 multarum

80 1131 200 1153 rerum
227 1119 431 1153 accessione
457 1120 622 1153 3110111111“
653 1118 832 1160 vulgaret,
868 1119 1030 1162 Dorignii
1067 1119 1289 1153 dubitatione
1316 1119 1459 1154 sublata
1485 1119 1573 1152 11300
1599 1119 1844 1153 asseveravit:

84 1172 299 1217 „Propinqui
326 1172 490 1206 certatim
518 1184 597 1206 eum
627 1170 662 1215 [i.
679 1184 707 1205 e.
725 1171 920 1216 Canisium]
941 1172 985 1206 ad
1004 1183 1043 1206 se
1063 1172 1241 1206 divertere
1260 1172 1440 1206 volebant.
1467 1171 1580 1206 Litem
1601 1172 1842 1216 dirempturus

79 1225 213 1260 nullius
238 1227 374 1259 tectum
402 1225 522 1266 subiit,
549 1237 593 1258 ne
620 1225 701 1269 quis
727 1236 765 1258 se
789 1226 1024 1269 praeteritum
1044 1225 1213 1269 conqueri
1231 1228 1364 1270 posset,
1390 1225 1533 1270 publica
1550 1225 1721 1270 hospitali
1740 1225 1842 1259 domo

79 1291 143 1323 pro
170 1279 367 1313 diversorio
395 1279 503 1312 usus“
537 1278 575 1321 (l.
604 1290 633 1312 0.
660 1277 759 1320 222).

198 1332 251 1366 Νο
276 1332 365 1366 11300
391 1332 535 1375 quidem
561 1331 651 1365 satis
678 1332 781 1364 erant
807 1332 952 1374 Ioseplzo
978 1333 1116 1374 Boer0;
1149 1332 1209 1375 qui
1240 1343 1314 1365 rem
1341 1332 1391 1366 ita
1418 1331 1518 1365 auxit
1545 1334 1653 1375 atque
1679 1331 1841 1365 ornavit:

83 1385 149 1428 „Al
174 1386 288 1430 primo
315 1397 379 1419 suo
406 1385 608 1428 giungervi.
641 1387 738 1418 tutta
763 1384 798 1418 la
825 1385 913 1418 citta
939 1384 978 1418 fu
1004 1385 1038 1418 in
1066 1387 1161 1419 moto
1188 1385 1222 1419 di
1248 1385 1342 1419 festa
1369 1397 1387 1418 e
1414 1385 1449 1418 in
1475 1384 1682 1418 bollimento
1709 1384 1840 1418 (13110-

79 1450 207 1482 grezza
233 1451 252 1473 e
278 1438 312 1472 di
340 1438 536 1472 esultanza.
587 1438 602 1471 Ι
628 1438 801 1481 reggitori
829 1437 887 1471 del
913 1438 1090 1482 pubblico.
1127 1438 1362 1481 avvegnache
1397 1449 1466 1471 non
1492 1437 1630 1471 fossero
1656 1437 1740 1471 tutti
1768 1439 1841 1471 cat-

78 1492 189 1532 tolici,
223 1491 472 1534 mandarongli
499 1502 570 1524 una
596 1490 742 1524 solenne
769 1490 991 1524 ambasciata
1026 1502 1090 1535 per
1125 1491 1300 1525 salutarlo
1327 1503 1345 1524 e
1372 1489 1545 1533 offerirgli
1571 1502 1616 1524 un
1644 1490 1738 1524 ricco
1766 1502 1841 1534 pre-

79 1547 191 1585 sente,
219 1545 272 1579 ch'
288 1544 358 1588 egli
385 1546 671 1578 costantemente
697 1544 816 1578 ricuso
836 1571 842 1578 .
864 1570 870 1577 .
891 1570 899 1578 .
926 1544 979 1578 Ito
999 1555 1018 1577 3
1037 1544 1185 1578 rendere
1204 1543 1369 1588 ossequio
1396 1544 1430 1577 al
1450 1544 1580 1578 Senato
1600 1555 1617 1576 0
1636 1544 1667 1577 31
1689 1542 1841 1584 Consoli,

79 1598 144 1633 che
170 1599 256 1632 tutti
282 1598 312 1632 si
340 1609 447 1632 erano
474 1597 620 1631 adunati
638 1597 697 1631 nel
715 1597 857 1641 palagio
876 1597 970 1631 della
988 1596 1163 1640 Signoria,
1191 1598 1424 1632 raccomando
1451 1597 1525 1631 loro
1553 1608 1616 1630 con
1644 1596 1842 1640 apostolica

78 1652 208 1687 liberta
235 1651 270 1686 di
295 1663 532 1697 promuovere
558 1663 624 1684 con
651 1650 733 1693 ogni
762 1650 939 1684 industria
965 1650 1012 1694 gl’
1028 1651 1194 1685 interessi
1214 1650 1308 1685 della
1326 1650 1499 1694 religione
1517 1649 1685 1684 cattolica
1705 1661 1723 1682 e
1741 1653 1842 1683 tener

78 1706 179 1749 lungi
206 1705 302 1739 dalla
327 1705 446 1750 patria
471 1704 496 1738 il
524 1704 690 1747 contagio
718 1704 799 1737 dell’
816 1704 941 1738 eresia.
963 1732 969 1737 .
991 1732 996 1737 .
1019 1731 1025 1737 .
1068 1704 1219 1738 Entrato
1252 1715 1390 1748 appena
1425 1703 1460 1737 in
1485 1703 1649 1746 Nimega,
1685 1702 1842 1746 furongli

79 1759 241 1792 incontro
269 1758 278 1791 i
304 1758 451 1798 fratelli,
478 1757 489 1791 i
515 1757 626 1802 nipoti
655 1769 673 1791 e
698 1759 793 1791 tutto
821 1757 845 1790 il
871 1768 1060 1790 numeroso
1079 1768 1143 1791 suo
1162 1757 1357 1801 parentado
1376 1757 1412 1790 in
1430 1756 1611 1796 comitiva,
1638 1758 1842 1789 caramente

80 1812 299 1857 pregandolo
326 1823 346 1845 a
373 1811 473 1845 voler
507 1811 680 1856 prendere
716 1810 969 1853 allogiamento
996 1821 1119 1854 presso
1146 1810 1180 1843 di
1207 1810 1302 1844 loro:
1336 1822 1394 1843 ma
1425 1810 1449 1843 il
1475 1809 1695 1844 sant’uomo.
1723 1809 1793 1843 resi
1820 1820 1841 1842 a

79 1866 165 1900 tutti
201 1865 406 1899 umilissimi
440 1864 734 1907 ringraziamenti
772 1863 991 1897 dell’affetto
1027 1862 1092 1897 che
1127 1863 1177 1906 gli
1214 1864 1491 1904 dimostravano,
1527 1862 1618 1896 ando
1653 1862 1789 1896 difilato
1822 1873 1842 1895 a

79 1918 296 1953 ricoverarsi
321 1917 381 1952 nel
405 1917 572 1962 pubblico
590 1917 748 1962 spedale.
784 1916 850 1950 Nei
877 1916 991 1960 giorni
1019 1928 1190 1961 appresso
1215 1928 1354 1960 uaeque
1380 1919 1436 1950 tra
1462 1915 1536 1950 loro
1563 1915 1676 1958 gentil
1702 1918 1843 1949 cortesa

81 1983 188 2017 sopra
214 1971 271 2006 chi
298 1971 319 2005 l’
335 1971 492 2006 avrebbe
518 1971 554 2005 in
580 1971 694 2015 primo
720 1970 826 2012 luogo
854 1982 874 2004 a
900 1970 1062 2003 desinare
1089 1970 1124 2003 in
1151 1981 1216 2003 sua
1235 1981 1338 2004 casa:
1366 1981 1384 2003 e
1402 1969 1427 2003 il
1445 1969 1538 2003 buon
1558 1969 1672 2002 Padre
1691 1969 1842 2002 termino

79 2025 115 2059 la
141 2027 287 2059 contesa
314 2037 332 2058 e
358 2025 393 2059 13
420 2035 508 2068 gara
535 2024 747 2058 accettando
784 2024 817 2057 di
853 2023 946 2057 buon
982 2023 1100 2057 animo
1135 2023 1275 2058 l’invito
1311 2022 1345 2056 di
1379 2022 1477 2064 tutti,
1513 2033 1571 2056 ma
1606 2034 1625 2055 3
1652 2024 1751 2066 patto
1778 2021 1844 2055 che

80 2078 164 2112 tutti
201 2080 405 2123 portassero
441 2077 465 2111 il
500 2088 632 2122 pranzo
667 2089 731 2122 per
760 2076 808 2110 lui
836 2079 1025 2121 preparato
1052 2076 1122 2110 allo
1150 2076 1307 2120 spedale,
1343 2076 1433 2110 dove
1459 2075 1489 2109 si
1516 2075 1766 2109 trovcrebbero
1793 2074 1842 2108 in—

80 2131 191 2165 sieme
218 2142 283 2165 con
308 2133 413 2165 santa
439 2131 578 2164 unione.
600 2158 606 2164 .
628 2157 635 2164 .
655 2157 662 2164 .
707 2129 841 2164 Giunta
868 2129 966 2163 l'ora
993 2129 1049 2162 del
1077 2141 1218 2174 pmnzo,
1255 2129 1326 2172 egli
1358 2141 1423 2163 con
1449 2128 1535 2163 tutti
1562 2128 1572 2161 1
1599 2128 1676 2161 51101
1703 2127 1841 2172 parenti

81 2187 177 2219 servi
202 2195 223 2218 a
250 2184 331 2228 quei
357 2183 564 2225 miserabili,
601 2183 716 2218 dando
751 2183 825 2217 loro
861 2182 943 2226 quel
970 2182 1031 2227 piu
1057 2194 1075 2216 e
1103 2182 1185 2226 quel
1210 2183 1342 2226 meglio
1368 2181 1433 2216 che
1460 2182 1504 2216 da
1531 2181 1697 2215 ciascuno
1723 2182 1753 2214 si
1781 2191 1842 2214 era

81 2239 241 2282 portato;
277 2249 296 2271 0
332 2237 384 2271 cio
417 2248 483 2271 con
517 2239 619 2271 tanta
654 2236 924 2270 amorevolezza
960 2247 978 2269 e
1013 2235 1137 2277 carita,
1174 2235 1239 2270 che
1271 2235 1370 2269 molti
1398 2235 1454 2269 dei
1480 2234 1668 2280 principali
1694 2233 1842 2277 signori,

82 2290 238 2325 ch'eran
264 2290 389 2324 venuti
417 2301 437 2324 a
463 2289 618 2330 vederlo,
646 2301 690 2323 ne
716 2289 958 2333 lagrimarono
985 2289 1239 2322 dirottamente
1258 2300 1321 2334 per
1339 2290 1526 2322 tenerezza
1545 2299 1563 2321 e
1581 2286 1845 2332 compunzione.

82 2343 182 2388 Dopo
209 2343 243 2377 di
270 2343 336 2377 che
363 2343 393 2377 si
420 2343 534 2377 assise
561 2342 612 2377 co'
627 2342 705 2376 suoi
731 2343 775 2377 ad
803 2353 873 2376 una
900 2341 1146 2385 frugalissima
1172 2353 1316 2382 mensa;
1354 2353 1372 2375 0
1408 2343 1541 2386 quanto
1577 2340 1664 2374 duro
1697 2339 1730 2373 13
1757 2339 1846 2373 refe-

81 2397 191 2436 zione,
226 2398 328 2430 tanto
364 2396 434 2439 egli
461 2396 628 2430 continuo
655 2396 699 2430 ad
727 2395 891 2430 esortarli
919 2407 983 2429 con
1009 2395 1103 2429 santi
1130 2395 1392 2438 ragionamenti
1428 2395 1471 2428 ad
1508 2405 1595 2428 aver
1620 2393 1847 2427 unicaniente

82 2450 117 2484 di
143 2449 233 2483 mira
260 2449 369 2490 Iddio,
408 2449 451 2483 ad
489 2448 648 2483 allevare
681 2448 777 2483 nella
814 2449 909 2493 pieta
945 2447 1118 2482 cristiana
1154 2448 1189 2482 la
1223 2447 1298 2482 loro
1334 2447 1508 2490 famiglia,
1544 2458 1562 2480 e
1597 2449 1800 2491 sopratutto
1828 2457 1847 2480 a

81 2503 300 2537 mantenersi
337 2514 478 2547 sempre
514 2502 669 2536 costanti
704 2502 800 2535 nella
835 2502 916 2535 fede
951 2501 1006 2534 dei
1043 2500 1117 2534 loro
1151 2501 1324 2535 antenati.
1376 2500 1500 2534 Ond'e¹
1536 2499 1601 2533 01ιο
1636 2502 1730 2533 111110
1765 2499 1847 2543 quel

82 2567 270 2590 numeroso
306 2556 450 2589 convito
486 2555 576 2589 ando
612 2555 648 2588 in
683 2554 826 2599 pascolo
863 2554 943 2588 dell·
960 2553 1079 2588 anima
1111 2565 1129 2587 e
1156 2554 1191 2587 in
1218 2553 1369 2597 lagrime
1397 2553 1431 2587 di
1457 2553 1662 2587 dolcissima
1689 2552 1847 2587 consola-

82 2609 202 2643 zione:
238 2621 256 2642 e
291 2608 418 2653 poiche
455 2608 525 2651 egli
563 2608 651 2642 ebbe
685 2608 786 2642 finito
822 2607 855 2640 di
892 2607 978 2647 dire,
1015 2607 1102 2640 tutti
1129 2618 1148 2640 3
1174 2619 1221 2640 un
1249 2607 1443 2640 medesimo
1470 2608 1589 2650 tempo
1615 2605 1785 2639 levarono
1812 2605 1846 2639 in

82 2662 155 2696 alto
180 2662 216 2696 13
241 2663 364 2696 mano¹‘
396 2663 464 2695 etc.
486 2660 588 2704 (Can.
608 2660 826 2703 285—287).
864 2661 994 2703 Se'yuin
1023 2659 1160 2704 aliquot
1186 2659 1293 2694 huius
1319 2659 1536 2693 narrationis
1562 2658 1650 2693 locis
1677 2658 1845 2702 exiguam

83 2715 363 2750 moderationem
391 2714 563 2754 adhibuit,
600 2713 739 2757 reliqua
769 2725 881 2758 paene
908 2713 952 2747 ad
980 2713 1130 2747 verbum
1157 2713 1288 2756 gallice
1314 2713 1469 2746 reddidit
1506 2712 1544 2751 (1.
1573 2724 1600 2746 c.
1631 2712 1845 2754 179—181).

178 2768 320 2802 Similes
358 2767 526 2802 licentiae
564 2778 677 2811 paene
713 2766 875 2811 poeticae
911 2768 1121 2810 comparent
1155 2766 1249 2810 apud
1283 2767 1518 2809 Decuriqnac:
1556 2764 1664 2799 Urbis
1698 2766 1847 2799 senatus

83 2823 162 2855 erat
193 2832 364 2866 „presque
390 2821 628 2855 entierement
653 2819 875 2859 lutherien“;
905 2819 1071 2853 Canisius
1102 2819 1267 2860 „suivant
1284 2830 1348 2853 son
1367 2819 1514 2862 usageff‘.
1545 2817 1636 2860 „alla
1654 2818 1848 2852 demander

84 2886 131 2908 un
158 2874 247 2908 35110
274 2876 295 2908 a
312 2876 391 2909 cote
410 2874 472 2907 des
492 2884 648 2918 pauvres
667 2872 709 2906 de
729 2871 977 2906 ,lesus-Christ
1002 2875 1038 2906 et
1064 2871 1162 2906 n'eut
1187 2871 1325 2906 d‘autre
1352 2872 1519 2906 demeure
1546 2882 1614 2915 que
1640 2870 1845 2915 l'hopital“;

90 2927 333 2969 „l'universite
359 2927 408 2961 lui
437 2927 568 2971 deputa
595 2937 642 2960 un
678 2926 721 2959 de
756 2937 814 2960 ses
849 2925 1027 2959 membres
1062 2936 1151 2969 pour
1186 2924 1235 2958 lui
1271 2924 1452 2970 exprimer
1487 2925 1520 2958 10
1556 2923 1651 2958 desii·
1686 2924 1728 2958 de
1763 2923 1845 2958 l'en-

84 2980 229 3015 tendre“
260 2982 326 3015 etc.
358 2980 395 3023 (l.
424 2991 453 3014 c.
480 2978 698 3021 273—274).

203 3032 303 3067 Haec
329 3035 426 3067 certe
452 3032 583 3066 absunt
608 3031 652 3065 ab
679 3031 850 3065 historica
878 3030 939 3064 illa
964 3030 1034 3064 fide
1060 3032 1097 3064 et
1123 3030 1181 3075 pia
1207 3030 1414 3070 sobrietate,
1450 3042 1520 3074 qua
1545 3031 1846 3073 noviomagenses

84 3085 194 3120 hasce
230 3086 363 3120 Canisii
398 3097 455 3120 res
489 3087 693 3119 tractarunt
727 3085 892 3118 Raderus
930 3083 967 3127 (l.
995 3083 1054 3126 c.)‚
1092 3084 1290 3118 Sacclzinus
1325 3084 1363 3125 (1.
1391 3083 1449 3125 0.),
1485 3084 1712 3127 Nierembe-ry
1749 3083 1787 3125 (l.
1814 3096 1844 3119 c.

86 3137 211 3183 [supra
235 3150 268 3184 p.
291 3138 371 3183 178]
397 3138 422 3172 f.
450 3137 699 3180 3182—3192).
726 3138 902 3180 Fuliyatti
930 3137 968 3179 (l.
995 3148 1024 3171 c.
1054 3135 1177 3181 [supra
1203 3149 1235 3181 p.
1258 3136 1337 3181 118]
1368 3136 1464 3180 102),
1501 3137 1720 3180 Reiffenbergl
1749 3137 1786 3181 (l.
1815 3149 1843 3171 c.

88 3191 303 3235 115—116)‚
329 3193 429 3225 Riess
457 3191 494 3234 (l.
523 3202 551 3225 c.
579 3190 796 3234 348—349).
