2045 3471
385 202 480 236 Mon.
501 203 568 237 743
595 203 673 238 sive
691 215 804 247 germ.
822 203 846 239 l.
868 204 957 248 (18).
997 205 1053 239 25.
1072 204 1263 239 Now—4.
1282 205 1367 240 Dec.
1390 206 1490 240 1565.
1744 209 1828 249 659

65 319 320 361 Reuerendo
345 320 389 362 P.
414 321 583 363 Canisio
605 321 925 376 Nouiomagum
957 324 1179 378 profectus
1201 324 1383 366 multum
1406 324 1660 366 Reuerende
1683 325 1827 368 Pater.

65 384 148 426 Vbi
181 385 235 427 ad
268 388 365 427 octo
399 385 572 428 circiter
604 387 695 429 dies
735 387 925 431 hesimus
968 389 1217 442 priusquam
1251 390 1461 431 coloniam
1494 392 1828 434 reuerteremur.

65 449 198 499 Quem
241 452 387 492 autem
429 450 617 493 fructum
659 452 701 493 in
744 452 825 495 hac
865 454 1135 507 profectione
1168 455 1364 496 dominus
1397 455 1563 496 dederit
1596 455 1744 509 paucis
1777 456 1827 499 R.

65 514 110 556 P.
135 514 183 556 Τ.
214 515 412 568 accipiat.
477 516 525 557 In
565 517 717 570 primis
750 518 799 560 R.
825 519 870 561 P.
895 519 1092 560 Canisius
1134 533 1188 561 ex
1230 519 1416 561 sollicita
1458 519 1828 573 Gymnasiarchae

64 579 237 621 scholae
269 579 629 634 Neomagiensis1
662 583 872 636 petitione
914 598 1059 625 coram
1100 584 1325 625 iuuentute
1363 585 1498 626 verba
1539 585 1654 628 fecit.
1718 585 1827 627 Con-

63 644 284 686 fluxerant
316 659 366 687 eo
408 660 492 687 non
534 647 671 688 solum
706 648 929 690 canonici2
962 663 1057 690 cum
1099 649 1468 703 praeceptoribUS,
1511 650 1586 691 sed
1620 653 1664 692 et
1697 650 1826 700 ciues,

64 708 136 761 qui
168 709 303 752 latine
336 711 567 761 callebant,
602 726 687 753 non
720 714 844 766 pauci
870 749 877 756 .
902 715 1071 755 abunde
1103 714 1379 756 satisfactum
1412 718 1479 757 est
1512 715 1720 765 omnibus,
1756 716 1827 769 qui

63 776 460 828 extemporaneam,
495 779 539 818 et
560 776 825 830 singularem
847 778 889 819 in
913 779 1091 820 dicendo
1114 778 1247 832 ipsius
1270 779 1527 821 facultatem
1550 780 1829 822 vehementer

63 839 265 882 admirati
297 843 410 883 sunt.
460 841 553 882 Nec
576 842 839 885 destiterunt
862 843 1068 893 canonici,
1104 844 1239 885 donec
1262 858 1287 885 a
1308 847 1434 898 patre
1457 844 1563 886 duas
1586 845 1628 886 in
1662 859 1827 887 summo

62 904 224 958 templo
267 908 580 958 extorquerent
623 907 869 958 conciones,
917 909 971 950 ad
1016 923 1123 962 quas
1164 910 1289 951 tanta
1330 909 1556 962 Vtriusque
1598 913 1742 952 status
1783 912 1828 951 et

62 982 193 1010 sexus
225 974 472 1013 accesserat
504 972 750 1022 multitudo,
789 976 838 1015 vt
870 973 1035 1026 aliquot
1076 974 1239 1015 milium
1280 974 1498 1015 hominum
1532 975 1717 1018 excedat
1747 989 1828 1016 nu-

63 1048 240 1078 merum.
293 1035 552 1078 Auditorum
594 1051 847 1091 responsum
891 1041 958 1080 est
1000 1038 1233 1089 desiderio,
1276 1039 1356 1080 nisi
1399 1039 1511 1092 quod
1552 1054 1636 1081 non
1679 1054 1827 1081 omnes

62 1099 221 1153 partim
253 1101 306 1142 ob
338 1101 514 1154 linguae
546 1103 821 1154 germanicae
853 1103 1127 1158 imperitiam,
1170 1104 1326 1158 partim
1361 1105 1414 1146 ob
1446 1107 1615 1147 tantam
1648 1105 1728 1146 loci
1762 1104 1826 1146 in-

61 1165 382 1218 tercapedinem
417 1181 502 1208 non
536 1167 767 1209 admodum
810 1169 918 1210 bene
951 1169 1123 1222 assequi
1164 1173 1412 1223 potuerunt.
1478 1171 1824 1212 Descendentem

62 1242 117 1270 ex
149 1232 357 1283 suggesto
389 1223 453 1274 ita
486 1232 619 1274 oculis
663 1233 752 1274 suis
785 1234 1072 1288 excipiebant,
1111 1237 1161 1276 vt
1199 1249 1281 1287 quo
1324 1236 1538 1284 tenderet,
1582 1235 1824 1288 diligenter,

60 1295 198 1336 veluti
228 1296 465 1350 principem
489 1297 675 1351 aliquem
701 1299 995 1342 obseruarent.
1051 1300 1236 1342 Senatus
1260 1314 1442 1353 quoque,
1477 1301 1558 1342 etsi
1582 1315 1666 1342 11011
1690 1315 1826 1353 Vsque

62 1372 231 1412 quaque
271 1360 315 1402 in
356 1362 570 1404 catholica
610 1363 694 1405 fide
737 1378 966 1418 syncerus,
1012 1364 1248 1406 honorifica
1288 1368 1435 1407 tamen
1477 1366 1740 1408 salutatione
1782 1370 1826 1408 et

59 1437 237 1467 munere
278 1426 493 1470 honorare
527 1428 628 1481 (quo
661 1430 910 1483 praeclaros
943 1430 1102 1482 alioqui
1136 1430 1252 1471 viros
1286 1430 1488 1484 excipere
1521 1431 1650 1483 solet)
1683 1431 1825 1473 Reue-

59 1490 239 1531 rendum
272 1491 448 1534 Patrem
480 1508 565 1535 non
599 1496 666 1536 est
699 1494 958 1548 dedignatus
971 1496 999 1537 3.
1064 1495 1229 1537 Deinde
1263 1495 1315 1537 ad
1356 1495 1455 1537 fidei
1489 1496 1728 1538 catholicae
1759 1496 1824 1537 in-

59 1555 314 1608 tegritatem
348 1558 667 1609 exhortantem,
702 1574 782 1601 nec
814 1561 996 1602 moleste
1030 1560 1143 1610 tulit,
1178 1575 1256 1602 nec
1288 1560 1434 1613 iniquo
1467 1561 1610 1602 animo
1644 1561 1823 1603 audiuit.

60 1619 252 1663 Tertiam
284 1626 516 1676 praeterea
538 1624 580 1665 in
604 1625 889 1667 zenodocliio³
920 1626 1070 1668 habuit
1094 1626 1342 1668 concionem
1375 1626 1431 1667 ad
1461 1640 1700 1680 pauperum
1724 1640 1824 1668 con-

59 1685 330 1738 solationem,
365 1703 471 1742 quos
504 1690 739 1731 amicorum
773 1691 904 1732 etiam
936 1691 1241 1741 munificentia,
1277 1692 1331 1733 ad
1355 1691 1586 1733 multorum
1621 1691 1823 1733 aedifica-

58 1750 233 1802 tionem,
257 1767 342 1794 non
365 1755 641 1797 mediocriter
663 1756 856 1798 confouit
876 1757 1178 1809 recreauitque
1191 1757 1219 1798 4.
1255 1757 1365 1798 Dum
1386 1770 1487 1797 vero
1506 1770 1531 1797 a
1551 1756 1825 1798 concionibus

58 1814 304 1868 feriaretur,
340 1822 415 1860 aut
449 1819 791 1862 confessionibus
824 1821 1059 1872 audiendis,
1095 1824 1170 1863 aut
1193 1821 1500 1875 componendis
1526 1821 1640 1863 inter
1661 1821 1823 1863 amicos

59 1880 259 1936 dissidijs,
293 1884 447 1936 quibus
469 1885 671 1938 vtrinque
695 1886 928 1939 pernitiose
950 1887 1199 1940 flagrabant
1230 1887 1373 1935 animi,
1407 1886 1600 1928 studiose
1624 1887 1822 1937 vacabat,

59 1959 216 1999 eosque
248 1949 303 1990 ad
344 1950 442 1990 fidei
476 1950 715 1993 catholicae
754 1952 1045 1994 constantiam
1087 1952 1415 2001 adhortabatur,
1459 1966 1587 2004 quam
1629 1966 1675 1993 se
1714 1966 1822 1993 nun-

58 2024 186 2063 quam
220 2013 469 2056 deserturos
492 2015 702 2069 stipulata
724 2031 855 2059 manu
886 2017 1080 2070 polliceri
1112 2031 1197 2058 non
1221 2017 1476 2059 dubitabant
1489 2019 1517 2065 5,
1553 2031 1701 2058 omnes
1724 2031 1822 2070 pro·

57 2075 173 2118 fecto
205 2078 248 2118 in
280 2079 346 2120 sui
377 2080 582 2123 trahebat
621 2082 964 2124 admirationem.
1020 2082 1140 2131 Quod
1173 2082 1225 2123 ad
1260 2096 1327 2123 me
1361 2082 1521 2123 attinet
1547 2096 1573 2123 a
1606 2082 1822 2123 canonicis

57 2141 317 2185 sollicitatus
358 2144 422 2185 bis
465 2145 743 2188 concionatus
785 2161 892 2197 sum,
937 2150 981 2188 et
1022 2147 1254 2189 multarum
1297 2147 1512 2200 virginum
1555 2146 1821 2199 aliarumque

58 2206 284 2249 mulierum
318 2210 609 2252 confessiones
642 2212 807 2265 excepi.
859 2212 979 2254 Inter
1011 2226 1118 2265 quas
1151 2227 1237 2254 vna
1269 2212 1426 2254 obtulit
1458 2212 1700 2253 Coloniensi
1734 2212 1821 2253 col-

57 2271 171 2324 legio
212 2273 328 2315 mille
361 2274 532 2318 circiter
573 2290 729 2318 aureas
771 2291 952 2319 coronas
992 2277 1035 2319 in
1074 2292 1239 2319 annuos
1271 2277 1464 2319 redditus
1498 2291 1574 2330 pro
1616 2276 1821 2318 studiosis

57 2335 144 2377 illic
181 2338 348 2380 alendis
381 2340 700 2394 expendendas.
764 2342 991 2384 Caeterum
1033 2342 1261 2383 maluimus
1302 2342 1382 2383 hoc
1415 2342 1614 2394 quicquid
1648 2343 1714 2383 est
1746 2356 1820 2383 ne-

56 2401 177 2454 gotij,
207 2404 330 2445 nobis
353 2405 497 2458 potius
519 2406 770 2448 absentibus
793 2420 920 2460 quam
943 2407 1243 2461 praesentibus
1265 2406 1462 2459 transigi,
1489 2412 1535 2449 vt
1559 2406 1818 2449 Societatem

57 2467 110 2507 ab
144 2468 259 2509 omni
291 2469 509 2512 auariciae
542 2471 785 2524 suspicione
818 2474 862 2514 et
894 2472 1035 2514 studio
1070 2472 1402 2514 vindicaremus.

175 2533 287 2574 Dum
328 2535 434 2576 haec
477 2539 667 2588 aguntur
698 2536 818 2579 venit
850 2537 905 2578 ad
938 2551 1015 2578 nos
1056 2541 1183 2591 pater
1216 2537 1488 2579 Guardianus
1520 2536 1704 2578 fratrum
1739 2537 1818 2577 mi-

56 2611 207 2639 norum
241 2599 293 2640 de
326 2599 617 2649 observantia,
660 2605 835 2643 nostrae
869 2602 1099 2644 Societatis
1140 2602 1316 2652 amicus,
1360 2601 1591 2643 ostendens
1625 2615 1734 2654 quae
1775 2602 1817 2642 in

55 2662 244 2715 ipsorum
288 2664 487 2706 Generali
530 2666 709 2707 concilio
752 2667 955 2708 conclusa
996 2671 1155 2710 essent.
1229 2668 1349 2709 Inter
1389 2670 1564 2709 caetera
1605 2667 1819 2720 praelegit

176 2744 203 2774 a)
225 2744 290 2775 Sic‚·
309 2745 493 2769 scribendum
510 2746 610 2776 potius
629 2747 705 2776 fuit:
725 2745 925 2772 xenodochio.

178 2826 188 2845 ¹
214 2827 396 2861 Francisci
423 2839 493 2861 van
522 2829 711 2863 Liinbrich.
765 2829 855 2863 Vide
881 2841 990 2874 supra
1017 2842 1050 2874 p.
1070 2830 1150 2864 657.

175 2879 188 2899 ²
215 2880 423 2922 Collegialis
462 2881 614 2915 ecclesia
647 2881 682 2915 S.
709 2882 882 2926 Stephani
921 2895 962 2917 ea
1000 2885 1119 2917 aetate
1158 2884 1232 2917 fere
1268 2883 1312 2918 20
1347 2885 1535 2917 canonicos
1576 2884 1812 2926 „residentes“

55 2931 211 2966 habebat-
238 2933 398 2977 (Aliam,
426 2934 573 2968 Studien
600 2935 641 2969 D.
664 2934 758 2969 LVII
790 2936 875 2978 11¹).

176 2986 188 3005 ³
213 2986 345 3020 Vinum
372 2987 598 3021 honorarium
626 2988 657 3021 ei
685 2989 800 3029 misit;
830 3001 863 3022 v.
882 2989 976 3023 infra
1002 3000 1034 3033 p.
1055 2990 1134 3024 663.
1174 2989 1226 3023 Cf.
1247 2990 1354 3023 etiam
1385 2991 1470 3024 Can.
1490 2990 1522 3023 II
1549 2990 1617 3025 805
1645 2993 1681 3024 et
1706 3001 1815 3035 supra

56 3049 88 3082 p.
118 3039 194 3073 173.
247 3039 437 3074 Senatores
472 3041 615 3084 quinam
653 3053 692 3075 eo
729 3044 888 3086 tempore
924 3042 1068 3083 fuerint,
1104 3042 1170 3076 sub
1206 3043 1303 3087 ipsas
1336 3043 1401 3077 has
1427 3043 1568 3078 litteras
1595 3043 1814 3088 paenultimo

55 3090 132 3125 loco
159 3092 306 3127 dicetur.

175 3146 188 3165 4
213 3145 316 3186 Vide,
352 3158 442 3190 quae
478 3147 520 3181 de
547 3147 731 3191 praeclaro
758 3147 822 3181 hoc
850 3148 983 3182 Canisii
1012 3149 1107 3182 facto
1135 3149 1298 3183 dicentur
1323 3149 1359 3183 in
1385 3152 1614 3184 monumento
1639 3149 1813 3194 proximo,

174 3199 187 3218 ⁵
213 3198 313 3239 Vide,
341 3211 432 3243 quae
458 3200 524 3234 sub
550 3200 648 3245 ipsas
673 3201 739 3235 has
765 3201 906 3235 litteras
932 3201 1104 3236 dicentur.

1453 3262 1525 3295 42*
