2077 3461
648 204 692 238 II.
718 204 942 238 Prooemium
968 203 1160 239 voluminis
1186 204 1312 248 quinti.
1758 206 1868 236 XXIII

223 320 329 355 Haud
355 332 500 366 prorsus
524 320 667 365 ignota,
701 332 817 365 neque
843 323 962 355 tamen
991 320 1096 366 plane
1123 323 1312 366 perspecta
1338 332 1451 366 usque
1477 321 1594 356 adhuc
1620 323 1740 363 erant,
1776 333 1867 366 quae

106 373 141 408 in
166 373 233 408 hoc
257 373 440 408 volumine
465 374 509 408 de
544 373 775 409 Udalrico
809 374 979 408 comite
1015 374 1068 408 ab
1099 374 1415 408 Helfenstein
1451 375 1690 419 proferuntur.
1740 374 1775 409 Is
1801 375 1867 409 sub

105 438 136 462 a.
165 426 254 461 1555
280 438 352 460 una
378 438 458 461 cum
484 427 598 461 fratre
626 426 747 472 (paulo
781 429 863 472 post
897 426 1053 470 mortuo)
1082 438 1151 461 non
1178 426 1294 461 solum
1319 426 1364 461 ab
1391 427 1543 462 ecclesia
1569 428 1769 469 defecerat,
1804 427 1865 462 sed

105 479 224 521 etiam,
251 481 431 524 potestate
456 491 563 521 usus,
599 491 707 524 quam
741 480 921 525 principes
947 491 992 514 ex
1026 490 1114 524 pace
1140 479 1201 513 illa
1228 481 1431 523 augustana
1465 480 1696 525 repetebant,
1735 482 1866 515 terram

104 543 206 567 suam
233 533 401 567 effecerat
425 532 663 574 lutheranam,
689 533 935 567 sacerdotibus
960 532 1086 578 pulsis,
1113 535 1215 577 parte
1232 532 1403 567 bonorum
1429 532 1754 568 ecclesiasticorum
1772 532 1866 568 haud

104 586 237 630 exigua
262 585 383 620 ablata
412 586 525 630 (321).
577 585 645 620 Sed
670 588 814 621 veteres
839 588 961 631 patres
986 585 1121 629 legenti
1148 585 1264 630 (782),
1298 597 1412 620 novos
1436 585 1517 620 illos
1543 587 1726 622 ministros
1752 585 1867 620 luthe—

103 649 210 674 ranos
236 641 382 684 propter
406 639 571 679 intuenti,
599 639 701 673 varia
726 639 886 673 audienti
916 639 999 680 (318
1026 639 1109 681 786)
1138 639 1215 673 viro
1247 637 1526 684 prudentissimo
1553 642 1669 673 ortum
1696 641 1752 673 est
1777 639 1867 673 desi-

103 691 241 727 derium
259 692 444 736 religionis
462 692 661 727 catholicae
687 693 892 726 accuratius
917 692 1186 735 cognoscendae
1207 690 1321 735 (780).
1369 691 1535 726 Canisius
1560 696 1709 735 rogatus
1728 692 1867 726 Wisen-

103 745 257 788 steigam
284 745 326 779 ad
363 745 528 779 comitem
562 745 683 787 venit,
724 745 766 780 12
803 745 946 779 circiter
980 745 1057 780 dies
1090 755 1172 780 cum
1207 756 1248 779 eo
1273 744 1407 779 mansit
1436 744 1552 788 (317),
1589 747 1662 779 tam
1702 744 1867 782 dilucide,

103 801 278 843 quantum
304 798 340 832 in
358 798 466 833 rebus
482 798 564 832 fidei
589 799 833 843 protestantes
854 798 1062 841 „catholicis
1082 797 1289 832 inferiores“
1313 800 1445 839 essent,
1471 798 1734 832 demonstravit
1753 797 1866 841 (784),

103 854 145 885 ut
169 851 229 886 ille
263 851 369 896 paulo
401 853 483 896 post
517 850 635 896 palam
661 850 953 895 sollemniterque
979 851 1023 886 ad
1050 850 1239 886 ecclesiam
1267 853 1528 892 1·everteretur;
1557 850 1748 886 Udalricus
1773 850 1867 886 filios

104 904 139 938 in
166 904 356 939 Societatis
381 903 606 949 disciplinam
631 903 798 944 tradidit;
827 904 974 948 Dilinga
998 904 1131 939 multos
1157 904 1268 939 libros
1294 903 1499 945 catholicos,
1526 904 1726 949 complures
1752 915 1867 938 sacer-

102 957 205 992 dotes
230 969 352 992 secum
379 957 546 997 abduxit;
584 957 777 992 comitatus
802 957 858 991 sui
884 957 1053 998 iuvenes,
1087 957 1149 1002 qui
1184 958 1219 991 in
1245 958 1484 992 universitate
1518 957 1710 992 basileensi
1735 957 1867 993 litteris

102 1009 314 1052 studebant,
351 1010 432 1045 inde
457 1009 640 1054 Dilingam
674 1010 935 1054 transmigrare
965 1011 1090 1051 iussit;
1125 1010 1311 1045 redierunt
1336 1010 1618 1054 Wisensteigam
1646 1011 1806 1045 canonici
1833 1014 1867 1044 et

103 1063 243 1099 comitis
269 1063 414 1098 hortatu
439 1074 596 1107 curaque
621 1063 825 1098 recentibus
859 1063 1007 1108 pietatis
1032 1063 1207 1109 exemplis
1239 1064 1458 1108 superiorem
1484 1074 1623 1098 morum
1648 1064 1865 1109 pravitatem

104 1119 400 1162 compensarunt;
425 1116 555 1162 populo
580 1117 774 1162 plaudente
799 1116 835 1150 in
852 1116 997 1161 templis
1023 1116 1154 1151 altaria
1172 1119 1208 1150 et
1233 1116 1410 1160 imagines
1435 1128 1561 1151 sacrae
1587 1119 1673 1151 sunt
1696 1117 1865 1151 restituta

103 1172 141 1204 et
164 1170 292 1213 religio
316 1172 389 1204 tam
416 1169 541 1205 solidis
567 1170 811 1204 fundamentis
836 1169 1016 1211 stabilita,
1053 1172 1092 1204 ut
1124 1170 1232 1204 etiam
1259 1181 1353 1204 nunc
1387 1172 1484 1204 terra
1509 1170 1598 1204 haec
1624 1170 1725 1204 velut
1749 1169 1866 1205 insula

103 1223 281 1258 catholica
314 1223 350 1257 in
375 1223 490 1257 medio
522 1223 613 1257 mari
642 1222 921 1268 protestantium
946 1225 1030 1265 stet,
1063 1226 1204 1267 gratam
1230 1234 1383 1258 servans
1417 1225 1454 1257 et
1479 1222 1636 1258 Udalrici
1664 1223 1805 1258 comitis
1831 1226 1867 1257 et

104 1275 238 1311 Canisii
263 1276 471 1311 memoriam
497 1275 730 1320 (779—790).
781 1276 972 1311 Udalricus
998 1276 1042 1311 ob
1067 1276 1203 1320 ingenii
1229 1288 1378 1311 acumen
1413 1279 1449 1311 et
1483 1285 1619 1311 morum
1645 1276 1866 1320 gravitatem

103 1330 199 1375 apud
223 1329 403 1375 principes
421 1330 635 1365 Germaniae
654 1330 869 1364 auctoritate
888 1329 1037 1373 vigebat-
1064 1330 1148 1373 (782
1176 1329 1281 1373 788);
1309 1341 1419 1374 quare
1444 1329 1559 1375 ipsius
1586 1330 1693 1365 factis
1717 1329 1790 1364 late
1816 1329 1865 1364 di-

104 1383 264 1427 vulgatis
289 1383 483 1418 multorum
501 1383 610 1417 animi
629 1383 797 1418 commoti
814 1386 900 1417 sunt
928 1383 1012 1426 (785
1041 1383 1138 1427 789),
1164 1383 1377 1428 praesertim
1398 1394 1476 1417 cum
1497 1382 1687 1417 Societatis
1704 1383 1866 1417 homines

102 1437 216 1470 totam
242 1436 428 1471 historiam
453 1448 524 1470 una
542 1447 621 1471 cum
647 1436 837 1476 rationum,
864 1437 993 1480 quibus
1011 1436 1094 1470 fidei
1112 1435 1311 1470 catholicae
1336 1436 1473 1470 veritas
1498 1436 1619 1470 comiti
1637 1436 1866 1480 comprobata

104 1492 210 1527 esset,
235 1489 391 1524 indiculo
417 1489 527 1524 latine
553 1489 784 1534 Antverpiae,
817 1489 948 1533 gallice
974 1488 1139 1531 Lugduni
1166 1489 1413 1523 excudendam
1440 1491 1629 1523 curassent
1655 1489 1740 1533 (532
1767 1488 1864 1532 781).

221 1541 260 1586 b)
287 1541 402 1584 Quam
439 1542 558 1577 fauste
583 1542 853 1586 Wisensteigae
887 1553 945 1576 res
982 1541 1179 1576 catholicae
1205 1542 1430 1577 instauratae
1468 1544 1609 1583 essent,
1647 1553 1711 1587 per
1745 1541 1866 1577 Socios

103 1595 306 1629 nuntiatum
341 1598 397 1630 est
430 1595 658 1630 sanctissimo
693 1595 771 1630 viro
811 1595 911 1639 (196)
949 1595 1031 1629 Pio
1057 1595 1101 1630 V.
1130 1595 1253 1639 (482);
1293 1595 1350 1630 cui
1377 1595 1590 1630 Germaniae
1625 1595 1725 1629 salus
1759 1595 1865 1629 vehe-

101 1650 242 1682 menter
267 1649 363 1683 cordi
390 1650 478 1683 erat.
519 1647 710 1693 Complura
735 1648 842 1682 huius
867 1648 918 1682 rei
943 1648 1150 1682 testimonia
1176 1649 1212 1682 in
1237 1648 1305 1683 hoc
1329 1648 1511 1683 volumine
1537 1649 1735 1683 afferuntur
1752 1659 1864 1682 nova:

102 1700 235 1735 Durius
268 1713 376 1745 agere
402 1702 471 1736 sibi
497 1701 712 1736 videbantur
736 1700 928 1736 Societatis
958 1713 1022 1746 per
1048 1701 1277 1736 Germaniam
1304 1701 1535 1743 confessarii,
1570 1702 1601 1736 si
1628 1712 1768 1741 omnes,
1805 1701 1864 1746 qui

103 1754 173 1798 5⁰l0
197 1758 398 1796 sumerent,
434 1755 669 1790 absolutionis
705 1754 874 1789 beneficio
906 1754 1037 1788 donare
1063 1754 1271 1789 abnuerent.
1322 1755 1393 1789 Res
1419 1754 1463 1789 ad
1499 1754 1533 1789 S.
1559 1754 1663 1789 Pium
1680 1754 1724 1789 V.
1751 1754 1865 1789 relata

102 1809 178 1849 est;
204 1808 234 1842 is
265 1810 324 1851 „ut
349 1807 559 1852 theologus‘
579 1808 647 1842 hoc
672 1807 919 1851 theologorum
937 1818 1162 1842 romanorum
1189 1807 1404 1853 approbavit
1428 1819 1659 1853 responsum:
1687 1808 1754 1850 5Ὑο
1772 1808 1864 1842 sumi

102 1872 226 1905 posse,
261 1862 292 1895 si
318 1861 451 1906 duplex
476 1862 580 1896 fieret
614 1862 776 1906 pactum,
815 1872 924 1895 unum
953 1860 1158 1903 societatis,
1196 1861 1350 1895 alterum
1383 1861 1680 1902 assecurationis3
1719 1860 1864 1906 pupillis

102 1913 214 1958 igitur
247 1917 283 1948 et
316 1914 519 1949 hominibus
553 1925 620 1949 sua
653 1914 831 1948 industria
866 1926 936 1948 non
970 1914 1178 1948 viventibus
1213 1914 1283 1957 5⁰so
1307 1914 1468 1959 permitti
1499 1925 1622 1960 posse3
1661 1926 1706 1948 ne
1743 1917 1864 1948 tamen

101 1967 274 2012 pecuniae
309 1968 505 2012 cupiditate
540 1967 702 2001 homines
736 1967 1031 2007 incenderentur,
1065 1967 1152 2001 Pius
1189 1967 1396 2009 interdixit,
1430 1979 1475 2001 ne
1509 1967 1620 2011 vulgo
1655 1968 1863 2012 aperiretur.

101 2021 306 2065 pontificem
334 2032 412 2055 eam
437 2020 653 2055 sententiam
678 2020 897 2065 approbasse
925 2019 1009 2064 (486
1035 2020 1134 2063 497).
1186 2019 1220 2055 S.
1247 2020 1461 2055 Franciscus
1487 2021 1638 2064 Borgias
1669 2020 1758 2055 haec
1783 2031 1862 2054 cum

101 2073 285 2108 sodalibus
303 2074 484 2117 germanis
502 2073 800 2114 communicavit;
826 2073 920 2107 idem
940 2072 1035 2108 haud
1053 2073 1165 2107 multo
1183 2076 1265 2118 post
1285 2073 1476 2117 (consulto,
1502 2076 1598 2119 puto,
1625 2074 1754 2107 iterum
1781 2085 1863 2118 pon-

100 2125 212 2170 tifice)
241 2126 368 2160 iisdem
393 2126 558 2170 scripsit:
590 2126 647 2166 Si,
683 2125 744 2170 qui
771 2126 840 2170 5⁰l0
866 2127 1124 2171 sumpsissent,
1160 2137 1336 2172 pauperes
1362 2129 1494 2168 essent,
1519 2138 1580 2160 eos
1606 2126 1651 2161 ad
1677 2126 1862 2171 pecuniam

101 2180 360 2214 restituendam
387 2191 455 2213 non
482 2190 561 2214 esse
587 2179 817 2223 obligandos;
844 2179 976 2214 divites
994 2179 1236 2214 admonendos
1255 2179 1398 2224 quidem
1425 2191 1515 2220 esse,
1541 2183 1591 2220 ut,
1617 2191 1709 2223 quae
1734 2179 1864 2213 lucrati

102 2234 234 2274 essent,
263 2232 506 2273 restituerent,
541 2243 656 2277 neque
681 2234 802 2266 tamen
828 2243 867 2266 se
893 2232 927 2266 id
954 2233 1005 2267 ita
1031 2233 1168 2274 dicere,
1205 2235 1247 2267 ut
1271 2235 1370 2267 certo
1396 2233 1544 2267 definire
1569 2233 1690 2273 vellet,
1726 2243 1796 2273 eos,
1831 2233 1863 2266 si

100 2286 291 2320 restituere
317 2285 463 2325 nollent,
490 2285 628 2320 absolvi
653 2297 723 2319 non
748 2295 854 2330 posse
881 2285 995 2329 (530).
1045 2285 1128 2320 Alia
1155 2286 1331 2320 dubitatio
1357 2297 1402 2320 ex
1438 2285 1697 2320 haereticorum
1724 2285 1861 2319 absolu—

101 2339 197 2373 tione
222 2340 308 2373 nata
334 2340 400 2373 est.
438 2338 526 2373 Pius
544 2338 597 2380 V.,
623 2350 695 2383 qua
721 2341 799 2373 erat
824 2339 859 2372 in
885 2339 1101 2373 Societatem
1120 2339 1201 2373 Iesu
1227 2339 1477 2373 benevolentia
1505 2340 1619 2383 (197),
1645 2340 1723 2384 ipso
1749 2339 1861 2383 ponti-

100 2391 232 2427 ficatus
257 2392 357 2426 initio
382 2403 506 2426 omnes
532 2391 563 2426 ei
589 2392 727 2435 gratias
753 2394 790 2426 et
814 2392 1019 2433 facultates,
1046 2404 1136 2437 quas
1160 2392 1219 2426 vel
1245 2393 1447 2438 superiores
1466 2392 1662 2438 pontifices,
1690 2391 1747 2426 vel
1773 2391 1860 2436 ipse,

100 2456 180 2479 cum
211 2445 401 2490 inquisitor
426 2445 605 2488 generalis
630 2447 737 2485 esset,
771 2448 1034 2488 concesserant,
1070 2446 1298 2480 confirmavit
1325 2445 1445 2489 (166);
1483 2446 1518 2479 in
1554 2445 1680 2479 harum
1714 2455 1861 2480 numero

101 2501 262 2543 potestas
288 2501 366 2532 erat
390 2497 573 2532 hominum
597 2498 634 2532 in
668 2498 873 2542 regionibus
898 2499 1241 2543 septentrionalibus
1271 2499 1315 2533 ab
1341 2499 1385 2533 iis
1411 2499 1519 2533 etiam
1546 2498 1706 2540 casibus,
1739 2497 1799 2542 qui
1825 2497 1861 2532 in

101 2551 205 2586 Bulla
232 2551 371 2586 Coenae
396 2562 535 2586 summo
561 2551 720 2596 pontifici
746 2551 1037 2593 reservabantur,
1064 2551 1385 2593 absolvendorum;
1412 2563 1454 2586 ac
1481 2551 1573 2596 quod
1592 2551 1635 2585 ad
1662 2551 1862 2585 haereticos

100 2605 241 2646 attinet,
268 2604 380 2638 Iulius
399 2604 460 2638 III.
480 2615 601 2638 eorum
619 2604 918 2639 absolvendorum
945 2605 1157 2639 facultatem
1176 2605 1323 2639 dederat
1341 2604 1441 2639 nulla
1463 2605 1627 2650 apposita
1645 2604 1860 2638 condicione.

100 2668 145 2692 ne
171 2657 233 2692 illa
262 2657 405 2702 quidem
434 2656 602 2701 (multum
626 2659 714 2692 tunc
739 2657 902 2701 usitata),
937 2660 978 2692 ut
1008 2657 1180 2692 haeretici
1210 2658 1246 2692 in
1272 2658 1349 2692 foro
1375 2660 1523 2692 externo
1549 2658 1626 2692 sive
1652 2660 1755 2692 extra
1781 2668 1860 2691 con-

100 2711 294 2745 fessionem
319 2710 495 2745 haeresim
521 2710 727 2745 abiurarent
755 2711 861 2753 (Can.
881 2711 929 2745 IV
949 2711 1022 2754 14).
1066 2710 1183 2753 Quare
1210 2711 1249 2746 P.
1268 2710 1409 2745 Natalis
1434 2711 1602 2745 visitator
1628 2711 1698 2745 ΡΡ.
1717 2710 1860 2745 Canisio

101 2765 137 2797 et
162 2763 335 2798 Ledesma
361 2763 594 2808 probantibus
619 2774 650 2797 a.
672 2763 762 2798 1566
788 2764 985 2806 constituit,
1020 2767 1061 2798 ut
1085 2764 1294 2799 confessarii
1321 2764 1521 2798 haereticos
1556 2775 1673 2798 coram
1700 2764 1721 2797 2
1747 2763 1860 2797 Sociis

100 2815 278 2851 haeresim
296 2816 462 2851 abiurare
479 2816 661 2857 iuberent;
687 2816 781 2860 quod
799 2817 829 2851 si
848 2817 1040 2862 impetrare
1058 2829 1127 2851 non
1146 2819 1302 2862 possent,
1321 2818 1479 2851 contenti
1498 2819 1619 2851 essent
1637 2816 1859 2850 abiuratione

101 2869 136 2903 in
155 2869 233 2914 ipsa
251 2869 474 2904 confessione
492 2869 656 2903 facienda
676 2869 790 2913 (343).
826 2870 958 2904 Postea
985 2881 1070 2904 vero
1095 2870 1130 2904 in
1150 2870 1282 2904 Canisii
1308 2870 1466 2904 animum
1491 2870 1681 2914 scrupulus
1707 2869 1859 2903 invasit:

99 2933 184 2956 num
210 2922 318 2957 etiam
344 2922 408 2964 illi,
434 2923 494 2966 qui
520 2923 555 2956 in
581 2922 757 2956 haeresim
792 2923 925 2968 relapsi
951 2926 1081 2964 essent,
1116 2923 1256 2957 absolvi
1282 2925 1447 2968 possent;
1483 2933 1593 2967 quare
1628 2923 1858 2957 Franciscum

100 2974 267 3019 Borgiam
293 2975 535 3020 praepositum
561 2975 767 3018 generalem
793 2975 972 3010 consuluit
999 2975 1120 3019 (295);
1157 2976 1217 3019 qui
1247 2987 1310 3020 per
1336 2987 1445 3010 unum
1471 2987 1517 3010 ex
1542 2975 1783 3010 cardinalibus
1809 2974 1858 3008 in-

100 3028 333 3072 quisitoribus
358 3028 562 3073 pontificem
587 3027 853 3072 interpellavit3
885 3028 914 3062 is
941 3028 1152 3062 facultatem
1178 3028 1321 3072 quidem
1349 3028 1526 3063 concessit
1551 3028 1759 3062 absolvendi
1786 3038 1857 3067 eos,

99 3081 161 3125 qui
185 3081 296 3115 libros
319 3079 520 3115 haereticos
543 3081 656 3115 denuo
682 3081 857 3124 legissent
883 3081 940 3115 vel
967 3093 1118 3126 pravum
1146 3092 1224 3115 cum
1252 3081 1442 3116 haereticis
1467 3082 1718 3115 commercium
1744 3081 1858 3114 denuo

99 3133 328 3175 habuissent;
355 3134 398 3168 de
423 3134 467 3168 iis
493 3145 589 3175 vero,
616 3134 677 3178 qui
703 3134 739 3167 in
766 3134 879 3178 ipsam
906 3133 1083 3169 haeresim
1109 3133 1242 3179 relapsi
1269 3137 1399 3175 essent,
1427 3135 1576 3169 Romam
1602 3134 1727 3168 referri
1754 3133 1858 3167 iussit

101 3187 215 3231 (340).
257 3186 387 3221 Dolore
412 3198 543 3231 magno
569 3187 720 3221 affectus
746 3190 802 3221 est
819 3186 1004 3222 Canisius:
1037 3188 1127 3230 „Per
1145 3187 1327 3222 Christum
1356 3189 1475 3231 rogo“,
1502 3186 1627 3231 inquit,
1659 3197 1720 3228 ,ne
1747 3186 1858 3220 linum
