2045 3471
215 202 299 243 566
472 199 566 233 Mon.
585 199 653 234 659
681 199 759 233 sive
786 211 868 243 aug.
891 199 927 243 (b
949 199 1020 243 16).
1060 199 1091 233 A
1118 199 1151 234 d.
1169 200 1226 233 27.
1245 199 1346 233 Febr.
1366 199 1408 233 ad
1433 199 1489 235 22.
1508 199 1592 234 Maii
1615 199 1717 234 1566.

212 317 458 352 celebremusa
485 319 520 350 et
548 316 676 351 idcirco
702 316 753 350 illi
780 318 891 352 simus
917 317 1098 352 fideliores
1124 328 1231 361 quam
1258 328 1381 351 omnes
1406 319 1539 351 sectae.
1581 317 1618 350 2⁰
1645 317 1770 357 dicam,
1797 328 1860 351 cur
1886 317 1978 351 inter

211 370 343 404 multos
369 372 577 414 peccatores
604 370 707 414 pauci
734 369 958 414 paenitentes
984 369 1235 415 reperianturb
1269 372 1303 403 et
1329 369 1383 403 illi
1408 369 1590 404 lubentius
1615 370 1812 404 moriantur
1837 369 1873 403 in
1899 380 1977 414 pec-

212 423 303 457 catis
337 429 467 466 quamc
502 422 597 457 circa
632 425 858 457 sacramenta
892 423 1134 468 poenitentiae
1168 434 1207 457 se
1243 425 1338 456 recte
1375 425 1578 464 exerceant,
1615 425 1651 456 et
1676 423 1832 457 fructum
1865 434 1910 456 ex
1936 433 1978 456 ea

211 477 507 520 consequantur.“
545 476 584 510 In
611 476 726 520 priore
754 476 927 511 contionis
953 478 1053 521 parte
1081 476 1245 511 Canisius
1270 475 1393 510 fideles
1419 476 1525 509 etiam
1554 478 1682 516 monet,
1708 476 1859 510 Mariam
1882 475 1977 516 „sine

211 528 374 571 originali
390 530 536 573 peccato
551 530 779 574 conceptam“
795 540 884 571 esse,
900 531 936 564 et
950 529 1201 572 „salutationis
1211 528 1417 572 angelicae-2⁴⁴
1432 540 1535 563 usum
1551 529 1725 563 adversus
1736 530 1978 574 protestantes

211 581 386 623 defendit;
413 582 448 616 in
467 593 538 626 qua
556 582 762 617 defensione
780 582 856 623 hoc,
883 584 1026 627 praeter
1044 582 1124 622 alia,
1144 582 1298 627 profert:
1329 581 1424 624 „Nec
1441 581 1539 616 ualet
1558 582 1649 625 quod
1669 582 1792 616 dicunt
1810 593 1879 615 non
1899 592 1977 615 esse

208 635 468 679 precationem3
496 635 607 678 igitur
632 647 747 679 neque
773 635 910 669 valebit
934 635 1154 679 Magnificat,
1183 634 1398 669 Benedictus
1424 637 1459 668 et
1484 634 1586 668 multi
1612 634 1741 679 psalmi
1767 634 1916 669 Dauidis
1942 633 1977 668 in

210 688 340 731 quibus
365 700 433 722 non
461 690 518 722 est
543 689 655 722 oratio
682 688 744 723 sed
771 688 972 727 laudatio“;
1000 688 1089 722 haec
1107 688 1218 722 verba
1244 690 1279 721 et
1296 690 1374 722 tota
1393 687 1526 722 Canisii
1553 687 1748 732 disputatio
1774 687 1976 727 ostendunt,

208 740 417 775 salutationi
453 741 638 784 angelicae
674 753 713 775 eo
749 744 909 785 tempore
945 741 979 775 in
1016 741 1168 775 ecclesia
1206 743 1409 784 augustana
1445 741 1598 774 nondum
1633 740 1839 774 adiunctam
1865 740 1976 774 fuisse

210 788 451 833 precationem
477 788 594 823 illam:
625 788 778 831 „Sancta
805 789 919 823 Maria
946 789 1063 822 Mater
1089 788 1173 822 Dei“
1205 791 1271 822 etc.
1322 789 1361 822 In
1388 787 1502 822 altera
1528 790 1648 822 autem
1675 788 1849 822 contionis
1874 789 1976 832 parte

208 841 464 885 paenitentiam
491 841 634 885 neglegi
654 841 820 876 Canisius
846 842 1004 875 ostendit
1023 853 1074 882 eo,
1102 841 1194 885 quod
1221 840 1382 875 homines
1407 840 1512 886 parvi
1535 841 1691 885 pendant
1709 840 1881 875 iustitiam
1902 840 1976 881 Dei,

209 893 381 928 malitiam
407 895 556 939 peccati,
592 894 833 938 paenitentiae
859 905 967 939 opera
994 897 1154 928 externa.
1206 894 1359 928 Fructus
1386 894 1513 928 deinde
1541 894 1782 938 paenitentiae
1808 892 1977 927 describit

209 958 254 981 ex
280 947 339 981 Iac
360 948 389 988 1,
409 947 547 982 22—‘25
569 947 609 990 (l.
630 959 659 982 0.
678 947 702 980 f.
721 947 924 990 44b—4911).
963 947 1015 981 De
1041 947 1109 981 hac
1136 947 1299 981 contione
1325 959 1359 981 V.
1379 947 1486 981 etiam
1514 947 1608 980 infra
1633 959 1725 981 mon.
1745 957 1826 989 aug.
1848 946 1882 989 (c
1902 945 1976 989 28).

332 1001 500 1042 „Errores
535 1000 578 1034 de
614 1001 723 1034 verbo
760 1000 834 1034 dei“
878 1000 914 1043 (l.
943 1013 971 1035 c.
999 1000 1023 1034 f.
1049 1000 1253 1043 49b—50b).
1303 1000 1422 1044 Atque
1457 1001 1586 1033 iterum
1622 1000 1765 1040 eadem,
1800 999 1978 1044 copiosius

208 1055 339 1093 tamen,
366 1055 568 1087 tractantur
594 1053 699 1098 paulo
726 1054 820 1087 infra
846 1053 881 1087 in
908 1053 1173 1094 commentario,
1200 1052 1292 1096 quod
1311 1053 1523 1098 inscriptum
1543 1055 1598 1087 est
1620 1052 1789 1095 „Errores
1807 1052 1849 1086 de
1867 1051 1976 1086 verbo

209 1105 272 1140 Dei
307 1105 412 1140 hodie
438 1107 664 1140 communes“
698 1106 735 1149 (l.
764 1117 792 1140 0.
821 1106 844 1140 f.
873 1106 1073 1149 572—592).
1124 1105 1342 1140 Refutantur
1377 1106 1413 1139 hi
1440 1117 1597 1140 errores:
1636 1107 1665 1140 1.
1707 1106 1885 1148 „Verbum
1911 1105 1976 1139 Dei

208 1158 293 1192 nihil
323 1161 378 1193 est
404 1159 501 1193 aliud
528 1171 635 1204 quam
662 1160 873 1204 scriptura.“
928 1159 960 1193 2.
987 1159 1053 1193 Est
1083 1159 1238 1201 „clarum
1265 1162 1301 1193 et
1326 1158 1489 1193 omnibus
1516 1159 1775 1202 intelligibile“.
1828 1158 1859 1192 3.
1890 1158 1976 1200 „Est

208 1212 315 1245 iudex
350 1213 685 1253 controuersiarum,
721 1224 786 1247 nec
812 1224 901 1257 opus
928 1214 983 1246 est
1009 1212 1108 1246 alio.“
1163 1214 1195 1247 4.
1238 1213 1442 1254 „Hactenus
1468 1215 1602 1246 tectum
1631 1213 1664 1246 in
1691 1212 1806 1246 lucem
1833 1211 1975 1256 prodijt,

210 1267 245 1298 et
270 1265 400 1299 mundo
427 1268 484 1300 est
515 1266 768 1310 patefactum.“
823 1267 853 1299 5.
895 1265 1011 1307 „Nihil
1039 1269 1094 1299 est
1119 1266 1187 1300 nisi
1214 1266 1309 1299 nuda
1345 1266 1532 1310 promissio
1558 1265 1656 1299 facta
1682 1265 1851 1299 credenti.
1902 1264 1976 1298 Nec

207 1318 309 1352 docet
345 1319 387 1353 de
423 1319 590 1363 operibus
624 1319 668 1352 ad
704 1318 859 1353 salutem
893 1318 1139 1363 necessarijS.“
1196 1319 1226 1353 6.
1267 1319 1352 1359 „Est
1386 1319 1446 1352 lex
1472 1318 1653 1362 perfectae
1680 1318 1858 1352 libertatis
1884 1329 1975 1362 quae

206 1370 336 1405 liberat
354 1371 531 1405 hominem
550 1383 571 1405 a
589 1371 769 1406 mandatis
787 1371 983 1405 humanis.“
1019 1371 1185 1406 Fortasse
1205 1371 1248 1405 ad
1268 1372 1359 1405 hanc
1378 1371 1588 1412 contionem,
1607 1382 1676 1405 non
1695 1371 1739 1405 ad
1757 1371 1974 1415 superiorem

206 1423 315 1465 illam,
351 1426 491 1469 spectat
526 1425 719 1469 propositio
751 1424 844 1467 „Nos
879 1426 998 1458 autem
1034 1425 1147 1458 nunc“
1179 1427 1266 1465 etc.‚
1303 1436 1409 1468 quam
1445 1424 1547 1469 posui
1582 1435 1691 1469 supra
1725 1436 1758 1469 p.
1785 1424 1852 1458 565
1879 1423 1915 1457 111
1942 1423 1974 1457 d.

208 1477 262 1512 22.
282 1477 403 1512 Martii
433 1478 533 1513 1566.
585 1478 667 1512 Sine
703 1478 769 1511 die.
822 1477 947 1512 Contio
984 1477 1105 1512 habita
1144 1478 1176 1511 in
1213 1478 1345 1523 templo
1373 1477 1406 1512 S.
1436 1478 1575 1512 Ioannis
1611 1477 1710 1518 feria,
1746 1479 1786 1511 ut
1821 1476 1973 1516 videtur,

208 1530 268 1565 IV.
296 1533 376 1575 post
402 1530 503 1565 Dom.
533 1531 590 1565 IV.
619 1531 750 1572 Quadr.
777 1532 855 1565 sive
883 1530 938 1565 27.
958 1530 1080 1564 Martii
1108 1531 1209 1565 1566.

329 1584 453 1626 „Feria
479 1585 605 1628 quinta
630 1587 711 1629 post
738 1584 952 1618 dominicam
978 1584 1133 1618 laetare“
1169 1584 1239 1627 (28.
1259 1584 1380 1618 Martii
1411 1584 1529 1628 1566).
1569 1584 1739 1626 „Joannis
1765 1584 1817 1617 5.“
1860 1582 1973 1626 Signi-

206 1638 335 1671 fleatur
361 1639 491 1679 autem,
528 1640 568 1671 ut
594 1649 638 1671 ex
665 1638 741 1682 ipso
769 1638 943 1671 contionis
970 1638 1223 1671 commentario
1258 1637 1490 1681 intellegitur,
1527 1636 1764 1679 evangelium,
1800 1636 1893 1680 quod
1921 1639 1975 1671 est

207 1687 250 1723 de
277 1690 428 1730 homine,
456 1691 515 1734 qui
544 1690 588 1725 38
607 1702 718 1724 annos
744 1692 1008 1733 aegrotaverat,
1036 1694 1173 1731 sanato,
1200 1693 1236 1724 et
1261 1690 1304 1724 de
1330 1702 1512 1735 responso,
1539 1690 1630 1733 quod
1651 1689 1817 1724 Christus
1835 1689 1976 1723 Iudaeis

210 1743 420 1777 miraculum
456 1743 543 1778 illud
579 1744 832 1788 spernentibus
867 1743 974 1784 dedit,
1009 1744 1087 1777 sive
1116 1744 1150 1777 Io
1177 1745 1208 1784 5,
1239 1743 1363 1778 1--29,
1415 1743 1595 1787 Antiquus
1629 1743 1720 1777 ritus
1751 1744 1975 1785 augustanus

210 1796 276 1831 hoc
311 1797 366 1830 die
402 1796 509 1831 habet
543 1797 777 1841 posteriorem
812 1797 918 1831 huius
954 1796 1132 1840 evangelii
1167 1799 1317 1841 partem,
1353 1797 1432 1831 sive
1463 1797 1499 1830 Io
1527 1797 1557 1837 5,
1587 1796 1761 1830 17—291.
1811 1795 1976 1830 Canisius

210 1850 363 1895 primum
391 1850 532 1894 quidem
560 1850 787 1893 evangelium
814 1850 970 1884 breviter
996 1850 1211 1893 explicavit;
1249 1850 1394 1884 deinde:
1435 1850 1571 1891 7,Ηειο0“
1604 1849 1730 1893 inquit,
1763 1849 1974 1893 „praecipua

211 1902 328 1947 capita
354 1903 510 1937 notanda
535 1903 570 1937 111
597 1903 664 1937 1100
690 1903 899 1946 Euangelio.
952 1902 1056 1937 Circa
1091 1903 1181 1946 quod
1216 1903 1375 1937 dicemus
1401 1903 1444 1936 de
1470 1902 1599 1936 iudicio
1626 1901 1758 1936 Christi
1784 1903 1974 1945 postremo,

210 1957 246 1989 et
271 1957 445 2000 quomodo
471 1956 560 1990 illud
586 1956 879 1991 considerandum
908 1959 949 1989 vt
974 1955 1041 1990 hoc
1066 1958 1225 2000 tempore
1239 1956 1251 1975 ⁴¹
1279 1956 1413 1989 seruiat
1436 1956 1479 1989 ad
1499 1955 1753 1999 poenitentiam
1772 1954 1971 1988 faciendam

211 2009 305 2043 sicut
331 2009 446 2053 exigit
473 2009 652 2044 Ecclesia“
685 2009 723 2051 (l.
752 2020 780 2042 c.
807 2009 831 2042 f.
860 2007 1060 2052 512-5512).

328 2063 405 2097 Hoc
419 2063 593 2096 contionis
608 2062 900 2096 commentarium
920 2062 1080 2106 proxime
1098 2062 1261 2106 sequitur
1278 2061 1430 2095 alterum
1450 2062 1555 2105 idque
1574 2061 1617 2095 ad
1636 2061 1729 2094 idem
1748 2060 1973 2104 evangelium

210 2117 377 2160 spectans
412 2118 520 2159 atque
556 2116 599 2150 ab
635 2115 710 2160 ipso
747 2114 888 2149 Canisio
923 2115 975 2149 sic
1013 2114 1245 2159 inscriptum:
1289 2115 1454 2157 „Summa
1489 2114 1664 2148 contionis
1701 2113 1846 2147 habitae
1881 2113 1973 2158 apud

211 2167 244 2203 S.
272 2168 544 2209 Catherinam“;
581 2180 671 2212 quae
699 2168 809 2202 verba
835 2168 1035 2208 ostendunt,
1069 2167 1267 2202 contionem
1295 2168 1388 2202 hanc
1414 2168 1448 2202 in
1476 2167 1608 2212 templo
1635 2167 1667 2201 S.
1697 2166 1913 2201 Catharinae
1939 2167 1974 2200 in

210 2222 363 2265 gratiam
382 2222 595 2256 feminarum
613 2221 783 2256 nobilium
803 2233 883 2256 011111
903 2221 1128 2266 imperatrice
1146 2222 1369 2255 versantium
1388 2221 1548 2255 habitam
1566 2232 1645 2254 esse
1664 2220 1719 2254 28.
1734 2220 1857 2253 Martii
1872 2219 1973 2254 1566.

215 2275 407 2320 „Proposui
442 2275 527 2309 mihi
561 2277 734 2315 tractare,
764 2302 770 2308 .
798 2302 804 2308 .
834 2302 840 2308 .
869 2274 1041 2318 quomodo
1077 2274 1302 2309 Christianus
1337 2286 1381 2308 ex
1416 2274 1481 2308 hoc
1516 2273 1711 2317 Euangelio
1745 2273 1812 2306 sibi
1847 2272 1975 2306 debeat

210 2328 431 2362 occasionem
466 2340 606 2362 sumere
641 2328 685 2362 ad
713 2327 777 2362 Dei
812 2328 974 2361 timorem
1011 2330 1046 2361 et
1080 2327 1335 2372 poenitentiam
1372 2327 1547 2371 agendam
1585 2326 1780 2360 secundum
1815 2325 1971 2359 ordinem

211 2380 404 2422 Ecclesiae,
440 2384 480 2415 ut
515 2393 555 2415 eo
590 2381 718 2415 melius
753 2392 855 2415 suam
890 2380 1080 2415 concludat
1106 2380 1417 2424 quadragesimam
1455 2382 1490 2414 et
1516 2379 1603 2413 felix
1630 2379 1784 2423 accipiat
1809 2378 1968 2412 Pascha“

213 2433 250 2476 (l.
278 2446 307 2468 0.
334 2435 359 2468 f.
387 2435 588 2477 55b—56b).

331 2488 434 2521 Feria
451 2488 512 2522 VI.
531 2488 608 2522 sive
635 2487 692 2522 29.
709 2487 831 2521 Martii
852 2486 941 2521 1566
961 2487 1124 2521 Canisius
1151 2498 1212 2531 pro
1232 2498 1327 2521 more
1354 2488 1390 2520 et
1407 2498 1469 2531 pro
1487 2485 1615 2527 officio,
1642 2485 1736 2529 quod
1753 2486 1971 2529 susceperat,

210 2540 246 2573 in
281 2541 413 2585 templo
440 2541 474 2575 S.
502 2541 644 2574 loannis
680 2540 904 2574 contionatus
931 2551 1009 2574 esse
1036 2540 1176 2574 omnino
1204 2539 1364 2579 videtur;
1403 2550 1518 2583 neque
1554 2541 1683 2579 tamen,
1719 2537 1804 2581 quid
1831 2537 1971 2577 dixerit,

214 2595 364 2627 constat.

333 2646 539 2688 „Dominica
573 2646 775 2680 Passionis“
819 2646 889 2689 (31.
917 2645 1039 2679 Martii
1077 2645 1196 2688 1566).
1246 2645 1434 2680 Rationem
1469 2644 1640 2689 temporis
1674 2642 1767 2677 sacri
1803 2642 1972 2686 explicat.

217 2698 337 2739 „Nunc
372 2700 415 2733 ad
442 2699 677 2742 Euangelium
714 2699 887 2743 quomodo
922 2699 1024 2732 nobis
1058 2698 1194 2732 seruiat
1220 2698 1262 2731 ad
1298 2697 1500 2742 passionem
1528 2696 1659 2731 Christi
1686 2696 1723 2730 29
1748 2695 1833 2738 quid
1860 2706 1904 2728 ex
1931 2706 1970 2728 eo

212 2752 391 2796 simplices
427 2753 581 2786 maxime
616 2755 740 2786 notare
775 2751 931 2785 habeant
965 2763 1028 2786 cur
1054 2763 1122 2785 non
1157 2752 1247 2785 satis
1282 2749 1460 2795 peccatori
1495 2749 1625 2783 habere
1660 2748 1909 2782 contritionem
1935 2747 1969 2781 in

214 2804 315 2837 corde
341 2805 403 2838 sed
431 2805 536 2839 etiam
565 2817 624 2839 ore
650 2805 779 2839 debeat
804 2804 965 2838 confiteri
992 2804 1065 2838 Deo
1093 2806 1129 2838 et
1154 2803 1230 2837 eius
1248 2803 1392 2837 Vicario
1420 2803 1440 2837 3
1467 2803 1549 2846 qui‘
1566 2801 1612 2846 [2³]
1639 2801 1789 2835 verbum
1816 2799 1880 2833 Dei
1906 2811 1970 2834 nos

213 2856 337 2890 doceat
363 2857 405 2890 de
432 2857 653 2892 confessione
679 2859 904 2902 peccatorum
933 2859 968 2890 et
994 2857 1073 2901 quis
1101 2856 1196 2891 illius
1222 2857 1381 2890 fructus“
1415 2855 1452 2899 (l.
1479 2867 1509 2889 0.
1536 2855 1560 2888 f.
1588 2853 1788 2896 59b—632).

335 2909 437 2950 „Qui
473 2913 626 2944 autern
658 2910 988 2955 perspexerit“
1020 2912 1086 2944 etc.
1117 2909 1192 2953 (Iac
1221 2910 1250 2950 1,
1277 2909 1350 2952 25).
1405 2908 1540 2951 „Quare
1566 2909 1685 2941 autem
1713 2905 1869 2940 Jacobus
1895 2908 1968 2939 tam

213 2960 304 2994 serio
337 2964 464 3004 vrgeat
499 2974 615 3006 opera.
667 2963 710 2996 Jd
747 2963 899 3007 primum
935 2963 1062 2996 dicam.
1114 2963 1150 2995 2⁰
1185 2962 1455 2995 instructionem
1491 2960 1579 2994 dabo
1610 2959 1652 2992 de
1678 2958 1779 2992 bonis
1805 2957 1969 3002 operibus

332 3039 358 3062 a)
382 3037 445 3061 Octo
468 3045 507 3062 ur.
527 3045 584 3068 sqq.
605 3038 639 3061 ab
660 3038 722 3068 *ip-so
745 3040 772 3061 C.
792 3038 822 3061 in
845 3038 975 3068 margine
996 3037 1100 3061 addita
1119 3040 1195 3062 sunt.
1264 3035 1293 3067 b)
1315 3038 1425 3068 Septem
1447 3043 1490 3059 vr.
1505 3043 1563 3066 sqq.
1583 3035 1618 3059 ab
1640 3035 1700 3065 ipso
1723 3036 1751 3058 ζ’.
1771 3034 1873 3058 addita
1894 3036 1969 3058 sunt.

215 3076 240 3106 c)
262 3076 397 3106 Sequitur
417 3077 477 3108 qui,
497 3079 585 3103 oblitt.
665 3077 695 3108 d)
717 3079 854 3109 Sequitur
874 3078 981 3110 prosit.
1002 3087 1018 3102 1(
1039 3079 1105 3103 libr.
1126 3079 1215 3103 oblitt.
1290 3078 1317 3108 0)
1339 3079 1404 3107 Sir,-
1423 3076 1626 3107 corrinendmn
1649 3076 1762 3099 ridetur
1782 3074 1863 3107 quid.

339 3181 346 3199 ¹
374 3181 515 3213 Missale
541 3182 565 3214 f.
593 3183 774 3216 76¹³—77³.
