2045 3471
715 196 828 231 Roma
854 196 909 231 22.
929 196 1051 231 Martii
1072 196 1173 231 1567.
1736 198 1820 239 409

61 325 140 349 esse
169 325 209 356 „a
235 314 291 349 22.
318 314 352 347 di
383 325 500 348 marzo
536 314 657 348 ordine
683 326 790 359 sopra
815 315 840 349 il
866 315 1142 350 raccomandare
1169 317 1189 349 a
1214 314 1281 349 Dio
1307 313 1350 349 N.
1377 314 1527 358 Signore
1553 314 1588 348 la
1614 313 1761 348 mission
1787 313 1823 346 di

60 367 168 412 quelli
204 366 269 401 che
303 366 373 400 han
410 367 444 400 di
471 367 583 401 andar
608 367 680 401 alla
706 367 859 409 Florida,
896 370 930 402 et
957 368 1063 403 Jndie
1090 367 1313 408 occidentali,
1344 369 1364 401 a
1390 366 1542 401 Francia
1568 366 1761 402 Germania
1788 368 1823 399 et

61 419 205 455 Jtalia“.
264 419 319 454 Ex
355 419 467 454 Sociis
502 419 664 465 hispanis
698 420 864 455 Floridae
899 420 1088 455 destinatis
1124 421 1228 466 primi
1263 423 1338 454 tres
1372 432 1502 454 navem
1541 420 1822 455 conscenderant

60 473 115 508 28.
142 473 234 507 Iunii
262 473 364 507 1566.
403 472 458 506 Ex
484 473 528 507 iis
554 475 685 513 autem,
712 475 773 518 qui
799 473 966 518 Philippo
993 474 1037 508 11.
1064 476 1209 519 petente
1234 485 1346 517 regno
1372 485 1530 518 peruano
1559 472 1684 516 (Peru)
1714 472 1821 507 desti-

57 526 133 561 nati
168 527 279 568 erant,
317 525 423 570 primi
461 528 540 560 octo
579 527 610 561 2.
644 526 858 561 Novembris
897 527 985 562 1567
1025 527 1199 571 navigare
1237 530 1432 572 coeperunt
1469 526 1636 570 (Astraia
1671 526 1694 561 l.
1722 537 1750 560 c.
1787 526 1820 559 Π

59 579 126 614 287
154 579 370 622 305-307).

177 632 344 666 Fortasse
382 632 570 666 adiunctae
608 634 693 666 sunt
731 633 838 667 etiam
876 633 979 667 binae
1018 633 1108 668 aliae
1151 633 1312 676 „litterae
1351 633 1591 674 communes“,
1629 633 1707 667 sive
1745 632 1821 666 dies

57 685 113 720 22.
131 685 254 719 Martii
274 686 362 720 1567
389 685 446 720 his
473 696 612 729 quoque
639 686 819 730 ascriptus
846 688 911 727 est,
937 687 1015 721 sive
1041 686 1189 732 ascripti
1212 689 1296 721 sunt
1314 687 1400 727 dies,
1428 697 1517 730 quos
1535 685 1661 721 statim
1680 697 1820 730 ponam.

56 738 99 772 In
136 737 219 773 Cod.
262 738 382 781 „Def.“
430 738 524 772 enim
563 737 753 773 *notatum
792 741 848 773 est
882 740 916 773 in
952 740 984 774 d.
1026 740 1079 774 13.
1112 739 1233 774 Martii
1275 740 1385 774 1567:
1437 739 1508 781 „Fu
1545 738 1821 773 raccomandata

56 790 201 826 l’anima
227 791 284 826 del
302 792 340 826 P.
361 791 515 826 Antonio
541 791 583 826 de
610 791 773 826 Cordoua
800 804 898 827 come
924 793 1105 827 Fundator
1131 793 1214 827 delli
1241 792 1383 838 collegij
1412 793 1446 827 di
1473 791 1635 827 Cordoua
1661 793 1697 826 et
1722 791 1819 826 Sala-

57 855 184 879 manca
219 846 444 890 dapertutto“
489 845 647 888 („Messe
682 848 718 879 et
753 857 802 879 or.
838 857 902 890 per
927 845 952 880 li
978 845 1144 890 Fund.“).
1195 846 1242 880 Et
1276 847 1311 880 in
1337 846 1370 880 d.
1400 847 1453 880 15.
1480 845 1603 880 Martii
1636 845 1745 880 1567:
1779 844 1820 878 In

58 896 286 932 Germaniam
322 898 541 943 superiorem
576 898 706 932 missas
733 910 811 932 esse
836 898 988 940 litteras,
1024 899 1153 943 quibus
1179 898 1444 944 proponebatur
1468 897 1653 942 negotium
1679 897 1820 940 collegii

57 949 318 985 bellimarensis
357 953 392 985 et
429 951 537 985 simul
572 951 869 996 praecipiebatur,
905 954 946 985 ut
981 954 1068 996 quot
1101 952 1244 996 singula
1283 951 1436 995 collegia
1473 951 1648 986 haberent
1686 950 1818 991 Socios,

56 1006 229 1047 quantum
256 1004 410 1038 reditum
436 1016 603 1043 annuum,
631 1006 805 1048 quantum
832 1005 924 1039 aeris
951 1005 1069 1046 alieni,
1096 1005 1244 1039 Romam
1276 1005 1319 1039 ad
1346 1005 1590 1049 praepositum
1615 1003 1819 1048 generalem

55 1056 252 1091 referretur
280 1056 459 1100 („Diuersi
487 1058 620 1092 ordini⁴⁴
652 1058 747 1101 etc).
787 1057 1039 1092 Nobilissimus
1065 1060 1101 1092 et
1126 1057 1421 1101 religiosissimus
1447 1058 1504 1092 vir
1530 1058 1569 1093 P.
1596 1058 1774 1092 Antonius
1800 1069 1820 1091 a

57 1109 220 1144 Corduba
247 1109 280 1146 S.
301 1111 333 1145 J.
360 1122 407 1145 m.
433 1110 599 1145 Ianuario
626 1122 656 1145 a.
687 1111 776 1145 1567
806 1110 986 1156 Oropesae
1017 1110 1208 1156 (Oropesa)
1247 1113 1410 1145 mortuus
1437 1113 1516 1145 erat
1545 1111 1714 1154 (Astrain
1739 1110 1761 1144 1.
1789 1122 1818 1144 c.

57 1162 89 1196 II
114 1162 214 1206 472).
248 1163 346 1205 Quae
371 1163 563 1198 missarum
587 1163 766 1198 sacrificia
793 1166 829 1198 et
854 1175 946 1208 quae
972 1164 1196 1209 precationes
1221 1164 1257 1198 in
1277 1163 1456 1198 Societate
1481 1176 1544 1209 pro
1570 1163 1819 1198 fundatoribus

56 1215 287 1259 collegiorum
312 1217 389 1251 vita
415 1217 548 1251 functis
573 1217 648 1251 Deo
675 1217 879 1259 offerantur,
907 1218 988 1251 vide
1017 1219 1103 1252 Can.
1131 1217 1181 1252 IV
1201 1218 1294 1252 1101.
1327 1218 1368 1251 In
1394 1229 1487 1262 pago
1514 1217 1686 1252 Bellimar
1710 1228 1820 1262 prope

56 1269 195 1312 Burgos
229 1270 265 1304 in
293 1269 450 1304 Castella
484 1271 553 1305 sito
584 1270 799 1304 Benedictus
830 1270 1071 1314 Uguccionius
1107 1270 1403 1316 metropolitanae
1429 1271 1603 1305 ecclesiae
1628 1270 1819 1314 burgensis

55 1323 247 1357 canonicus
283 1335 374 1357 anno
403 1323 494 1358 1560
519 1323 690 1358 Societati
726 1335 875 1368 parvum
912 1324 1089 1368 quoddam
1126 1324 1317 1368 collegium
1344 1324 1562 1358 condiderat.
1613 1323 1712 1366 Quod
1739 1335 1818 1358 cum

55 1378 196 1410 tantum
223 1377 291 1411 100
325 1377 401 1411 fere
436 1377 584 1412 ducatos
619 1388 756 1411 annuos
790 1377 949 1418 haberet,
985 1378 1073 1411 duos
1107 1379 1248 1412 tantum
1274 1377 1480 1412 sacerdotes
1506 1389 1584 1411 eum
1612 1389 1681 1411 uno
1706 1377 1819 1411 fratre

55 1429 145 1464 laico
172 1432 208 1464 et
233 1442 302 1464 uno
332 1430 490 1464 iumento
516 1430 612 1464 alere
638 1433 780 1475 poterat
808 1430 1032 1473 (Sca-chinus,
1060 1430 1153 1464 Hist.
1181 1430 1216 1464 S.
1242 1431 1275 1465 J.
1303 1430 1345 1471 II,
1372 1430 1395 1464 l.
1421 1431 1453 1472 4,
1480 1442 1513 1464 n.
1544 1430 1621 1465 172.
1666 1431 1817 1464 Astraia

54 1482 77 1516 l.
104 1494 134 1517 c.
161 1483 206 1517 54
230 1483 345 1527 487¹).
397 1483 513 1524 Quare
540 1484 690 1527 Borgias
717 1483 915 1525 dubitabat,
942 1486 1062 1517 utrum
1088 1483 1313 1518 retinendum
1340 1495 1385 1518 an
1411 1483 1683 1527 relinquendum
1710 1485 1817 1517 esset.

57 1537 94 1570 S.
121 1538 285 1580 [quatias
311 1538 430 1570 autem
458 1537 711 1571 constituerat:
743 1537 996 1582 „praepositus
1024 1536 1222 1578 Generalis,
1260 1537 1367 1571 simul
1402 1548 1483 1571 cum
1510 1536 1698 1577 Societate,
1733 1547 1817 1570 num

55 1589 212 1624 admissa
246 1590 316 1624 iam
345 1589 505 1634 Collegia
539 1590 598 1624 vel
625 1590 759 1624 Domus
795 1590 948 1634 relinqui
984 1590 1145 1631 debeant,
1177 1602 1221 1624 an
1248 1590 1404 1632 retineri,
1431 1592 1580 1625 statuat.
1631 1589 1670 1623 Id
1696 1591 1817 1623 tamen

55 1643 90 1677 in
117 1642 402 1687 Congregatione
428 1643 588 1687 generali
614 1644 692 1677 fieri
719 1646 858 1688 posset;
895 1646 932 1678 et
958 1645 1066 1678 etiam
1093 1643 1170 1677 sine
1197 1643 1268 1683 illa,
1295 1643 1416 1678 missis
1441 1643 1609 1678 nimirum
1635 1642 1818 1686 suffragiis

54 1695 98 1730 ab
124 1696 178 1738 iis,
205 1697 265 1740 qui
291 1696 347 1730 ius
373 1696 505 1731 habent
531 1696 713 1740 suff1·agii“
747 1696 1045 1739 (Constitutiones
1072 1696 1105 1731 S.
1126 1697 1169 1737 J.,
1196 1696 1235 1732 P.
1261 1697 1292 1738 4,
1320 1708 1349 1731 c.
1377 1697 1408 1738 2,
1435 1696 1494 1740 A).
1530 1691 1706 1737 Canisius‚
1733 1696 1816 1740 quid

55 1749 98 1783 de
124 1761 165 1784 ea
191 1761 229 1783 re
255 1750 416 1791 sentiret,
445 1751 499 1784 14.
526 1750 662 1795 Aprilis
691 1750 781 1785 1567
810 1750 962 1792 Borgiae
989 1750 1145 1794 scripsit.

172 1801 334 1847 Denique
360 1815 404 1837 ex
432 1803 565 1837 Canisii
592 1803 756 1848 epistula,
793 1814 899 1847 quam
926 1803 1029 1837 modo
1055 1802 1139 1844 dixi,
1166 1802 1399 1846 intellegitur,
1426 1802 1494 1848 ipsi
1521 1802 1579 1836 vel
1605 1802 1712 1837 simul
1739 1814 1818 1837 cum

54 1855 110 1890 his
136 1855 281 1890 Polanci
316 1856 449 1891 litteris
484 1857 543 1890 vel
578 1856 698 1901 paullo
733 1858 816 1890 ante
852 1855 983 1890 allatas
1018 1867 1097 1890 esse
1124 1855 1294 1890 *litteras
1325 1856 1437 1890 Roma
1464 1856 1495 1890 3.
1523 1856 1645 1890 Martii
1673 1856 1763 1890 1567
1796 1867 1816 1889 a

56 1910 91 1943 S.
119 1911 313 1944 Francisco
339 1911 475 1954 Borye'a
510 1910 623 1950 datas,
659 1920 749 1953 quas
784 1909 999 1954 praepositis
1034 1909 1314 1954 provincialibus
1350 1921 1555 1944 communes
1583 1909 1817 1953 („Commune

55 1962 116 1996 alli
135 1963 391 2007 Prouinciali“)
413 1975 491 1997 esse
517 1963 552 1997 in
571 1962 777 2007 germanico
797 1962 949 2006 Borgiae
968 1962 1135 2006 Registro
1162 1964 1324 1997 notatum
1352 1965 1417 2004 est,
1445 1964 1480 1997 et
1506 1974 1595 2007 quas
1621 1974 1668 1996 m.
1687 1962 1816 1996 Martio

58 2016 146 2051 1567
185 2016 221 2050 in
260 2016 489 2051 Germaniam
527 2016 746 2061 superiorem
786 2016 915 2050 missas
954 2027 1033 2050 esse
1071 2016 1300 2060 cognoscitur
1337 2016 1444 2050 etiam
1484 2027 1528 2049 ex
1567 2016 1650 2050 Cod.
1694 2015 1811 2058 „Defi‘

57 2068 238 2113 („Diuersi
273 2070 406 2104 ordini“
437 2072 523 2106 etc:
558 2070 590 2104 3.
616 2069 738 2103 Martii
767 2070 887 2112 1567).
939 2069 994 2103 Ita
1029 2069 1140 2112 igitur
1167 2070 1337 2113 Borgias:
1377 2069 1504 2112 ⁷‚Come
1539 2070 1573 2103 in
1605 2068 1817 2102 dimandano

54 2122 229 2166 suggietti
264 2122 299 2157 di
334 2123 474 2157 diuerse
499 2123 624 2159 bande.
660 2125 696 2156 et
723 2125 740 2155 e
767 2122 969 2156 necessario
995 2122 1046 2156 tal
1072 2122 1171 2156 uolta
1196 2123 1297 2157 siano
1323 2122 1554 2163 accomodati,
1581 2121 1636 2155 del
1663 2121 1815 2160 Viatico,

56 2177 91 2210 et
117 2176 207 2210 altre
233 2187 337 2220 spese
363 2177 566 2210 necessarie
592 2187 654 2220 per
680 2175 705 2209 il
730 2175 887 2219 uiaggio,
917 2178 1045 2219 questa
1072 2187 1154 2210 cosa
1180 2187 1293 2219 graua
1319 2175 1427 2209 molto
1454 2176 1488 2209 la
1514 2186 1598 2210 casa
1625 2175 1667 2209 de
1693 2174 1815 2215 Roma,

56 2228 197 2273 laquale
231 2228 278 2263 ha
312 2230 426 2274 patito
452 2231 578 2273 questo
605 2240 689 2273 peso
715 2228 856 2272 quando
882 2240 951 2263 non
977 2229 1007 2262 si
1033 2230 1164 2273 poteua
1189 2229 1245 2263 far
1270 2229 1485 2269 altrimente‚
1513 2228 1639 2262 adesso
1666 2227 1731 2261 che
1757 2228 1817 2270 gia

55 2282 88 2320 16
114 2281 301 2317 Prouincie
336 2284 511 2327 potranno
547 2281 677 2324 meglio
712 2282 873 2322 aiutarsi‚
910 2283 946 2315 et
980 2283 999 2315 a
1035 2282 1192 2325 ogniuna
1225 2283 1307 2316 sara
1343 2293 1428 2327 poco
1465 2281 1546 2325 quel
1582 2292 1666 2325 peso
1699 2280 1763 2314 che
1796 2282 1816 2313 a

56 2335 168 2369 Roma
193 2335 343 2370 sarebbe
369 2337 495 2380 troppo
522 2347 585 2379 per
610 2334 707 2376 tutti,
734 2335 782 2368 mi
809 2337 827 2368 6
853 2346 959 2379 parso
986 2335 1148 2369 ordinare
1175 2334 1240 2369 che
1266 2347 1335 2369 non
1361 2335 1391 2369 si
1419 2334 1621 2368 dimandino
1648 2334 1706 2378 piu
1733 2345 1815 2377 sug-

56 2389 147 2432 getti
181 2388 216 2423 di
241 2387 354 2422 Roma
388 2399 495 2422 senza
531 2388 681 2421 mandar
707 2387 853 2429 credito,
889 2399 952 2432 per
978 2388 1067 2422 darli
1094 2388 1118 2421 il
1145 2388 1287 2429 uiatico,
1315 2388 1371 2422 del
1399 2388 1504 2431 quale
1531 2387 1664 2421 credito
1691 2398 1759 2420 non
1785 2386 1816 2420 si

56 2441 208 2486 pigliara
234 2441 294 2486 piu
321 2441 355 2474 di
383 2443 516 2485 quanto
541 2443 623 2475 sara
650 2441 853 2474 necessario
879 2452 942 2485 per
969 2440 992 2474 il
1019 2441 1176 2485 uiaggio,
1203 2441 1294 2475 diasi
1321 2440 1433 2475 anche
1460 2440 1581 2474 ordine
1608 2442 1628 2474 a
1653 2439 1774 2474 saldar
1791 2439 1815 2474 li

56 2495 150 2530 conti
175 2494 312 2535 uecchi‚
339 2494 502 2539 pagando
529 2494 684 2537 ogniuno
711 2493 855 2537 quello¹²
881 2494 946 2528 che
972 2494 1061 2528 deue
1088 2506 1150 2539 per
1177 2495 1266 2528 detti
1293 2495 1436 2528 uiatici⁴‘
1468 2494 1529 2538 (ex
1556 2505 1676 2538 apogr.
1703 2493 1815 2528 eiusd.

56 2551 183 2592 temp.;
214 2547 353 2589 „Germ.
381 2548 445 2582 65⁴⁴
476 2547 500 2580 f.
527 2546 639 2590 235³).

175 2601 214 2634 In
248 2600 369 2634 libello
405 2600 568 2644 quodam,
604 2600 638 2633 in
674 2611 779 2644 quem
809 2601 976 2634 (lanistas
1011 2600 1046 2634 in
1073 2612 1175 2634 usum
1207 2612 1311 2635 suum
1338 2600 1452 2633 multa
1477 2602 1670 2644 praecepta
1696 2611 1737 2633 ac
1763 2610 1815 2633 re-

56 2665 186 2699 sponsa
211 2656 278 2688 etc.
298 2654 355 2687 vel
374 2665 439 2688 sua
462 2664 569 2687 manu
587 2653 776 2693 referebat,
804 2653 861 2687 vel
882 2665 944 2698 per
969 2653 1058 2687 alios
1084 2654 1271 2687 referenda
1297 2653 1456 2692 curabat,
1482 2653 1570 2687 haec
1597 2656 1815 2698 comparent,

56 2718 163 2741 manu
197 2706 333 2741 librarii
368 2707 520 2741 alicuius
554 2705 736 2751 *scripta:
776 2705 989 2747 „consultus
1019 2706 1188 2740 Pontifex
1223 2718 1243 2740 a
1280 2706 1318 2740 Ρ.
1346 2706 1522 2747 Generali‚
1559 2718 1603 2740 an
1638 2706 1744 2740 liceat
1778 2706 1813 2740 in

56 2761 180 2794 mutuo
206 2760 362 2804 quinque
389 2771 451 2804 pro
478 2761 620 2794 centum
647 2759 779 2803 pacisci
808 2759 992 2803 respondit
1016 2771 1086 2793 non
1112 2771 1191 2794 esse
1217 2772 1238 2794 a
1264 2760 1396 2794 nostris
1422 2759 1658 2794 absoluendos
1684 2759 1745 2803 qui
1761 2759 1813 2794 sic

57 2813 297 2858 paciscuntur.
340 2812 545 2848 Cauendum
573 2814 692 2846 tamen
719 2812 810 2851 istic,
838 2823 881 2845 ne
907 2812 990 2856 quid
1018 2812 1130 2847 nostri
1157 2812 1199 2846 de
1225 2812 1292 2846 hoc
1318 2824 1448 2855 genere
1475 2811 1615 2857 publice
1633 2812 1817 2858 disputent

57 2867 119 2900 aut
145 2866 412 2900 contionentur:
440 2865 498 2899 Sic
529 2866 634 2899 Pater
659 2864 701 2898 N.
731 2864 917 2898 Generalis
944 2876 989 2898 ex
1015 2865 1112 2898 Vrbe
1141 2865 1194 2899 16.
1222 2864 1343 2909 Martij
1373 2865 1462 2899 1567
1491 2865 1591 2908 (Cod.
1623 2865 1727 2907 „Cam
1749 2866 1811 2901 10⁶

57 2930 90 2963 p.
118 2918 192 2961 56).
243 2919 291 2952 At
325 2918 492 2953 librarius
528 2930 589 2963 pro
618 2918 707 2952 1567
742 2918 899 2952 scribere
935 2918 1057 2952 debuit
1095 2919 1195 2952 1576.
1254 2918 1346 2952 Nam
1382 2919 1432 2952 ita
1467 2930 1487 2952 a
1520 2917 1691 2962 Gregorio
1717 2918 1813 2954 XIII.

56 2982 265 3016 responsum
292 2983 371 3006 esse
397 2971 601 3006 Everardus
627 2971 874 3005 Mercurianus
900 2971 1126 3015 praepositus
1152 2971 1331 3014 generalis
1358 2972 1470 3005 Roma
1499 2971 1552 3006 16.
1576 2971 1695 3006 Martii
1725 2973 1814 3006 1576

58 3023 101 3057 ad
120 3023 158 3059 P.
178 3024 329 3058 Paulum
348 3024 534 3059 Hoffaeum
561 3024 725 3069 scripsit;
753 3036 786 3058 v.
807 3025 848 3057 B.
868 3024 985 3066 Duhr,
1015 3023 1080 3058 Die
1099 3024 1294 3058 deutschen
1313 3024 1475 3058 Jesuiten
1494 3024 1542 3058 im
1561 3024 1814 3070 Fiinfprozent-

59 3075 169 3111 Streit
210 3077 271 3111 des
316 3078 369 3111 16.
405 3077 688 3117 Jahrhunderts,
730 3077 765 3110 in
808 3076 1034 3118 „Zeitschrift
1076 3077 1132 3111 fiir
1175 3077 1401 3111 katholische
1439 3076 1653 3121 Theologie“
1696 3077 1814 3112 XXIV

59 3128 255 3163 223—224.

178 3188 204 3218 a)
227 3187 325 3219 quelle
345 3197 392 3220 up.
