2077 3461
257 199 309 240 16
738 197 839 233 1201.
867 197 1031 233 canisius
1057 198 1092 234 S.
1111 198 1300 233 Francisco
1328 199 1370 233 de
1398 199 1539 242 Borgia.

374 314 512 357 Mittit
558 317 788 369 praeterea
834 316 884 358 D.
930 316 1169 358 Cardinalis
1217 316 1555 359 Instrumentum
1612 316 1908 359 authenticum
1961 317 2013 358 de

250 379 537 422 translatione
578 379 838 422 Rectoratus
885 379 928 422 in
971 381 1232 423 Societatem
1275 380 1420 423 facta³²
1469 381 1740 432 solemniter,
1787 384 1836 423 ut
1883 383 2013 424 antea

252 444 524 498 scripsimus,
568 458 663 486 cum
697 445 742 488 P.
775 445 966 487 Aloisius
1003 445 1126 487 nobis
1159 445 1333 487 adesset
1347 447 1374 488 ¹.
1438 445 1559 494 Quod
1590 446 1627 487 si
1659 446 1760 499 quid
1793 445 2013 498 corrigen-

251 509 353 550 dum
385 509 467 551 erit
492 508 535 550 in
558 509 707 551 eodem
731 509 1035 559 instrumento,
1071 509 1292 551 admoneri
1314 510 1431 564 cupit
1453 510 1505 554 D.
1528 510 1781 562 Cardinalis‚
1814 510 2013 552 lubenter

253 576 480 616 secuturus
522 574 652 616 aliam
684 574 965 617 Instrumenti
1008 574 1204 625 formam,
1249 588 1376 628 quam
1418 574 1578 617 rectius
1610 575 1738 617 isthic
1770 575 2011 617 confectam

253 638 510 693 acceperitb.

371 703 514 756 Atque
546 703 666 753 haee,
701 703 808 746 satis
841 717 935 745 esse
968 703 1170 745 uidentur
1201 704 1255 746 ad
1282 704 1469 757 aliquam
1494 704 1647 746 dehoc
1670 704 1865 758 collegio,
1899 704 2012 757 quod

251 768 435 809 multum
467 768 589 809 nobis
610 767 773 821 negotij
798 767 954 818 adfert,
988 768 1201 810 rationem
1223 769 1485 811 reddendum
1502 771 1518 796 2
1536 803 1544 811 .
1562 771 1610 811 ut
1632 769 1681 811 R.
1706 769 1752 811 P.
1777 769 1824 812 T.
1848 783 1894 810 re
1917 771 2012 811 tota

251 832 418 886 plenius
457 833 693 881 intellecta,
736 835 909 874 nostras
947 846 1102 886 operas
1142 833 1309 875 felicius
1349 834 1393 875 in
1425 833 1594 876 Christo
1635 834 1784 876 iuuare
1826 837 1870 876 et
1910 847 2010 887 pro-

250 910 425 939 mouere
465 897 615 951 possit.
678 897 798 938 Illius
836 897 1034 951 precibus
1067 901 1110 940 et
1142 898 1364 952 sacrificijs
1396 913 1474 940 nos
1512 901 1555 941 et
1587 898 1885 953 gijmnasium⁰
1916 899 2009 948 1100,

249 975 421 1016 semper
452 962 646 1015 cupimus
679 962 1026 1004 commendatum
1066 962 1131 1005 iri.
1195 963 1396 1016 Dilingae
1432 966 1483 1006 10
1516 964 1740 1005 Februarii
1775 964 1900 1006 1565.

1131 1044 1292 1087 Seruus
1324 1045 1367 1086 in
1401 1044 1568 1087 Christo
1602 1045 1649 1088 P.
1683 1044 1890 1088 Canisius

368 1123 545 1157 Polancus
572 1124 741 1158 mandatu
768 1123 802 1158 S.
822 1123 1004 1158 Francisci
1030 1124 1184 1168 Borgiae
1213 1125 1355 1160 Canisio
1381 1125 1565 1170 respondit
1591 1125 1621 1159 3.
1642 1125 1776 1170 Aprilis
1804 1125 1904 1159 1565.

252 1242 397 1280 1201.
496 1244 712 1280 CANISIUS
741 1243 1005 1281 SANCTG
1034 1244 1421 1282 FRANCISGO
1450 1245 1541 1281 DE
1568 1244 1855 1289 BORGIA,
1892 1246 2009 1281 Socie-

415 1298 500 1332 tatis
526 1298 607 1332 Iesu
634 1299 768 1332 vicario
796 1299 968 1341 generali.
1392 1300 1537 1343 Dilinga
1566 1301 1619 1334 15.
1646 1300 1829 1333 Februarii
1857 1300 1958 1334 1565.

369 1374 424 1408 Ex
450 1374 665 1419 apographo,
693 1376 784 1419 quod
812 1375 878 1409 sub
897 1387 928 1410 a.
949 1375 1039 1410 1860
1059 1378 1206 1410 curante
1225 1377 1339 1409 Boero
1359 1388 1402 1409 ex
1422 1376 1616 1421 archetypo
1637 1375 1706 1419 (203
1726 1376 1746 1409 2
1761 1376 1815 1416 ff.;
1843 1376 2007 1410 Canisius

247 1438 314 1461 sua
339 1438 446 1461 manu
480 1439 607 1461 nomen
634 1427 825 1472 [„Seruus⁴‘
856 1427 938 1471 etc]
965 1428 1181 1474 subscripsit
1215 1431 1250 1462 et
1286 1429 1553 1474 inscriptionem
1580 1429 1713 1474 posuit)
1750 1429 1786 1462 in
1817 1429 1875 1471 „1⁴2
1904 1429 1940 1463 C.
1968 1429 2002 1462 I“

249 1492 282 1514 n.
312 1480 378 1514 153
407 1480 447 1523 (f.
478 1482 519 1515 17
548 1482 607 1524 18)
637 1482 751 1526 posito
779 1481 1012 1526 exscriptum,
1047 1482 1112 1516 sub
1149 1493 1180 1516 a.
1210 1482 1300 1516 1903
1327 1493 1407 1515 cum
1434 1482 1557 1516 eodem
1583 1481 1717 1516 archet.
1744 1481 1911 1516 collatum
1941 1484 2006 1516 est.

371 1552 509 1584 Gaudet
526 1552 696 1594 Bormam
716 1552 899 1585 Societate‘s
924 1554 1096 1585 rz'cariam
1124 1553 1348 1585 constitutum
1374 1563 1452 1585 esse.
1492 1554 1801 1596 Conpressationem
1826 1553 2006 1596 quandam

244 1605 499 1647 provincialem
528 1606 693 1639 instituet.
737 1606 944 1638 Cardinalis
962 1607 1195 1648 Aaqastanas
1224 1606 1408 1639 Canssimn
1432 1609 1522 1639 stato
1548 1611 1699 1648 tempore
1716 1607 1865 1638 Romam
1889 1607 2007 1639 venire.

241 1668 345 1699 posse
371 1668 440 1690 non
466 1663 586 1700 censet,
613 1659 705 1702 qaod
733 1661 769 1691 in
797 1660 938 1701 imperii
964 1661 1112 1692 comitiis
1129 1661 1310 1702 principes
1327 1659 1515 1692 catholicos
1534 1661 1655 1692 ιἰιυανε
1672 1660 1813 1700 ‹Zebeat;
1843 1659 2006 1692 Cani-sias

248 1712 402 1753 Borm'ae
427 1712 579 1744 arbitrio
604 1723 638 1744 se
661 1713 842 1754 permittit.
894 1713 1017 1756 Royat,
1047 1718 1081 1745 at
1108 1714 1220 1745 Roma
1248 1713 1456 1755 Dz'linyam‘s
1481 1714 1652 1756 minister,
1682 1714 1901 1755 Auyastanis
1927 1724 2004 1746 con-

245 1765 403 1797 tionator
428 1769 487 1796 ete.
514 1766 710 1798 mittantur.
747 1766 785 1798 Ι).
806 1766 1070 1799 Stevordianas.
1109 1767 1254 1799 lat-emes
1278 1767 1428 1798 Romam
1453 1767 1602 1799 venturi.
1644 1766 1854 1799 Cardc'nalis
1871 1766 2004 1798 Laz‘nio

248 1818 412 1860 eoeeqaias
445 1818 658 1850 sollemniter
689 1819 807 1860 faciet.
858 1819 987 1851 Laitzt'zss
1014 1821 1081 1852 vita
1110 1820 1222 1852 Roma
1248 1819 1428 1852 mittenda.
1484 1819 1601 1852 Comes·
1623 1820 1775 1861 polonus
1801 1819 2004 1852 Societatem

248 1871 461 1912 ingyreditmn

479 1952 507 2004 †
539 1952 632 1993 Pax
665 1952 821 1995 Christi
854 1954 1095 1995 Admodum
1130 1954 1382 1996 Reuerende
1415 1954 1558 1996 Pater.

367 2027 446 2077 Qui
486 2029 608 2070 nobis
648 2029 690 2070 in
724 2030 859 2071 uitam
901 2031 1121 2073 meliorem
1162 2030 1388 2073 transtulit
1428 2030 1527 2073 foel.
1569 2044 1694 2073 mem.
1738 2032 1911 2073 Patrem
1960 2033 2004 2073 et

249 2092 547 2146 Praepositum
571 2098 779 2145 nostrum,
815 2096 1001 2147 (Christo
1034 2096 1071 2137 is
1103 2095 1224 2137 uiuat
1246 2095 1418 2147 beatus)
1441 2095 1552 2136 idem
1585 2109 1662 2149 pro
1686 2110 1764 2138 sua
1794 2096 2005 2137 immensa

248 2157 443 2199 bonitate
471 2159 640 2201 suffecit
672 2160 801 2200 talem
836 2160 949 2202 illius
982 2160 1133 2214 optimi
1164 2161 1301 2214 patris
1334 2160 1554 2209 vicarium,
1589 2164 1636 2203 ut
1669 2175 1724 2202 ex
1755 2161 1834 2202 hoc
1867 2160 2003 2214 primo

248 2222 396 2264 nuntio
429 2236 631 2275 magnam
664 2238 768 2265 sane
801 2225 1140 2267 consolationem
1171 2225 1215 2266 in
1248 2224 1416 2266 domino
1441 2225 1661 2278 capiamus
1694 2227 1739 2267 et
1760 2225 2002 2278 singulares

246 2286 415 2328 Christo
457 2288 648 2340 gratiasd
690 2289 922 2330 debeamus
955 2294 998 2332 et
1030 2296 1234 2342 agamuse
1267 2290 1454 2343 universj
1469 2290 1496 2332 3.
1561 2289 1681 2338 Quod
1712 2303 1815 2331 uero
1848 2290 1903 2331 ad
1935 2304 2002 2331 me

246 2354 292 2394 et
332 2352 595 2405 provintiam
637 2353 746 2394 hanc
789 2368 954 2395 omnem
998 2354 1208 2408 pertinet:
1251 2369 1306 2396 ex
1338 2354 1479 2396 animo
1512 2367 1740 2408 precamur
1773 2355 2002 2397 Societatis

248 2419 423 2458 nostrae
464 2431 675 2459 summum
717 2421 1025 2471 aeternumque
1059 2423 1406 2461 conseruatorem
1446 2422 1493 2461 ut
1524 2419 1635 2460 hanc
1668 2433 1822 2461 nouam
1855 2420 1901 2462 P.
1926 2420 2001 2461 Vi-

246 2481 352 2522 carii
384 2481 639 2524 electionem
672 2482 796 2523 simul
840 2485 883 2524 et
916 2483 1334 2525 administrationem
1365 2487 1593 2537 prosperet
1628 2484 1671 2525 in
1704 2484 1791 2538 sujf
1819 2484 2001 2525 nominis

246 2545 443 2598 gloriam.
507 2546 737 2588 Curabitur
768 2549 927 2597 autem,
962 2548 1317 2600 quemadmodum
1352 2548 1607 2589 Reuerenda
1639 2549 1685 2590 P.
1719 2551 1794 2590 tua
1827 2563 1903 2602 pro
1937 2549 2002 2589 sui

366 2640 393 2665 a)
417 2636 486 2661 facti
506 2641 617 2669 (ιιιῐομν.
691 2636 721 2667 b)
743 2639 776 2662 In
799 2647 899 2670 nimy..
928 2642 955 2662 ut
976 2647 1086 2669 snpra:
1114 2638 1169 2663 S'c
1195 2639 1331 2664 riceuuto
1358 2640 1390 2664 et
1415 2639 1441 2664 si
1461 2637 1572 2664 uederii
1593 2638 1713 2671 quando
1734 2646 1802 2664 sara
1821 2639 1849 2663 la
1869 2638 1999 2671 Congre-

246 2676 368 2707 gatione
395 2685 477 2703 come
504 2679 529 2704 si
554 2678 728 2703 uederanno
754 2678 824 2704 altri
851 2679 940 2704 simili
967 2681 997 2704 et
1023 2679 1050 2704 al
1076 2679 1151 2704 hora
1176 2680 1201 2704 si
1228 2678 1397 2712 respondtit
1418 2680 1445 2705 al
1468 2680 1633 2706 (ἐπι-(11111110.
1706 2681 1732 2710 c)
1762 2679 1922 2711 gijnasium
1953 2689 1998 2712 ap.

247 2718 277 2749 d)
299 2719 332 2742 In
354 2720 430 2743 (ti-cli.
451 2720 583 2751 sequitu)-
601 2721 719 2750 merlto,
744 2721 833 2745 oblitt.
907 2722 934 2753 e)
956 2722 988 2745 In
1010 2721 1088 2745 arclc.
1107 2722 1240 2752 ‚seqnitur
1260 2723 1292 2746 111
1312 2722 1361 2752 (2³),
1387 2722 1474 2746 omitt.
1548 2722 1570 2749 f)
1592 2723 1636 2746 Ita
1663 2722 1690 2745 1'11
1712 2722 1790 2746 arch.
1810 2730 1883 2746 corr.
1904 2726 1943 2746 es(
1964 2730 1999 2747 ea·

248 2758 278 2783 in
298 2766 384 2784 suam
404 2760 496 2787 aeter.

372 2855 378 2872 ¹
407 2853 482 2886 Hoc
508 2854 783 2889 instrumentum
811 2857 892 2890 vide
918 2857 953 2889 in
985 2857 1069 2889 Can.
1099 2856 1147 2889 lV
1173 2857 1372 2890 920—727.

366 2906 379 2925 2
406 2905 509 2939 Initio
536 2918 566 2941 a.
589 2908 676 2941 1565
703 2908 879 2951 Dilingae‚
914 2912 954 2942 ut
980 2921 1024 2943 ex
1051 2909 1251 2952 *catalogo
1278 2921 1385 2954 supra
1413 2910 1463 2954 (p.
1481 2910 1517 2952 4)
1546 2911 1739 2942 memorato
1766 2909 1998 2952 intellegitur,

247 2958 292 2991 25
319 2957 411 2991 Socii
438 2959 625 3001 degebant,
653 2972 697 2993 ex
724 2962 851 3004 quibus
881 2962 919 2995 11
941 2963 1156 3001 sacerdotes,
1184 2962 1203 2995 3
1223 2962 1355 2996 fratres
1380 2963 1472 3004 laici,
1499 2962 1625 3005 reliqui
1652 2961 1859 2995 scholastici
1885 2967 1997 2998 erant.

367 3011 379 3030 3
406 3011 503 3044 Haec
538 3014 574 3045 et
607 3014 794 3055 sequentia
829 3015 939 3048 verba
965 3015 1166 3055 ostendunt,
1194 3015 1335 3049 Canisio
1361 3015 1426 3048 hoc
1453 3018 1611 3058 tempore
1637 3014 1672 3047 in
1699 3015 1861 3048 manibus
1886 3015 1998 3049 fuisse

246 3063 421 3107 epistulas
440 3064 551 3097 Roma
574 3064 629 3098 20.
650 3068 683 3098 et
702 3066 756 3099 21.
778 3067 931 3100 Ianuarii
953 3068 1041 3101 1565
1062 3068 1175 3107 datas,
1203 3068 1330 3111 quibus
1350 3068 1512 3101 Lainium
1538 3067 1613 3100 vita
1640 3067 1802 3107 cessisse,
1828 3068 1995 3111 Borgiam

245 3116 399 3150 electum
442 3127 519 3150 esse
561 3117 734 3150 vicarium
778 3120 1002 3161 generalem,
1045 3122 1358 3163 congregationem
1399 3119 1600 3163 generalem
1640 3120 1827 3154 Societatis
1865 3120 1997 3154 Romae

247 3169 445 3202 habendam
473 3180 552 3202 esse
577 3169 808 3204 nuntiabatur
836 3171 940 3214 (Can.
968 3172 1016 3205 IV
1044 3173 1258 3216 783—789).
