2077 3461
247 199 327 239 118
396 196 495 231 1253.
524 195 690 230 Canisius
715 195 805 230 Iulio
831 195 1057 231 Mancinello.
1100 197 1265 239 Augusta
1283 196 1547 231 Vindelicorum
1571 197 1619 241 (2³)
1641 208 1671 231 a.
1692 197 1781 231 1565
1802 197 1864 242 (‘.>).

242 318 264 351 ἁ
289 318 376 350 dare
401 315 468 348 alle
494 315 561 347 due
586 314 716 356 recline,
750 325 821 346 non
847 315 879 347 si
898 325 947 357 po
974 325 1016 346 ne
1039 315 1071 347 si
1096 315 1180 346 dene
1205 324 1373 346 mancare
1398 315 1439 346 cle
1473 315 1581 357 darii,
1616 318 1647 347 et
1672 315 1796 348 benclle
1820 315 1855 348 Za
1890 315 1993 358 clepu-

242 372 372 404 tatioue
394 369 488 411 satta
516 366 581 410 piu
617 367 667 399 mi
694 367 924 409 piacerebbea
959 367 1018 399 che
1044 367 1151 407 altra,
1180 377 1257 408 pur
1281 368 1314 398 si
1346 367 1482 400 rimette
1506 367 1528 399 ὰ
1553 368 1592 400 V.
1617 368 1660 401 R.
1686 368 1842 400 mandem·
1876 368 1994 411 quelli,

243 435 261 458 o
287 424 384 465 altri,
411 421 551 454 essendo
563 431 714 463 persone
739 420 804 452 deb
830 420 891 462 [12]
916 421 1006 453 (totle
1031 424 1060 452 et
1078 419 1136 451 che
1157 420 1418 461 sodisf'acci'ano
1436 420 1551 462 peril
1574 420 1644 461 fine
1669 421 1727 453 che
1742 423 1774 454 si
1794 419 1992 464 pretende.“

358 491 415 526 Ex
440 491 596 535 quinque
630 489 703 523 illis
732 489 906 532 ‚reginis“
935 488 1149 522 Ferdinandi
1174 489 1201 522 I.
1236 489 1462 533 imperatoris
1496 489 1639 524 filiabus
1665 489 1862 535 Oeniponte
1896 489 1994 524 habi-

240 546 412 586 tantibus,
450 555 540 588 quae
575 543 619 576 ab
654 554 686 577 a.
714 543 804 576 1563
843 541 1032 576 societatis
1070 541 1275 576 sacerdotes
1313 542 1513 576 habuerant
1548 543 1811 577 contionatores
1845 545 1880 577 et
1914 555 1993 577 con-

240 598 422 639 fessarios,
449 609 479 631 a.
501 597 590 630 1565
609 596 698 629 duae
724 595 948 629 matrimonio
967 595 1108 628 iunctae
1126 597 1229 628 sunt:
1257 595 1415 629 Barbara
1433 607 1514 629 cum
1532 595 1714 639 Alphonso
1732 596 1775 629 ΙΙ.
1809 596 1994 630 Ferrariae

241 654 340 694 duce,
367 652 499 685 Ioanna
517 660 598 683 cum
615 649 816 689 Francisco,
844 647 974 681 Cosimi
1001 647 1043 680 de
1060 647 1211 681 Medicis
1228 647 1311 689 filio,
1339 647 1399 691 qui
1421 651 1545 692 postea
1562 659 1715 691 magnus
1741 648 1814 682 dux
1831 648 1995 682 Etruriae

241 706 320 740 fuit.
361 704 523 747 Utraque
550 704 670 736 autem
696 701 852 745 optabat,
879 703 918 734 ut
945 700 979 733 in
1006 700 1110 734 Italia
1135 700 1301 734 sacerdos
1328 701 1460 745 aliquis
1486 701 1528 734 de
1555 700 1733 735 Societate
1758 701 1826 735 sibi
1851 704 1995 746 praesto

241 760 346 800 esset,
382 758 439 792 cui
475 757 620 801 peccata
649 753 884 797 (germanice)
912 753 1141 787 confiteretur
1177 755 1244 787 etc.
1294 755 1413 798 Atque
1448 754 1600 798 primum
1637 754 1779 797 quidem
1805 754 1995 788 Societatis

240 812 481 846 moderatores
506 809 546 843 P.
566 807 795 842 Guilielmum
814 806 967 840 Elderen
994 808 1030 839 et
1055 805 1094 840 P.
1115 805 1264 839 Paulum
1285 806 1550 840 Hetzcovaeum
1577 806 1674 850 (vide
1698 818 1807 851 supra
1831 818 1866 841 n.
1887 807 1992 850 1246)

239 865 284 899 iis
310 863 502 899 concedere
538 860 758 904 cogam—unm
796 859 921 893 deinde
952 871 1016 904 pro
1042 859 1268 892 Hetzcovaeo
1295 859 1334 893 P.
1361 859 1591 893 Laurentium
1618 859 1892 893 Hei-manutium
1918 859 1995 893 sive

239 917 423 952 Hermann
444 915 504 959 (cf.
526 916 613 948 Can.
632 913 682 946 IV
700 912 767 946 375
786 911 870 955 518)
899 912 1041 946 mittere
1067 914 1283 946 statuerunt.
1325 912 1380 946 Ita
1398 912 1491 946 enim
1509 912 1548 946 P.
1573 913 1809 946 Theodericus
1830 913 1996 946 Canisius

241 967 553 1016 viceprovincialis
577 965 722 1009 Dilinga
754 965 785 999 8.
812 965 1026 999 Novembris
1055 965 1143 999 1565
1170 965 1318 999 Romam
1345 965 1387 999 ad
1416 965 1582 1008 Boi-giam
1608 965 1799 1010 *scripsit:
1838 965 1996 1008 „Consti-

239 1026 357 1058 tutum
384 1024 439 1056 est
464 1022 506 1055 de
533 1018 772 1063 Confessarijs
797 1018 1028 1062 Reginarum.
1071 1017 1110 1051 P.
1135 1017 1346 1052 Guilielmus
1373 1017 1611 1063 Oenipontum
1638 1018 1708 1052 iam
1734 1019 1915 1063 profectus
1942 1021 1995 1052 est

240 1080 281 1111 vt
306 1075 532 1110 Florentinae
567 1085 587 1107 a
622 1071 906 1106 confessionibus
940 1071 999 1105 sit.
1049 1071 1159 1105 Pater
1184 1071 1408 1113 Laurentius,
1444 1071 1505 1115 qui
1531 1071 1721 1116 Oeniponti
1756 1073 1791 1105 et
1816 1071 1995 1116 Monachij

240 1131 442 1164 ministrum
468 1126 658 1171 aliquando
685 1125 769 1168 egit,
805 1125 956 1158 donatus
982 1126 1038 1158 est
1063 1124 1294 1165 Ferrariensi,
1329 1124 1405 1158 loco
1431 1124 1478 1158 M.
1506 1124 1608 1158 Pauli
1635 1124 1838 1165 Hetzcouei,
1873 1125 1933 1168 qui
1960 1124 1995 1158 in

239 1186 391 1227 vtroque
417 1181 557 1215 homine
583 1179 676 1213 male
701 1179 832 1212 habere
859 1178 998 1220 dicitur,
1026 1179 1061 1211 et
1087 1177 1205 1211 induci
1231 1189 1301 1211 non
1326 1177 1442 1222 potuit
1467 1179 1509 1211 vt
1533 1177 1568 1211 in
1595 1177 1743 1212 Jtaliam
1769 1178 1869 1212 iret.“
1925 1177 1995 1219 (Ex

239 1239 377 1279 autogr.
407 1235 469 1277 „Gn
497 1234 560 1278 Ep.
586 1233 655 1266 Vl*
686 1232 709 1265 f.
737 1231 825 1274 88¹³.)

240 1358 390 1395 1253.
488 1354 704 1391 CANISIUS
731 1352 922 1390 IULIO
951 1351 1391 1388 MANCINELLO
1422 1352 1475 1388 S.
1503 1351 1574 1395 J„
1611 1354 1647 1387 in
1674 1353 1824 1397 collegio
1850 1365 1993 1388 romano

403 1410 535 1445 litteris
561 1408 730 1444 studenti.
985 1407 1149 1450 Augusta
1175 1405 1505 1449 Vindelicorun1(‘?)
1536 1411 1691 1440 exeunte
1717 1418 1748 1441 a.
1778 1407 1867 1442 1565
1881 1406 1946 1451 (⁸2³).

358 1482 412 1515 Ex
445 1481 536 1514 libro
567 1480 671 1522 „Vita
706 1478 763 1513 del
787 1479 827 1512 P.
854 1478 975 1511 Pietro
1003 1477 1144 1511 Canisio
1179 1476 1273 1510 della
1309 1476 1527 1520 compagnia
1562 1476 1596 1509 di
1633 1476 1752 1510 Giesu.
1804 1476 1992 1521 Composta

240 1535 297 1569 dal
323 1536 362 1569 P.
393 1535 560 1568 Giacomo
586 1534 762 1575 Fulz'yatti
787 1531 879 1565 della
905 1531 1100 1564 medesima
1119 1529 1350 1574 Compagnia.
1389 1530 1428 1562 111
1455 1529 1568 1563 Roma
1596 1530 1706 1564 1649‘
1736 1541 1768 1574 p.
1798 1529 1994 1564 135-136.

238 1588 467 1631 Fuligattius,
492 1586 585 1620 unde
612 1598 653 1620 ea
679 1585 849 1626 hauserit,
875 1596 945 1618 non
970 1583 1160 1626 significat.

359 1660 402 1692 Se
427 1659 572 1691 inultum
599 1657 724 1689 solacii
758 1656 883 1698 cepisse
908 1666 951 1688 ea:
978 1655 1054 1697 piis
1078 1654 1373 1697 meditationibus,
1409 1664 1496 1697 quas
1522 1654 1758 1686 BIancinellus
1788 1654 1856 1686 sibi
1881 1654 1991 1687 Roma

241 1715 279 1746 in
310 1713 539 1746 Germaniam.
565 1711 727 1743 redituro
749 1709 987 1752 proposuerit.

360 1762 646 1809 „Trouandosi“,
683 1764 798 1806 inquit
823 1763 859 1795 F
860 1763 1011 1804 uliqatti,
1048 1762 1097 1803 „il
1123 1761 1161 1793 P.
1193 1760 1337 1793 Canisio
1370 1761 1409 1792 in
1435 1760 1560 1802 Roma,
1596 1771 1657 1792 con
1684 1760 1865 1792 occasione
1890 1760 1993 1792 d’rna

244 1819 518 1862 Conqreyacione
539 1817 722 1859 Generaie,
739 1827 840 1858 seppe
859 1815 952 1847 clz’in
973 1814 1122 1856 Colleyio
1140 1815 1300 1847 Romano
1318 1813 1488 1845 studiana
1506 1824 1550 1845 rn
1565 1814 1729 1855 yiouavne,
1748 1824 1809 1845 con
1831 1814 1995 1855 opinione

240 1873 278 1905 (li
302 1873 407 1905 molta
435 1870 540 1913 rii-tic,
569 1871 743 1902 cleiamato
775 1869 896 1901 Giulio
923 1867 1144 1908 BIancinelli,
1171 1867 1198 1899 il
1224 1866 1327 1909 quale
1352 1866 1438 1899 rotie
1463 1866 1530 1909 eyli
1555 1876 1754 1899 conoscere:
1779 1870 1809 1898 et
1833 1865 1994 1898 havendo

240 1936 304 1959 con·
330 1936 401 1958 esso
427 1925 480 1956 lui
505 1925 693 1966 raffl'onato
719 1923 844 1954 ale-zone
868 1922 978 1961 rolte,·
1012 1922 1141 1953 auanti
1165 1920 1205 1951 di
1227 1921 1350 1961 partit·
1374 1920 1413 1951 cli
1437 1919 1562 1962 Roma,
1598 1929 1662 1951 con
1696 1919 1789 1952 πιοῖΐ1
1816 1919 1994 1961 instanza,

240 1979 386 2012 riclu'ese
411 1978 456 2009 (Za
484 1978 547 2018 lui,
582 1976 642 2008 che
667 1976 694 2007 li
718 1976 842 2008 rolesse
873 1975 1053 2017 szcyyeri're
1080 1974 1206 2005 alcune
1234 1975 1296 2015 pie
1321 1972 1610 2014 considerationi,
1638 1983 1708 2014 per
1733 1973 1934 2004 esercitarsi
1956 1972 1991 2004 in

240 2043 307 2065 esse
333 2032 387 2064 nel
412 2031 561 2072 ‹1:509950,
588 2030 647 2062 che
672 2029 810 2062 doueua
834 2029 926 2070 fare,
953 2027 1132 2059 tornando
1157 2027 1195 2058 in
1219 2026 1426 2058 Germania.
1471 2025 1572 2067 Stnffi
1601 2025 1628 2057 il
1650 2025 1803 2067 yioaane
1828 2025 1850 2057 ὰ
1876 2029 1993 2068 questa

234 2088 419 2127 proposta,
446 2083 702 2116 considerando
720 2082 815 2113 ch’rn
844 2081 970 2113 leuomo
989 2081 1027 2113 di
1053 2080 1154 2123 queZZ’
1181 2078 1246 2122 eta,
1273 2079 1415 2121 credito,
1442 2089 1459 2111 e
1477 2078 1689 2121 perfettione
1715 2078 1923 2110 ricleiedesse
1948 2079 1995 2110 is-

240 2138 409 2171 truttione
439 2136 629 2179 spirituale
654 2136 701 2167 (Za
726 2134 789 2176 lui,
826 2134 884 2165 che
912 2134 1046 2166 nouitio
1080 2134 1113 2165 si
1131 2137 1263 2175 poteua
1298 2131 1479 2164 chiamare
1512 2133 1552 2163 in
1578 2131 1693 2174 (sitella-
1723 2131 1954 2173 professione,
1980 2141 1996 2163 e

240 2192 330 2224 (iisse
354 2201 424 2223 non
447 2190 548 2222 esser'
567 2193 637 2220 atto
663 2188 685 2219 a
708 2188 773 2228 far
798 2187 862 2229 cio,
889 2187 948 2219 cite
974 2197 1036 2219 era
1059 2185 1233 2219 rz'chiesto.
1274 2185 1329 2217 La
1349 2185 1534 2227 profonda
1552 2183 1701 2216 humilta
1719 2184 1774 2215 del
1791 2184 1830 2216 P.
1852 2184 1995 2216 Canisio

241 2254 304 2277 con
330 2247 417 2276 tutto
443 2242 495 2275 cio
521 2242 622 2274 lzebbe
656 2242 696 2273 in
722 2241 835 2283 quella
866 2240 1021 2282 pacifica
1049 2243 1187 2271 conte-sa
1212 2239 1247 2271 la
1283 2239 1449 2270 rittoria:
1482 2248 1498 2269 e
1520 2238 1583 2279 poi
1608 2247 1671 2269 con
1702 2237 1822 2269 lettera
1849 2236 1871 2268 ὰ
1894 2240 1994 2278 posta

241 2295 420 2338 rz'nssratio
445 2296 472 2328 il
498 2293 706 2328 DIancineZZi
739 2293 830 2325 della
856 2292 983 2335 carita,
1019 2292 1078 2324 che
1103 2291 1243 2324 haueua
1277 2295 1375 2323 vsata
1402 2300 1464 2322 con
1498 2290 1562 2332 lut,
1593 2300 1660 2332 per
1685 2289 1815 2322 hauere
1839 2289 1993 2322 raccolta

240 2350 345 2382 molta
372 2349 607 2381 consolatione
631 2346 819 2389 spirituale
845 2346 938 2377 dalle
964 2345 1242 2377 considerationi
1266 2344 1313 2376 da
1339 2343 1392 2375 lui
1412 2340 1641 2385 propostehf‘

358 2418 469 2451 Iulius
487 2415 723 2450 Mancinellus
745 2414 1008 2457 (1537—1618)
1030 2413 1285 2447 maceratensis
1304 2411 1518 2446 Societatem
1537 2412 1721 2454 ingressus
1746 2422 1824 2444 esse
1842 2410 1996 2444 traditur

241 2472 374 2505 Romae
402 2472 454 2505 14.
481 2470 568 2504 Maii
596 2468 685 2504 1558
706 2467 988 2512 (Sommereoyel,
1014 2466 1104 2500 Bibl.
1129 2467 1161 2500 V
1187 2466 1412 2508 460—462);
1439 2477 1484 2499 m.
1503 2465 1599 2498 Maio
1617 2476 1648 2498 a.
1669 2465 1755 2498 1561
1784 2463 1819 2496 in
1846 2463 1995 2505 collegio

240 2536 384 2558 romano
414 2523 605 2568 „physicus
630 2521 727 2565 tertij
763 2521 864 2555 anni⁴‘
904 2523 941 2554 et
965 2520 1105 2553 auditor
1139 2518 1406 2562 metaphysicae
1438 2519 1515 2552 erat
1543 2517 1821 2560 (Soinmerroyel,
1846 2515 1913 2549 Les
1938 2516 1995 2550 Je-

241 2577 354 2611 suites
381 2580 447 2610 etc.
474 2578 499 2609 f.
527 2575 605 2619 C³):
642 2573 887 2619 philosophiae
914 2584 1020 2607 cursu
1046 2572 1208 2606 absoluto
1234 2572 1388 2605 fortasse
1414 2571 1450 2604 in
1476 2570 1626 2613 collegio
1652 2569 1772 2612 aliquo
1796 2569 1916 2602 iussus
1942 2571 1997 2602 est

242 2630 319 2673 (qui
346 2629 535 2663 Societatis
561 2639 637 2662 mos
663 2628 734 2670 est)
762 2626 975 2669 magistrum
1000 2636 1125 2668 agere:
1154 2636 1234 2658 eum
1261 2635 1292 2658 a.
1322 2623 1411 2658 1563
1429 2623 1563 2657 Romae
1589 2622 1790 2664 theologiae
1815 2621 1996 2655 studuisse

243 2694 287 2715 ex
312 2684 508 2726 *Catal090
535 2681 686 2725 quodam
713 2679 855 2722 collegii
890 2679 1026 2712 romani
1052 2677 1295 2719 intellegitur;
1330 2677 1366 2710 in
1393 2676 1549 2710 eiusdem
1576 2674 1717 2717 collegii
1743 2673 1925 2716 Catalogis
1951 2675 1994 2708 ad

243 2746 273 2767 a.
303 2736 392 2769 1564
427 2738 462 2768 et
490 2735 578 2769 1565
612 2733 886 2778 pertinentibus,
923 2731 983 2775 qui
1019 2731 1162 2775 quidem
1197 2732 1351 2767 exstant,
1386 2741 1456 2763 non
1491 2728 1691 2772 comparet;
1726 2726 1762 2759 in
1787 2726 1844 2760 his
1874 2729 1995 2760 tamen

242 2788 383 2821 nomina
409 2788 529 2831 aliqua
555 2787 679 2820 deesse
705 2797 750 2819 ex
776 2786 818 2819 R.
845 2784 883 2818 P.
911 2786 1014 2818 Petro
1038 2785 1166 2817 Tacchi
1183 2784 1332 2816 Venturi
1349 2782 1382 2816 S.
1402 2782 1447 2817 J..
1472 2781 1597 2815 harum
1624 2791 1741 2813 rerum
1769 2778 1994 2822 peritissimo.

243 2840 373 2883 accepi.
425 2840 539 2881 Quare
566 2840 596 2873 si
623 2838 820 2882 Fuligattio
848 2838 943 2871 credi
969 2838 1088 2881 potest
1114 2856 1156 2861 -—
1183 2846 1350 2869 romanus
1375 2835 1406 2869 is
1432 2837 1510 2868 erat
1535 2835 1571 2866 et
1595 2832 1670 2866 fere
1695 2843 1836 2875 semper
1862 2831 1995 2866 Romae

244 2893 395 2935 degebat
424 2892 459 2934 (†
489 2893 592 2935 1653)
622 2911 666 2915 —-
692 2892 874 2925 canisium
907 2890 1058 2924 alicuius
1094 2888 1383 2932 congregationis
1417 2886 1594 2930 generalis
1621 2884 1737 2927 gratia
1762 2883 1909 2917 Romam
1936 2885 1995 2918 ad-

242 2947 386 2978 vectum
412 2956 492 2978 oum
512 2944 724 2978 Mancinello
751 2944 867 2987 egisse
892 2943 1064 2983 narranti,
1093 2942 1256 2986 equidem
1283 2952 1363 2975 eum
1389 2952 1459 2973 non
1485 2950 1514 2972 a.
1536 2937 1635 2973 1558.
1663 2948 1731 2980 quo
1754 2936 1889 2981 primae
1916 2949 1994 2971 con—

243 2997 461 3040 gregationis
496 2999 653 3040 tempore
691 2997 727 3040 (a
751 2996 866 3030 medio
901 2997 975 3029 fere
1007 2995 1101 3029 Maio
1136 2995 1179 3028 ad
1214 2994 1354 3027 initium
1380 3004 1425 3026 m.
1452 2990 1623 3034 Augusti)
1652 2989 1784 3023 Romae
1818 2989 1896 3030 fuit,
1932 2991 1994 3024 sed

243 3061 273 3084 a.
295 3050 394 3090 1565,
422 3060 490 3092 quo
507 3050 683 3083 secundae
702 3049 991 3092 congregationis
1010 3059 1138 3082 caussa
1155 3047 1302 3081 Romam
1322 3047 1493 3079 evocatus
1519 3043 1638 3086 ibique
1657 3042 1700 3075 ab
1719 3042 1818 3075 exitu
1844 3054 1890 3075 m.
1909 3042 1994 3076 Maii

243 3102 287 3135 ad
317 3102 452 3135 exitum
479 3102 697 3146 Septembris
723 3104 883 3135 moratus
909 3103 974 3142 est,
1009 3112 1089 3134 cum
1115 3099 1330 3133 Mancinello
1357 3107 1587 3140 congressum
1625 3106 1703 3128 esse
1730 3106 1874 3128 censeo:
1911 3107 1993 3128 nam

360 3190 387 3214 a)
409 3187 546 3218 Sequitur
564 3186 623 3219 piu,
644 3196 660 3211 a
681 3188 746 3211 libr.
766 3188 969 3212 oblitteratum.
1042 3185 1072 3212 b)
1094 3187 1153 3210 Hoc
1172 3193 1196 3209 r.
1216 3184 1368 3214 librarius,
1384 3186 1465 3214 puto,
1484 3182 1649 3206 oblitterare
1670 3181 1816 3205 debuerat.
