2045 3471
230 208 314 248 326
775 202 875 238 1360.
903 201 1067 236 Canisius
1093 201 1276 236 Leonardo
1303 201 1439 235 Kessel.

230 323 413 373 modum,
456 324 504 363 ut
545 321 682 364 eidem
724 320 948 363 consilium
990 321 1212 375 praebere,
1256 323 1299 363 et
1342 320 1495 362 adesse
1537 319 1681 362 uelitis
1705 322 1786 362 :ut
1826 318 1986 361 rectius

229 389 358 440 gerat
389 400 498 437 sese,
542 399 670 439 quam
703 387 845 428 solent
876 386 918 427 id
951 399 1089 439 genus
1121 384 1206 439 alij.
1269 384 1436 426 Deinde
1476 384 1693 438 postulat,
1734 383 1788 426 ad
1829 396 1877 426 se
1916 383 1986 425 uel

230 452 283 494 ad
323 455 495 494 nostros
528 465 553 493 a
584 451 707 493 uobis
749 451 969 506 perscribi,
1014 464 1123 503 quae
1162 449 1206 490 in
1246 448 1319 491 illo
1351 449 1445 503 ipso
1478 451 1636 502 nepote
1674 450 1879 503 poterunt
1911 447 1985 489 de-

229 516 423 563 siderari,
458 518 535 558 aut
566 516 837 570 reprehendi.
897 515 989 564 Qua
1019 514 1063 556 in
1095 528 1142 556 re
1174 515 1407 556 Doctorem
1442 512 1676 555 Henricum
1710 526 1828 566 rogo,
1863 515 1911 555 ut
1943 514 1987 554 et

229 580 468 624 Cardinalis
501 580 598 635 piae
621 580 930 635 expectationi,
965 582 1009 622 et
1031 578 1201 621 Domini
1227 578 1442 620 Gebhardi
1476 577 1691 632 profectui
1723 577 1857 619 faciat
1878 576 1986 619 satis

229 660 306 700 pro
338 660 417 688 sua
449 645 674 699 diligentia
706 648 750 688 et
782 645 995 688 charitate
1010 646 1037 687 1.

347 710 443 765 Ago
466 711 636 764 gratias
658 711 771 764 quod
795 724 969 764 operam
993 711 1185 752 uestram
1212 709 1255 750 in
1278 708 1546 750 admonendo
1570 708 1757 749 Doctore
1780 706 1987 749 Costero2

230 775 504 829 pollicemini,
546 778 595 818 ut
627 776 684 818 M.
711 775 897 817 Praxilis
929 789 1007 816 nos
1039 773 1210 827 magnis
1242 772 1411 822 debitis,
1455 772 1607 825 quibus
1638 772 1797 814 iniuste
1829 785 1987 824 graua-

229 854 336 890 mur,
379 841 535 883 liberet
575 840 795 883 tandem3.
859 840 916 882 Et
957 839 1084 882 ualde
1116 853 1333 892 rogamuS,
1376 839 1424 880 ut
1465 837 1544 879 hoc
1586 836 1704 879 cordi
1745 836 1802 879 sit
1842 836 1988 878 uobis⁸

229 899 465 953 negotium.

348 964 477 1007 Scitis
509 964 685 1006 uiduam
717 977 831 1006 nunc
864 977 959 1006 esse
990 977 1131 1005 meam
1163 976 1354 1004 sororem
1370 963 1398 1012 4,
1442 975 1552 1014 quae
1593 960 1759 1003 utinam
1792 960 1988 1002 consola-

230 1029 347 1071 tione
389 1043 558 1082 quoque
603 1031 766 1079 uestra,
809 1031 854 1071 et
895 1028 1151 1082 praesertim
1194 1026 1395 1069 Doctoris
1427 1025 1606 1068 Henrici
1646 1025 1686 1067 in
1730 1024 1987 1078 grauissimo

230 1108 438 1144 moerore,
472 1094 692 1137 frueretur
714 1093 945 1147 aliquando
959 1094 989 1137 5.
1036 1093 1163 1147 Cupit
1183 1092 1317 1135 filium
1332 1093 1348 1119 ⁶
1369 1092 1410 1133 in
1437 1091 1600 1134 Gallias
1621 1090 1736 1133 mitti
1761 1106 1769 1132 :
1793 1092 1985 1132 vestrum

230 1159 410 1212 exquiro
444 1159 682 1207 consilium,
727 1173 809 1212 quo
851 1159 895 1200 in
935 1159 1029 1200 loco
1061 1158 1182 1200 illum
1215 1157 1376 1199 rectius
1409 1155 1610 1198 collocari
1642 1169 1770 1210 posse
1810 1155 1986 1209 putetis.

230 1224 379 1266 Manet
411 1224 550 1266 adhuc
572 1224 764 1278 Louanij,
799 1227 848 1266 ut
870 1223 1070 1266 arbitror.
1124 1223 1259 1264 Doleo
1288 1221 1536 1264 uidentibus
1567 1221 1762 1262 omnibus
1793 1219 1988 1273 extingui

230 1302 313 1330 non
346 1302 473 1342 posse
504 1289 737 1337 flammam,
772 1303 899 1342 quam
934 1288 1067 1330 semel
1098 1287 1141 1330 in
1173 1287 1284 1329 hanc
1307 1287 1459 1340 Remp.
1482 1285 1629 1328 intulit
1650 1285 1859 1327 Loechius
1892 1299 1985 1326 cum

230 1367 308 1395 sua
331 1354 479 1396 schola
511 1354 732 1407 pestilenti
747 1355 776 1396 ⁷.
831 1354 900 1396 Sic
932 1353 1098 1395 scilicet
1129 1352 1307 1405 ignem
1341 1351 1393 1393 in
1426 1351 1578 1392 sinuS
1605 1350 1818 1392 fouemus.
1870 1349 1987 1402 Obijt

232 1418 345 1472 apud
376 1432 455 1460 nos
483 1420 540 1461 M.
565 1419 810 1472 Stephanus
842 1418 1050 1468 Liberius,
1085 1419 1130 1459 et
1152 1416 1514 1459 Bartholomaeus
1527 1418 1555 1465 9,
1591 1415 1799 1469 proximis
1831 1414 1987 1456 mensi·

231 1484 323 1526 bus.
386 1484 470 1526 Pro
518 1483 603 1526 illis
647 1483 864 1526 dominum
910 1496 1138 1538 precemur
1182 1495 1357 1535 quaeso,
1406 1481 1518 1523 sicut
1562 1483 1605 1523 et
1652 1494 1728 1534 pro
1773 1479 1987 1522 defunctis

231 1548 380 1590 amicis
423 1548 681 1602 Neomagijb
716 1584 721 1590 .
760 1585 765 1589 .
807 1585 813 1591 .
858 1548 1216 1591 Commendamus
1263 1561 1342 1588 nos
1390 1548 1435 1588 et
1482 1544 1746 1600 prouinciam
1794 1546 1985 1586 nostram

350 1646 376 1665 a)
398 1642 431 1665 I›1
453 1645 564 1672 autom:
584 1642 716 1672 sequitui·
741 1643 863 1666 alterum
892 1641 957 1666 hoe.
1031 1639 1060 1669 b)
1083 1641 1138 1665 Hic
1157 1648 1174 1664 (ι
1196 1641 1223 1664 ζ’.
1245 1640 1273 1664 in
1294 1639 1426 1670 maraine
1454 1639 1568 1663 verbum
1596 1638 1727 1662 additum
1756 1641 1807 1667 est,
1833 1637 1905 1668 qnod
1931 1637 1986 1668 leyi

230 1690 284 1706 non
302 1685 406 1713 polest.

232 1818 323 1840 anno
358 1807 447 1841 1562
483 1807 589 1841 etiam
626 1806 844 1841 cathedralis
883 1805 1056 1840 ecclesiae
1092 1806 1315 1847 augustanae
1353 1803 1545 1837 canonicus
1581 1802 1700 1836 factus
1735 1804 1789 1836 est
1828 1801 1987 1843 (corbin.

232 1860 385 1893 Kltamm
413 1859 455 1894 Ο.
473 1860 507 1894 S.
527 1860 577 1900 R,
604 1858 815 1893 Hierarchia
834 1860 1056 1902 Augustana,
1084 1857 1122 1892 P.
1142 1857 1180 1898 L,
1207 1857 1392 1900 Augustae
1422 1855 1523 1895 1709,
1549 1855 1646 1898 623).

355 1913 364 1932 ¹
390 1913 429 1947 P.
458 1913 633 1947 Henricus
651 1912 846 1957 Dionysius
873 1924 903 1946 a.
921 1910 1153 1946 1564—1565
1179 1909 1344 1953 Dilingae
1370 1911 1487 1943 rector
1512 1908 1760 1942 universitatis
1787 1910 1822 1941 et
1847 1906 1988 1950 collegii

233 1968 330 2006 erat;
356 1966 449 2000 unde
475 1965 581 2000 facile
606 1966 682 1999 fieri
709 1967 860 2010 poterat,
887 1967 928 1999 ut
946 1963 1174 1999 Gebhardum
1201 1963 1277 2007 ipse
1295 1964 1469 1996 nosceret.
1514 1962 1680 1996 Ceterum
1707 1961 1882 2000 Canisius,
1909 1971 1988 1994 cum

234 2018 321 2052 haec
355 2019 539 2057 scriberet,
577 2019 733 2052 nondum
768 2019 997 2061 cognoverat,
1035 2016 1247 2061 Dionysium
1282 2015 1420 2059 aliquot
1454 2014 1687 2048 hebdomadis
1725 2016 1807 2047 ante
1843 2013 1988 2048 Colonia

232 2071 545 2106 Mosaetraiectum
575 2070 821 2114 (Maastricht)
857 2071 1138 2112 transmigrasse
1164 2069 1207 2103 ad
1243 2068 1451 2112 religionem
1479 2067 1691 2101 catholicam
1718 2066 1892 2100 adversus
1910 2065 1988 2100 Cal-

233 2124 457 2159 vinianorum
483 2125 657 2170 impetum
684 2123 943 2158 defendendam
972 2123 1135 2165 (Hansen.
1161 2122 1184 2156 l.
1212 2133 1241 2155 c.
1269 2121 1466 2156 534-535.
1518 2122 1562 2154 A.
1590 2121 1631 2154 F.
1658 2120 1850 2153 Haakman
1880 2118 1914 2152 S.
1941 2119 1986 2159 J..

234 2177 497 2212 Levensschets
514 2189 585 2212 van
604 2177 781 2211 Henricus
800 2176 1003 2221 Dionysius,
1023 2175 1057 2209 S.
1077 2175 1122 2215 J.,
1141 2174 1288 2219 Apostel
1314 2185 1383 2207 van
1402 2172 1626 2213 Maastricht,
1653 2171 1868 2206 Maastricht
1887 2171 1987 2209 1871,

352 2283 365 2304 ²
391 2283 430 2317 P.
456 2283 646 2317 Francisco
673 2282 830 2323 Costero,
857 2281 1060 2327 praeposito
1086 2280 1297 2325 provinciali
1327 2278 1539 2313 Germaniae
1569 2278 1759 2312 inferioris.

353 2337 366 2356 ³
391 2336 442 2370 De
469 2336 524 2371 his
549 2336 631 2370 vide
657 2347 765 2380 supra
799 2347 832 2380 p.
861 2335 916 2369 77.
969 2333 1145 2377 Georgius
1172 2333 1374 2378 Peraxylus
1403 2331 1660 2376 (Eyndhouts),
1696 2342 1774 2364 cum
1802 2341 1847 2363 ex
1873 2329 1987 2364 Socie-

233 2390 307 2422 tate
346 2389 514 2423 dimissus
553 2391 659 2428 esset,
697 2399 846 2422 uxorem
885 2387 987 2421 duxit
1025 2387 1202 2422 Cuneram
1241 2398 1311 2420 van
1349 2385 1455 2419 Fleru
1495 2384 1554 2427 (L.
1581 2396 1648 2417 van
1676 2384 1783 2416 Miert
1820 2382 1854 2416 S.
1881 2382 1913 2415 J.
1952 2382 1987 2415 in

239 2441 425 2483 „Studieffl
455 2441 580 2479 LXVI,
607 2441 760 2476 Utrecht
789 2441 888 2479 1906,
921 2440 1036 2483 281¹).

352 2497 365 2515 ⁴
391 2495 653 2535 NVendelinam‚
673 2493 866 2528 Godefrido
885 2505 967 2527 vom
978 2493 1110 2531 Triest,
1135 2491 1293 2526 senatori
1318 2491 1542 2533 noviomago,
1568 2488 1792 2523 matrimonio
1811 2487 1986 2527 iunctam;

234 2547 316 2581 vide
341 2559 449 2592 supra
475 2560 508 2592 p.
538 2547 735 2583 184-185.

354 2602 366 2621 ⁵
394 2601 431 2635 P.
459 2601 636 2635 Henricus
654 2600 848 2644 Dionysius
873 2599 1110 2641 noviomagus
1136 2600 1173 2632 et
1191 2596 1343 2631 Canisiis
1370 2597 1478 2630 etiam
1498 2606 1627 2638 genere
1645 2593 1865 2639 propinquus
1891 2595 1985 2633 erat;

236 2653 280 2687 cf.
308 2652 393 2687 Can.
420 2654 470 2687 ΙΙΙ
497 2654 577 2688 815.

354 2706 431 2740 ⁶111
463 2706 628 2748 „*Fastis
654 2708 689 2739 et
715 2704 1011 2749 Ephemeridibus
1047 2702 1234 2748 Gymnasij
1270 2701 1353 2735 noui
1388 2701 1509 2735 Trium
1545 2699 1762 2734 Coronarum
1798 2698 1987 2732 Societatis

237 2758 315 2792 Iesu
343 2758 527 2793 Coloniae“
561 2758 810 2801 (1556—1590
840 2757 945 2800 1622)
982 2767 1149 2799 magnam
1184 2757 1321 2800 partem
1357 2753 1401 2788 ab
1431 2753 1508 2797 ipso
1534 2752 1573 2786 P.
1592 2753 1726 2785 Ioanne
1751 2751 1875 2784 Rethio
1901 2750 1934 2785 S.
1955 2751 1986 2784 J.

238 2812 414 2854 gymnasii
456 2813 641 2856 ‚regente“
681 2810 894 2855 conscriptis
931 2810 1026 2844 inter
1065 2808 1269 2853 discipulos,
1308 2807 1368 2851 qui
1404 2806 1459 2840 26.
1485 2804 1620 2850 Aprilis
1656 2804 1745 2838 1563
1785 2815 1828 2837 ex
1866 2803 1987 2837 schola

238 2865 488 2904 grammatices
524 2865 566 2898 ad
602 2864 736 2909 poesim
772 2863 1021 2903 ascenderunt,
1051 2862 1227 2904 „Jacobus
1254 2860 1383 2905 Tryst“
1413 2859 1595 2903 comparet
1622 2856 1722 2900 (Cod.
1753 2856 1889 2898 ,Fastff
1921 2859 1986 2890 etc.

238 2914 262 2947 f.
281 2915 372 2949 134³.
411 2917 578 2951 Coloniae
596 2918 631 2951 in
651 2916 797 2951 archivo
816 2916 986 2950 historico
1003 2914 1131 2957 urbis).
1176 2914 1227 2947 De
1254 2913 1374 2947 eodem
1394 2911 1476 2945 vide
1495 2910 1588 2944 infra
1612 2920 1706 2943 mon.
1724 2919 1835 2951 germ.
1855 2908 1875 2942 l.
1898 2908 1985 2951 (19).

357 2969 369 2987 ⁷
394 2969 441 3002 M.
469 2970 624 3004 Jacobus
649 2969 825 3009 Leichius,
844 2968 1009 3003 Coloniae
1036 2979 1067 3002 a.
1085 2967 1174 3001 1556
1201 2966 1244 3000 ob
1270 2964 1568 2999 lutheranismum
1594 2973 1639 2995 ex
1665 2962 1852 3006 gymnasio
1878 2961 1985 2995 trium

240 3030 457 3061 coronarum,
497 3023 597 3056 cuius
627 3023 795 3066 „regens“
833 3022 962 3061 fuerat,
998 3021 1152 3064 migrare
1187 3019 1317 3055 iussus.
1353 3016 1508 3051 scholam
1544 3014 1723 3059 privatam
1759 3014 1986 3049 instituerat:

239 3082 345 3114 quam
371 3073 477 3107 etiam
504 3086 583 3108 cum
609 3075 826 3119 reipublicae
851 3076 1000 3109 senatus
1026 3072 1199 3107 eiusmodi
1225 3070 1367 3105 scholas
1392 3067 1663 3114 proscripsisset
1698 3069 1734 3100 et
1759 3067 1874 3112 ipsum
1901 3066 1986 3100 urbe

241 3124 338 3157 exire
365 3125 538 3165 iussisset,
564 3127 718 3160 retinere
745 3129 780 3161 et
805 3129 1009 3161 sustentare
1036 3125 1231 3160 conabatur
1257 3123 1489 3165 (Reiffenbery
1514 3119 1535 3153 1.
1556 3131 1584 3153 c.
1612 3120 1627 3153 Ι
1654 3120 1804 3153 51-54.
1844 3121 1986 3153 Hausen

240 3175 263 3209 l.
282 3187 310 3210 c.
338 3176 421 3210 5142
448 3178 560 3220 529³).
706 3180 718 3199 Β
745 3179 817 3212 Prv
844 3180 875 3219 6,
903 3179 958 3212 27.
1105 3179 1117 3197 ⁹
1142 3176 1307 3213 Melitus3
1334 3175 1416 3208 vide
1440 3183 1548 3217 supra
1574 3184 1607 3216 p.
1627 3171 1705 3205 297.
