2045 3471
184 216 268 257 786
380 211 473 246 Mon.
493 211 562 246 850
587 209 666 244 sive
692 209 767 243 wis.
791 208 855 253 (3).
898 207 953 242 Ab
980 208 1118 242 aestate
1145 218 1175 240 a.
1198 205 1287 239 1566
1314 204 1358 238 ad
1385 204 1561 238 aestatem
1588 213 1618 236 a.
1640 202 1742 236 1567.

182 332 339 374 missus
371 331 530 380 fuerat,
564 329 680 370 mala
711 342 788 381 spe
820 328 1058 369 frustratus
1090 325 1262 379 redijt1.
1316 323 1400 366 Sed
1433 325 1478 364 et
1510 323 1610 375 post
1642 320 1733 363 dies
1765 319 1944 372 aliquot,

183 411 278 439 cum
320 395 457 438 literis
496 394 631 449 ipsius
673 393 793 435 ducis
834 392 1086 434 insidiarum
1128 403 1264 443 aeque
1298 390 1342 430 et
1382 387 1595 429 minarum
1626 384 1778 440 plenis,
1822 383 1946 437 quasi

184 462 318 516 legati
349 461 478 503 titulo
510 460 596 502 iter
628 458 682 501 ad
715 457 925 500 Comitem
957 469 1194 505 remensus,
1239 453 1413 496 auditus
1453 454 1639 501 tantum,
1681 464 1764 491 non
1799 449 1944 499 etiam,

183 530 232 569 vt
263 527 444 576 solebat,
478 525 693 579 receptus,
726 523 816 566 tale
838 523 892 564 ab
914 522 1008 576 ipso
1032 520 1210 570 Comite,
1244 521 1294 561 vt
1316 520 1384 560 est
1405 516 1584 559 maximi
1604 514 1780 568 ingenij,
1813 512 1946 568 pluri-

183 607 279 634 mae
301 590 513 641 lectionis‚
548 604 598 632 ac
621 588 853 642 singularis
875 586 1132 641 prudentiae
1154 585 1232 633 vir,
1257 596 1512 637 responsum
1536 580 1719 634 accepit.
1768 578 1944 620 Nullam

182 658 323 707 fidem,
365 657 528 698 nullam
560 654 812 707 religionem
847 657 970 694 esse³
1000 664 1141 706 posse,
1175 649 1248 691 vbi
1285 648 1404 690 nulla
1436 646 1684 689 constantia
1716 644 1786 695 sit,
1827 643 1947 685 nulla

182 722 371 777 partium
405 719 634 763 concordia
658 735 666 760 :
690 717 982 760 Lutheranam
1015 715 1141 757 fidem
1174 728 1384 767 nusquam
1428 712 1519 753 sine
1560 709 1771 763 sanguine
1804 711 1848 751 et
1879 721 1948 749 re-

183 788 367 830 bellione
399 786 681 835 subditorum,
715 796 927 836 nusquam
960 781 1052 823 sine
1084 779 1276 822 maxima
1309 778 1497 820 omnium
1530 775 1739 818 scelerum
1773 772 1948 815 licentia

183 853 227 894 in
264 852 429 906 templa
469 849 666 905 publicab
697 848 1003 890 introductam.
1069 845 1229 887 Omnes
1260 846 1423 899 patres,
1466 841 1610 884 omnia
1642 838 1844 888 Concilia,
1885 837 1949 880 ita

183 918 351 972 perdite
384 920 427 959 et
459 916 696 958 insolenter
727 913 911 955 lacerari
936 915 1068 965 atque
1091 909 1362 963 contumelijs
1388 906 1605 962 proscindi
1627 919 1652 948 a
1674 902 1947 952 Lutheranis,

184 986 234 1026 vt
265 983 301 1024 si
334 983 386 1024 de
418 982 538 1023 coelo
579 980 688 1034 lapsi
721 978 800 1020 soli
842 977 924 1032 ipsi
955 975 1178 1029 religionis
1211 976 1357 1017 essent
1397 972 1574 1014 iudices.
1637 969 1758 1012 Nihil
1799 968 1853 1010 ab
1886 967 1948 1009 eis

184 1049 275 1090 fere
308 1046 484 1097 moueri,
529 1045 641 1099 quod
672 1058 758 1085 non
798 1043 937 1097 ipsum
980 1040 1271 1095 superioribus
1314 1037 1497 1080 saeculis
1540 1035 1818 1078 anathemate
1852 1046 1948 1086 per-

186 1127 370 1161 cussum,
404 1125 541 1166 nuper
573 1110 705 1152 etiam
738 1109 781 1150 in
816 1108 1080 1150 Graecorum
1113 1104 1568 1155 Moscliouitarumque
1601 1098 1800 1154 Symdis,
1843 1110 1950 1151 quas

185 1178 406 1220 Ecclesias
444 1176 533 1218 suis
565 1175 627 1216 illi
658 1174 854 1229 partibus
886 1173 1036 1214 fauere
1068 1173 1198 1213 antea
1230 1169 1502 1217 iactitabant‚
1536 1166 1760 1220 explosum
1794 1163 1851 1205 sit
1882 1164 1950 1204 at-

186 1257 268 1296 que
292 1243 556 1284 damnatum.
610 1241 770 1282 Eorum
804 1239 936 1280 libros
966 1234 1351 1291 impudentissimis
1373 1232 1612 1285 calumnijs‚
1646 1226 1949 1283 sykophantijs

189 1312 321 1361 atque
353 1307 591 1360 mendacijs
623 1306 823 1351 refertos,
862 1303 967 1344 nihil
999 1302 1173 1351 habere,
1207 1314 1286 1341 nec
1321 1299 1490 1352 quidem
1524 1295 1726 1338 sobrium.
1791 1294 1951 1335 Contra

187 1388 290 1416 vero
322 1373 366 1414 in
388 1371 611 1414 Ecclesiae
635 1371 871 1418 Romanae,
906 1368 1025 1410 cuius
1047 1366 1119 1408 ille
1142 1380 1189 1407 se
1211 1365 1344 1407 filium
1367 1364 1658 1418 profiteretur,
1692 1357 1948 1407 obedientia,

186 1452 397 1481 summam
440 1451 535 1479 esse
576 1434 798 1489 religionis
841 1432 1143 1481 constantiam,
1187 1428 1526 1472 indissolubilem
1564 1426 1777 1467 vnitatem
1820 1426 1950 1475 atque

187 1502 474 1549 concordiam,
509 1501 743 1543 maximam
776 1498 1066 1541 reuerentiam
1099 1495 1368 1538 subditorum
1402 1507 1509 1547 erga
1531 1491 1724 1533 dominos
1749 1505 1757 1530 :
1780 1489 1837 1530 ι111
1869 1488 1949 1529 hac

188 1568 385 1611 Ecclesia
418 1567 521 1608 nihil
554 1579 744 1619 vnquam
777 1564 890 1613 noui,
933 1563 1113 1615 antiqua
1146 1564 1191 1604 et
1222 1558 1475 1614 Apostolica
1516 1570 1612 1599 esse
1644 1558 1775 1608 atque
1816 1553 1949 1594 fuisse

187 1647 359 1687 semper
381 1632 536 1681 omnia,
571 1631 624 1673 ab
655 1633 722 1673 tot
754 1627 1113 1683 praecedentibus
1136 1625 1337 1678 Concilijs
1360 1620 1658 1666 Oecumenicis
1681 1619 1948 1667 confirmata,

186 1698 466 1740 consensione
499 1698 687 1749 recepta,
721 1709 802 1736 vsu
835 1692 1021 1746 cognita,
1056 1691 1223 1745 legibus
1254 1690 1493 1731 roborata:
1518 1685 1700 1738 denique
1737 1698 1821 1724 non
1854 1695 1949 1723 esse

187 1763 271 1805 alio
305 1763 506 1816 deinceps
539 1761 618 1802 sibi
652 1761 909 1813 argumento
943 1772 1063 1812 opus,
1105 1755 1415 1798 Ecclesiam
1458 1750 1864 1794 firmamentum
1897 1748 1950 1788 et

187 1828 492 1869 columnam
516 1840 610 1867 esse
635 1824 949 1867 veritatis2:
984 1822 1220 1864 Lutherum
1244 1819 1420 1871 eiusque
1443 1817 1632 1859 asseclas
1655 1817 1785 1866 atque
1808 1813 1949 1853 secta-

186 1901 304 1935 tores
339 1893 391 1934 ad
425 1891 659 1933 Concilium
695 1888 1026 1931 Oecumenicum
1059 1899 1230 1939 semper
1261 1884 1520 1938 appellasse,
1563 1880 1632 1934 qui
1666 1880 1782 1921 vltra
1814 1876 1948 1929 tergi-

187 1960 416 1999 uersentur
455 1958 607 1998 tantae
648 1955 783 1997 totius
825 1954 938 1995 orbis
980 1950 1232 1994 auctoritati
1264 1949 1375 1990 velle
1409 1947 1561 1988 cedere
1594 1947 1724 1998 atque
1764 1943 1948 1997 parere?

188 2024 303 2077 Opes
331 2025 462 2075 atque
494 2022 692 2063 fortunas
725 2032 886 2068 omnes,
926 2018 1062 2059 vitam
1094 2016 1232 2070 ipsam
1266 2028 1312 2056 se
1344 2013 1473 2054 malle
1506 2011 1721 2059 amittere,
1764 2021 1892 2060 quam
1924 2019 1950 2048 a

188 2088 410 2130 Catliolica
431 2086 641 2139 religione
663 2086 705 2126 in
729 2087 948 2138 posterum
974 2082 1160 2124 deniare.
1205 2080 1326 2121 Haec
1349 2092 1429 2131 ego
1457 2074 1721 2131 prolixitatis
1744 2071 1950 2114 vitandae

190 2153 348 2205 gratia,
382 2151 530 2194 multis
562 2150 792 2199 intercisiS,
827 2149 891 2191 vti
913 2149 967 2190 ab
1000 2148 1093 2201 ipso
1117 2144 1282 2188 Comite
1313 2140 1614 2185 instrumentis
1647 2137 1827 2193 publicis
1850 2150 1950 2178 con-

188 2218 364 2271 signata
396 2219 509 2266 sunt,
543 2216 606 2257 ita
639 2216 690 2256 de
715 2214 969 2257 Germanico
992 2212 1035 2254 in
1057 2210 1259 2253 Latinum
1292 2222 1400 2262 pene
1424 2207 1479 2248 ad
1500 2206 1678 2247 verbum
1702 2201 1907 2245 transtuli
1920 2201 1948 2242 3.

307 2289 547 2342 Amplexus
581 2288 647 2328 est
688 2286 801 2328 inter
833 2285 942 2326 alios
983 2284 1142 2324 multos
1176 2295 1271 2322 cum
1306 2279 1455 2321 eodem
1489 2276 1653 2319 Comite
1686 2272 1951 2316 Catholicam

190 2354 330 2403 fidem,
373 2356 469 2395 tota
503 2351 733 2394 Germania
767 2349 1069 2392 celeberrimus
1111 2345 1314 2395 medicus,
1357 2347 1488 2396 atque
1521 2341 1710 2383 eiusdem
1745 2338 1864 2386 artis,
1907 2336 1950 2377 in

190 2418 465 2470 Tubfflgensi,
508 2417 696 2458 maxime
737 2414 957 2457 haeretica
989 2411 1285 2454 Vniuersitate
1330 2409 1567 2456 Professor,
1610 2419 1657 2447 re
1699 2407 1743 2446 et
1780 2401 1950 2444 nomine

189 2483 523 2524 Venerandus4:
558 2481 735 2523 Comitis
777 2480 908 2529 facto,
951 2493 1046 2520 cum
1088 2477 1247 2518 multos
1288 2477 1418 2516 antea
1457 2486 1604 2521 annos,
1639 2471 1690 2511 de
1722 2468 1862 2510 reditu
1895 2466 1950 2507 ad

310 2583 337 2605 a}
360 2581 497 2611 Sequitur
517 2579 629 2612 potest,
649 2580 738 2603 oblat.
812 2577 844 2609 b)
866 2577 988 2602 Correoei
1009 2584 1044 2600 ex
1065 2575 1095 2600 in
1116 2573 1228 2606 templa
1249 2572 1278 2597 in
1300 2571 1412 2604 templa
1432 2569 1560 2603 publica.

314 2713 323 2731 ¹
350 2712 513 2744 Andreae
541 2708 789 2753 Christophori
825 2707 925 2741 ducis
961 2706 1060 2739 iussu
1087 2704 1129 2737 de
1155 2703 1222 2736 hac
1248 2702 1427 2745 legatione
1454 2699 1663 2733 relationem
1694 2696 1786 2738 (eius
1812 2705 1951 2728 summa

194 2766 315 2797 exstat
341 2764 432 2808 apud
461 2766 702 2805 Vcesenmeyer
727 2762 749 2795 l.
778 2773 806 2794 c.
835 2760 989 2801 22—30)
1018 2757 1251 2801 conscripsit;
1287 2766 1392 2798 quam
1428 2753 1459 2787 si
1485 2751 1599 2786 obiter
1624 2748 1834 2794 inspexeri3‚
1871 2759 1950 2781 cum

196 2817 399 2859 ‹lifing-anis,
427 2828 515 2859 quas
541 2817 598 2850 hic
625 2827 726 2859 ponc,
753 2814 885 2848 litteris
910 2822 1071 2857 pugnare
1099 2810 1255 2854 putaris3
1288 2808 1342 2841 sin
1369 2809 1488 2840 autem
1515 2803 1720 2839 accuratius
1746 2801 1888 2844 legeris,
1915 2800 1950 2833 in

197 2869 376 2913 plerisque
403 2870 509 2903 rebus
535 2880 615 2902 cum
642 2868 765 2901 iisdem
794 2877 991 2909 congruere
1017 2863 1162 2898 dixeris.
1307 2861 1320 2881 2
1348 2861 1363 2894 1
1385 2860 1463 2893 Tim
1491 2859 1522 2899 3,
1552 2858 1605 2891 15.

315 2929 327 2947 ⁸
354 2929 448 2961 Haec
476 2940 520 2961 ex
549 2928 590 2960 17
618 2926 816 2960 rationibus
843 2926 1015 2968 excerpta
1041 2925 1077 2957 et
1103 2923 1288 2956 contracta
1313 2921 1408 2959 sunt,
1444 2919 1486 2952 de
1522 2916 1650 2960 quibus
1676 2925 1783 2958 supra
1811 2925 1842 2957 p.
1871 2912 1948 2945 781.

314 2988 325 3006 ‘¹
352 2986 586 3019 venerandus
623 2985 765 3024 Gabler,
800 2986 908 3017 natus
944 2981 1150 3024 Stugartiae
1186 2992 1218 3014 a.
1247 2979 1348 3018 1521,
1383 2979 1546 3012 mortuus
1581 2987 1612 3009 a.
1642 2974 1731 3008 1579
1769 2972 1950 3013 (Crust'us—

199 3040 316 3071 Mes-‹2›-
342 3039 363 3071 l.
384 3051 412 3072 c.
442 3040 469 3071 ΙῘ
501 3040 566 3072 196
593 3039 689 3080 258).
734 3038 821 3071 Eum
850 3038 885 3070 in
903 3036 1112 3078 2²³·„Hz'storia
1138 3044 1245 3067 manu
1272 3031 1407 3075 scripta
1425 3028 1564 3072 collegii
1589 3025 1780 3069 dilingam*
1816 3023 1948 3066 „Vene-

199 3092 345 3123 randum
364 3091 558 3124 Braitfeld‘
592 3090 710 3124 vocari
737 3089 960 3131 intellegitur
987 3100 1031 3121 ex
1057 3087 1112 3127 iis,
1139 3097 1230 3129 quae
1257 3085 1296 3118 P.
1316 3086 1468 3117 Ioannes
1489 3083 1648 3114 Gamans
1671 3079 1704 3113 S.
1724 3079 1756 3113 J.
1780 3077 1886 3119 (1606
1904 3076 1946 3109 ad

201 3144 305 3185 1684)
327 3156 371 3176 ex
398 3144 518 3176 eadem
538 3142 724 3176 transtulit
740 3143 777 3175 in
796 3142 877 3175 Cod.
902 3141 963 3182 „G.
983 3141 1046 3173 67“
1072 3140 1113 3181 (f.
1135 3139 1246 3181 148b)‚
1274 3138 1334 3181 qui
1357 3138 1479 3170 exstat
1496 3133 1716 3177 Tongerloae
1738 3128 1948 3173 (Tongerloo

201 3197 234 3228 in
263 3196 399 3237 Belgio)
430 3196 462 3227 in
491 3195 703 3228 bibliotheca
732 3194 895 3227 abbatiae
924 3193 964 3226 O.
985 3193 1123 3225 praem.
