2045 3471
221 204 304 244 366
706 202 806 236 1379.
835 201 999 236 Canisius
1026 201 1059 236 S.
1079 201 1268 236 Francisco
1294 202 1336 236 de
1362 201 1503 246 Borgia.

220 334 348 362 unum
393 322 441 362 ut
483 319 704 361 minimum
750 320 1094 363 concionatorem
1139 320 1447 373 germanicum.
1521 320 1589 361 Ex
1632 320 1698 361 his
1741 319 1973 374 praedictis

221 387 347 426 erunt
380 384 461 425 duo
496 383 716 437 Theologi,
752 384 834 426 duo
867 384 1169 438 Philosophiae
1191 384 1478 435 Professores,
1514 398 1621 426 unus
1653 384 1831 435 Rhetor,
1865 398 1974 426 unus

221 449 291 501 qui
323 449 473 491 literas
505 448 779 490 humaniores
812 449 978 498 doceat,
1020 451 1065 491 et
1095 452 1324 503 praeterea
1364 452 1455 491 tres
1489 448 1769 491 Grammatici
1801 451 1976 502 praeter

219 527 421 566 graecum
454 516 499 556 et
529 513 776 556 hebraicum
808 514 1111 568 professorem.
1176 513 1258 556 Sed
1301 527 1412 556 anno
1453 513 1649 567 proximo
1690 515 1759 555 sat
1796 513 1878 555 erit
1919 527 1974 555 ex

219 578 283 620 his
315 593 445 620 unum
478 578 743 632 Theologum
777 582 821 621 et
853 593 981 620 unum
1015 578 1319 632 Philosophum
1351 578 1438 620 illic
1471 579 1635 620 adesse.
1688 578 1801 620 Nam
1834 578 1975 620 Reue-

219 643 498 685 rendissimus
529 644 717 696 reliquos
740 643 846 685 duos
879 643 1010 686 dabit.
1067 643 1272 697 Sequenti
1304 646 1449 686 autem
1473 657 1584 685 anno
1608 643 1820 684 secundus
1843 642 1972 685 etiam

220 708 465 762 Theologus
497 711 541 751 et
573 708 787 750 secundus
820 708 1102 762 Philosophus
1135 722 1190 750 ex
1223 708 1441 751 Societate
1473 708 1683 750 mittetur.

221 776 246 813 4
338 773 405 814 Ad
446 772 613 815 initium
657 773 725 814 uel
757 772 943 814 medium
975 773 1136 814 mensis
1169 772 1370 815 Octobris
1403 786 1515 814 anno
1556 772 1753 825 sequenti
1784 771 1977 813 solemne

220 837 478 891 Principium
511 837 779 890 publicarum
811 837 1043 879 lectionum
1078 838 1170 880 erit.
1225 837 1464 879 Praecedet
1496 839 1641 879 autem
1675 836 1878 878 solemnis
1909 835 1974 877 in-

220 902 350 944 dictio
383 905 426 944 et
458 901 690 955 publicatio
723 901 981 955 aperiendae
1013 902 1195 944 Scholae
1227 916 1303 956 per
1334 902 1631 944 Franconiam.

221 969 245 1008 5
337 967 537 1009 Mittetur
558 967 609 1009 D.
634 966 828 1008 Canisius
860 967 914 1008 ad
937 966 1335 1020 Quadragesimam,
1370 969 1418 1009 ut
1440 966 1663 1020 Herbipoli
1685 965 1974 1016 concionetur,

220 1035 264 1074 et
295 1031 420 1072 simul
453 1044 776 1085 praecursorem
809 1034 948 1084 aget²‚
988 1031 1194 1084 illumque
1235 1035 1334 1085 post
1365 1031 1534 1073 Pascha
1575 1030 1864 1073 discedentem
1907 1043 1974 1071 se-

222 1098 376 1149 quetur
408 1095 518 1137 alius
551 1109 606 1137 ex
639 1095 857 1138 Societate
890 1096 944 1138 ad
977 1096 1214 1149 Collegium
1246 1096 1608 1150 praeparandum.

221 1163 245 1202 6
337 1161 448 1202 Cura
481 1160 859 1214 Stipendiatorum,
894 1174 1001 1213 quos
1034 1161 1122 1203 alet
1153 1160 1595 1211 Reuerendissimus1‚
1638 1159 1720 1201 erit
1751 1160 1830 1201 hoc
1862 1172 1975 1200 anno

219 1239 351 1280 penes
393 1227 622 1267 Doctorem
668 1226 969 1268 Sebastianum
985 1226 1013 1275 2,
1057 1225 1132 1267 sed
1173 1226 1251 1267 sub
1290 1225 1519 1268 Societatis
1560 1223 1972 1279 superintendentia.

220 1291 385 1332 Deinde
417 1304 520 1332 uero
562 1304 690 1343 quam
731 1290 915 1344 primum
948 1290 1040 1332 fieri
1082 1290 1256 1344 poterit,
1299 1304 1408 1332 unus
1442 1304 1497 1332 ex
1529 1290 1747 1332 Societate
1788 1288 1971 1339 dabitur,

220 1357 287 1398 uel
329 1355 487 1409 plures,
529 1355 566 1396 si
608 1368 785 1397 necesse
826 1355 969 1405 fuerit,
1016 1355 1070 1397 ad
1113 1355 1408 1409 Stipendiatos
1453 1355 1625 1397 eosdem
1668 1354 1711 1395 in
1751 1354 1890 1396 literis
1930 1355 1973 1394 et

219 1420 408 1463 moribus
430 1420 743 1473 gubernandos,
788 1419 902 1462 Nam
925 1420 1244 1462 administratio
1267 1420 1569 1474 temporalium
1593 1419 1834 1461 Oeconomo
1859 1432 1974 1460 com-

222 1485 420 1528 mittetur
452 1499 477 1526 a
508 1485 897 1527 Reuerendissimo.

340 1551 405 1592 De
437 1550 503 1591 his
526 1550 746 1604 Capitibus
777 1550 891 1592 inter
923 1564 1002 1592 nos
1033 1550 1096 1593 ita
1129 1550 1343 1600 conuenit,
1377 1552 1425 1591 ut
1456 1548 1856 1591 Reuerendissimus
1887 1548 1974 1589 Do-

220 1615 359 1657 minus
392 1629 535 1657 coram
557 1614 767 1657 Notariob
799 1617 843 1657 et
873 1614 1057 1657 testibus
1081 1615 1348 1657 uoluntatem
1381 1628 1503 1656 suam
1533 1613 1693 1668 scripto
1717 1613 1973 1661 declararet,

221 1680 431 1733 simulque
463 1680 697 1721 solemnem
731 1679 1004 1722 donationem
1039 1682 1082 1721 et
1118 1679 1472 1734 pollicitationem
1506 1678 1799 1733 supradictam
1831 1676 1974 1720 Socie-

220 1745 303 1788 tati
326 1745 501 1798 eiusque
522 1744 774 1797 Praeposito
807 1744 1000 1798 generali
1033 1744 1363 1786 commendaret.
1417 1744 1475 1785 Et
1507 1746 1574 1785 est
1595 1758 1621 1785 a
1652 1743 1774 1785 nobis
1806 1755 1976 1795 quoque

222 1813 431 1864 concepta
462 1809 702 1850 huiusmodi
725 1809 911 1850 formula
942 1809 1105 1850 liberae
1128 1808 1370 1851 donationis
1393 1810 1437 1849 et
1459 1807 1764 1861 promissionis.
1819 1807 1974 1860 Sperat

222 1876 267 1918 P.
292 1874 465 1917 Natalis
496 1874 729 1923 nobiscum,
764 1874 942 1915 eandem
975 1874 1206 1915 formulam
1229 1888 1253 1915 a
1276 1873 1649 1915 Reuerendissimo
1682 1872 1821 1914 isthuc
1853 1871 1972 1913 breui

222 1955 317 1983 esse
357 1939 612 1982 mittendam
626 1940 654 1989 3,
698 1938 894 1980 nimirum
940 1941 988 1981 ut
1032 1938 1265 1980 accedente
1308 1938 1352 1979 P.
1378 1938 1428 1980 V.
1471 1951 1680 1979 consensu
1724 1940 1768 1979 et
1811 1937 1973 1980 factam

221 2004 461 2048 huiusmodi
492 2003 787 2046 fundationem
821 2017 871 2045 ac
894 2002 1159 2045 dotationem
1182 2003 1448 2057 approbante
1474 2003 1569 2044 finis
1600 2003 1774 2045 tandem
1799 2004 1975 2056 optatus

221 2071 318 2112 huic
350 2069 524 2123 negotio
556 2068 801 2122 imponatur
825 2102 834 2111 .
858 2068 1117 2110 Persuasum
1159 2071 1224 2109 est
1257 2067 1642 2117 Reuerendissimo,
1685 2067 1796 2109 hunc
1831 2067 1972 2109 Socie-

222 2136 326 2179 tatis
359 2148 453 2177 esse
485 2147 661 2183 morem,
695 2135 743 2174 ut
774 2136 873 2187 post
904 2133 1105 2174 liberamc
1137 2132 1376 2174 huiusmodi
1408 2132 1650 2175 fundatoris
1683 2131 1973 2174 dotationemd

223 2201 385 2254 obliget
425 2212 472 2241 se
512 2199 696 2253 primum
729 2197 921 2240 Societas
963 2197 1019 2239 ad
1051 2211 1102 2240 ea
1133 2197 1361 2247 seruanda,
1405 2211 1514 2250 quae
1545 2197 1725 2239 honeste
1754 2199 1971 2250 petuntur.

223 2266 314 2316 Qua
347 2265 398 2306 de
429 2278 476 2305 re
507 2263 632 2317 plura
664 2263 823 2304 scribet
853 2262 968 2304 haud
1001 2262 1126 2304 dubie
1158 2263 1202 2304 P.
1228 2262 1414 2312 Natalis,
1450 2265 1495 2304 ut
1518 2276 1624 2316 opus
1646 2276 1729 2303 non
1752 2262 1809 2303 sit
1840 2260 1972 2315 pluri-

222 2331 300 2372 bus
333 2342 464 2383 agere
477 2329 504 2370 4.

341 2395 404 2436 De
444 2393 581 2447 primo
626 2395 670 2435 et
712 2392 897 2434 secundo
939 2392 1088 2446 Capite
1132 2391 1211 2433 hoc
1252 2392 1425 2441 dicam‘2,
1468 2391 1630 2432 nullum
1671 2390 1713 2431 in
1746 2389 1972 2431 Prouincia

222 2462 373 2502 nostra
404 2457 639 2511 Collegium
680 2456 925 2499 institutum
967 2470 1075 2506 esse,
1120 2457 1231 2509 quod
1273 2456 1479 2498 maiorem
1511 2455 1751 2497 fundatoris
1783 2454 1972 2496 liberali-

224 2527 358 2567 tatem
403 2522 608 2576 principio
653 2522 944 2575 experiretur,
987 2535 1037 2563 ac
1081 2521 1287 2562 maiorem
1332 2520 1461 2563 etiam
1508 2520 1558 2561 de
1606 2534 1651 2561 se
1695 2519 1881 2561 fructum
1928 2519 1970 2560 in

341 2609 368 2640 a)
390 2611 435 2634 Ita
456 2610 485 2633 in
507 2610 612 2634 (trehet.
633 2612 789 2633 correctum
810 2611 850 2632 est
870 2616 905 2632 ex
925 2607 1003 2639 agat.
1086 2606 1116 2637 b)
1136 2610 1162 2631 A
1184 2608 1210 2632 C.
1232 2615 1305 2632 corr.
1332 2615 1368 2632 ex
1387 2606 1498 2632 Notato
1521 2607 1563 2631 rel
1581 2606 1673 2630 simili
1693 2613 1716 2629 v.
1799 2610 1824 2631 c)
1846 2606 1971 2636 Sequens

228 2659 247 2675 r.
269 2660 286 2675 (ι
307 2653 334 2675 (¹.
355 2658 448 2682 Supra
470 2657 582 2675 versum
600 2650 741 2680 scriptum
761 2653 810 2674 est.
875 2648 905 2680 d)
926 2649 1064 2680 Sequitur
1085 2647 1227 2679 oblatam,
1247 2649 1449 2673 oblitteratum.
1518 2646 1545 2677 e)
1566 2647 1702 2678 Sequitur
1723 2654 1744 2670 r.
1766 2646 1973 2677 oblitteratum,

225 2692 296 2722 quod
319 2692 376 2716 iam
397 2692 451 2722 lessi
472 2691 576 2722 nequit.

347 2804 355 2823 ¹
381 2803 582 2836 Fridericus
616 2814 685 2836 non
712 2804 850 2836 tantum
877 2801 1025 2835 iuvenes
1054 2801 1212 2842 clericos,
1251 2801 1312 2834 sed
1340 2801 1447 2834 etiam
1474 2799 1562 2833 alios
1587 2809 1724 2843 pueros,
1761 2799 1820 2842 qui
1846 2801 1970 2843 postea

226 2855 301 2888 sive
327 2854 570 2889 ecclesiastica
597 2855 714 2889 officia
742 2855 787 2895 (si
813 2854 855 2888 ad
882 2854 1016 2887 clerum
1042 2854 1194 2887 transire
1220 2853 1307 2897 ipsis
1333 2852 1554 2897 placuisset),
1580 2851 1657 2884 sive
1675 2850 1796 2884 civilia
1823 2852 1967 2885 admini-

227 2908 373 2939 straturi
400 2910 530 2946 essent,
557 2907 651 2941 alere
677 2909 855 2941 statuerat
883 2906 1038 2949 (Bt-(mn,
1067 2905 1337 2947 Heranbildung
1363 2905 1425 2938 des
1450 2904 1582 2937 Klerus
1607 2903 1621 2935 Ι
1650 2903 1861 2945 139—149).

346 2958 357 2977 ²
383 2958 524 2993 Faber?
553 2960 695 3002 (Βναιιη
723 2959 746 2992 l.
773 2970 802 2993 c.
830 2959 845 2992 I
874 2960 951 2993 111.
1002 2961 1086 2992 Ant.
1114 2959 1271 3000 Rulcmd,
1299 2957 1416 2991 Series
1442 2960 1477 2990 et
1503 2955 1607 2988 Vitae
1634 2955 1881 2989 Professorum
1908 2956 1969 2990 SS.

228 3009 449 3052 Theologiae,
476 3012 535 3054 qui
563 3012 788 3055 lVirceburgi
897 3012 1102 3051 docuerunt,
1130 3010 1357 3053 NVirceburgi
1385 3009 1484 3049 1835,
1512 3008 1608 3049 230).

347 3062 358 3081 3
385 3063 533 3105 Borgiae
559 3064 669 3097 missa
704 3068 759 3098 est
785 3076 829 3098 ex
855 3065 975 3097 Monte
1002 3064 1134 3097 Beatae
1163 3063 1321 3106 Virginis
1350 3063 1402 3096 14.
1429 3060 1583 3094 Ianuarii
1612 3060 1719 3094 1567:
1758 3061 1839 3094 vide
1874 3061 1967 3094 infra

229 3124 319 3146 mon.
338 3114 433 3147 herb.
455 3114 520 3156 (6).

347 3168 359 3184 4
384 3165 474 3198 Vide
501 3166 592 3199 infra
618 3178 708 3201 mon.
727 3168 824 3201 herb.
845 3168 910 3211 (3).
