2045 3471
223 187 308 228 536
372 185 466 219 Mon.
486 185 554 219 629
572 184 650 219 sive
668 196 749 228 aug.
768 183 804 229 (a
818 184 869 228 4).
895 185 952 219 22.
971 184 1063 218 Iunii
1083 185 1186 220 1565.
1238 186 1306 221 630
1325 185 1402 220 sive
1421 197 1504 230 aug.
1521 185 1557 230 (a
1571 185 1619 230 5).
1646 186 1701 220 27.
1721 185 1802 221 Iulii
1820 186 1924 222 1565.

338 303 571 346 Consilium
594 305 740 345 autem
762 304 1092 357 salutarequod
1114 304 1225 358 petit
1246 305 1298 348 D.
1315 305 1362 348 T.
1388 304 1501 347 circa
1523 306 1774 348 contractus
1795 305 1987 348 familiae

219 383 337 419 suae,
371 383 478 422 quos
499 368 640 411 minus
663 382 758 411 esse
790 369 982 411 sinceros
1015 383 1143 422 quam
1176 370 1310 411 uellet
1342 373 1386 412 et
1418 370 1471 411 ab
1504 384 1636 412 usura
1666 370 1825 412 liberos
1857 384 1986 424 quam

218 448 299 488 par
331 436 447 476 esset
479 434 619 485 timet,
660 437 760 488 post
793 434 1046 476 electionem
1088 434 1326 489 praepositi
1368 434 1529 477 certius
1570 434 1686 477 mitti
1725 435 1899 489 poterit,
1942 438 1987 478 et

220 513 315 540 cum
347 498 440 552 ipso
473 501 599 553 patre
631 499 801 541 Canisio
834 503 878 542 et
911 499 1008 554 alijs
1040 514 1110 541 res
1143 500 1255 541 serio
1288 499 1563 549 tractabitur,
1596 499 1856 553 interimque
1887 514 1986 554 pre-

219 577 368 605 camur
409 564 533 605 deum
577 564 784 606 bonorum
827 564 1015 606 omnium
1056 565 1235 615 fontem,
1278 568 1326 607 ut
1367 565 1509 607 sancti
1549 564 1615 606 sui
1655 565 1833 619 spiritus
1874 565 1988 608 dona

217 628 341 681 large
373 629 645 671 comunicare
676 629 880 682 dignetur
912 631 956 671 et
989 629 1271 671 dominationi
1304 632 1478 672 uestrae
1511 632 1555 672 et
1586 629 1744 672 illustri
1777 644 1828 672 ac
1853 643 1985 683 gene-

217 707 317 734 roso
351 693 520 735 domino
554 708 647 736 cum
680 696 778 736 tota
809 708 888 736 sua
920 694 1099 745 familia,
1133 693 1200 737 cui
1232 697 1429 737 nostrum
1463 694 1712 748 obsequium
1745 694 1788 736 in
1815 694 1985 737 Christo

218 758 317 800 Iesu
349 772 404 800 ex
437 758 579 800 animo
613 758 843 801 offerimus.
906 759 1072 801 Romae
1106 761 1144 803 9.
1170 759 1287 813 Junij
1322 760 1466 802 1565.

338 844 377 879 P.
392 847 546 879 Ioannes
559 846 747 888 Polancus,
763 844 954 879 Societatis
971 846 1200 888 secretarius,
1217 846 1339 880 eodem
1355 846 1411 880 die
1423 845 1624 889 Augustam
1640 846 1684 880 ad
1699 847 1737 880 P.
1755 846 1986 881 Guilielmum

218 897 371 932 Elderen
399 899 432 932 S.
453 898 485 932 J.
514 898 685 932 *litteras
712 897 819 939 dedit,
856 898 986 942 quibus
1016 911 1096 933 eum
1123 900 1311 934 monebat:
1352 899 1507 941 „Illustri
1534 899 1706 934 Dominae
1731 899 1894 944 Fugerae
1919 900 1986 935 has

219 951 332 985 mittit
357 951 499 985 litteras
518 950 558 986 P.
578 950 709 985 Noster
722 951 890 986 Vicarius
909 963 1000 996 quas
1018 951 1114 987 R.V.
1134 952 1186 986 illi
1213 952 1314 986 dabit
1340 964 1445 997 quem
1471 953 1703 998 interpretem
1729 953 1891 987 futurum
1916 965 1986 988 non

218 1004 443 1038 dubitamus“
478 1005 539 1048 (ex
557 1015 680 1049 apogr.
708 1004 818 1039 eiusd.
846 1007 974 1050 temp.;
1006 1005 1147 1048 „Germ-
1175 1006 1239 1040 61⁶⁴
1270 1006 1294 1040 f.
1322 1006 1441 1050 29312).

221 1130 326 1167 629
354 1132 432 1166 sive
460 1141 583 1176 aug.
612 1132 669 1177 (a
686 1131 762 1177 4).
838 1132 894 1168 22.
920 1131 1015 1167 Iunii
1040 1131 1134 1168 1565.

342 1197 397 1231 Ex
424 1197 558 1231 litteris
585 1197 803 1243 archetypis,
831 1198 875 1232 ab
902 1198 979 1243 ipso
1007 1197 1139 1232 Ottone
1165 1198 1390 1243 subscriptis.
1443 1199 1552 1244 „Epp.
1579 1198 1698 1234 Princ.
1725 1199 1759 1232 1“
1789 1199 1814 1233 f.
1841 1199 1896 1234 27.

340 1268 551 1302 cardinalis
577 1269 811 1311 Auyustanzcs
837 1280 859 1301 a
886 1270 923 1303 S.
943 1269 1141 1302 Frmwisco
1159 1269 1295 1312 Borqta
1316 1270 1500 1303 Societatis
1524 1271 1660 1303 vicario
1683 1271 1780 1313 petit,
1808 1274 1854 1313 nt,
1876 1281 1984 1314 prae-

216 1322 336 1365 posito
358 1322 520 1364 (senerali
546 1323 659 1365 electo,
691 1323 858 1355 Canisius
884 1333 989 1366 quam
1012 1323 1173 1366 primum
1200 1323 1313 1356 Roma
1340 1323 1388 1355 ad
1412 1334 1447 1356 se
1473 1325 1687 1357 remittatur.

342 1393 418 1426 Otto
446 1393 647 1426 cardinalis
674 1394 909 1435 Auyustamcs
927 1393 1078 1435 Dilingya
1104 1395 1160 1426 22.
1189 1394 1290 1426 Ιιιηίἰ
1319 1396 1410 1426 1565
1435 1394 1585 1427 Romam
1611 1394 1658 1426 acl
1685 1394 1720 1427 S.
1747 1394 1983 1427 Francis-cum

219 1446 260 1479 de
285 1446 432 1489 Boryia,
460 1446 644 1479 Societatis
669 1447 844 1479 vicarium
869 1447 1080 1489 yeneralem,
1106 1447 1269 1489 scrip-sit:
1305 1446 1349 1480 Jo
1385 1446 1430 1480 ho
1466 1446 1671 1481 conosciuto
1707 1457 1847 1490 sempre
1881 1448 1983 1480 tanta.

219 1498 359 1532 charita
384 1500 670 1543 accompagnata
705 1499 750 1533 da
776 1498 948 1542 singular'
968 1499 1147 1544 prudenza
1184 1499 1219 1532 in
1246 1498 1281 1533 la
1307 1502 1412 1533 santa
1439 1499 1669 1544 Compagnia‚
1706 1498 1759 1533 ch’
1779 1500 1811 1533 io
1842 1511 1912 1534 non
1937 1499 1983 1534 ho

219 1552 264 1585 da
290 1552 454 1585 dubitare
482 1551 546 1585 0110
573 1563 656 1585 sara
682 1551 891 1595 riguardato
918 1563 984 1586 con
1010 1554 1104 1586 retto
1130 1552 1281 1596 giuditio
1315 1552 1339 1586 il
1368 1552 1542 1586 desiderio
1567 1554 1741 1586 mostrato
1768 1552 1813 1586 da
1837 1564 1894 1586 me
1919 1564 1984 1598 per

218 1604 243 1638 il
269 1606 390 1649 presto
416 1604 550 1638 ritorno
577 1604 634 1638 del
660 1604 776 1638 Padre
801 1603 953 1645 Canisio,
982 1605 1133 1639 essendo
1160 1605 1224 1639 che
1251 1605 1305 1639 010
1331 1617 1439 1640 nasce
1466 1617 1529 1650 per
1554 1605 1629 1639 zelo
1655 1604 1749 1639 della
1774 1604 1891 1639 salute
1917 1605 1983 1640 0110

219 1660 239 1691 a
265 1657 366 1692 molti
392 1669 545 1702 possano
572 1660 716 1702 portare
742 1657 763 1691 l'
784 1670 890 1702 opere
917 1658 949 1692 di
979 1658 1011 1692 S.
1039 1658 1226 1692 Paternita
1253 1659 1288 1692 in
1315 1659 1463 1693 seruitio
1491 1662 1527 1692 et
1552 1659 1684 1692 honore
1710 1658 1804 1692 della
1830 1658 1984 1693 Maiesta

219 1711 361 1752 Diuina,
401 1722 500 1744 come
525 1722 590 1756 per
615 1711 706 1745 altre
732 1712 801 1745 mie
827 1711 873 1745 ho
899 1711 1039 1746 scritto.
1089 1711 1190 1745 Onde
1216 1712 1264 1745 mi
1291 1712 1434 1746 firmaro
1460 1712 1556 1746 nella
1583 1723 1755 1756 speranza
1781 1711 1846 1746 che
1872 1712 1915 1747 V.
1942 1711 1982 1746 P.

219 1764 430 1798 Reuerenda
466 1764 514 1798 mi
542 1765 587 1798 da
613 1776 678 1798 con
705 1764 740 1798 la
766 1776 831 1798 sua
867 1765 901 1798 di
929 1765 989 1799 ,XI
1021 1765 1055 1798 di
1082 1768 1219 1809 questo,
1259 1765 1324 1799 che
1351 1765 1468 1799 Eletto
1495 1765 1524 1798 ll
1552 1764 1736 1805 Generale,
1763 1776 1843 1799 esso
1868 1764 1985 1799 Padre

220 1818 363 1852 Canisio
398 1818 453 1852 sia
481 1829 544 1862 per
570 1829 671 1852 esser
697 1818 837 1862 spedito
872 1830 937 1862 per
963 1818 989 1852 il
1015 1829 1079 1852 suo
1105 1818 1241 1852 ritorno
1267 1821 1401 1862 quanto
1428 1819 1561 1863 prima:
1599 1818 1845 1862 ringratiando
1871 1817 1914 1853 V.
1941 1818 1982 1854 Ρ.

218 1870 430 1905 Reuerenda
456 1871 489 1904 di
517 1873 645 1914 questa
671 1882 736 1905 sua
762 1871 854 1905 bona
880 1871 1122 1905 inclinatione.

220 1989 328 2027 630
355 1992 434 2026 sive
462 2001 584 2036 aug.
613 1992 669 2037 (a
689 1991 763 2037 5).
839 1992 892 2027 27.
920 1991 1005 2027 Iulii
1031 1991 1124 2027 1565.

338 2062 393 2096 Ex
419 2062 552 2097 litteris
579 2063 798 2108 archetypiS‚
825 2064 868 2098 ab
896 2063 1028 2098 Ottone
1054 2064 1131 2109 ipso
1158 2063 1380 2108 subscriptis.
1437 2064 1546 2109 „Epp.
1574 2063 1702 2098 Cardd.
1728 2063 1763 2096 1“
1794 2063 1818 2098 f.
1846 2064 1901 2100 30.

342 2134 552 2167 Οανᾶἰηαῖἰε
578 2135 812 2176 Auqustanus
837 2139 972 2168 monet:
1007 2135 1133 2177 Mayni
1159 2146 1228 2168 esse
1254 2136 1429 2178 momenti,
1456 2139 1506 2178 ut,
1533 2146 1610 2168 cnm
1638 2136 1706 2178 ipsi
1731 2135 1772 2168 cle
1799 2136 1984 2168 Soc-fetatis

219 2187 322 2220 rebus
348 2188 546 2229 dilinyanis
572 2191 601 2220 et
627 2190 840 2229 auyustam's
866 2190 1049 2231 Auqnstae
1076 2200 1153 2221 cum
1180 2189 1336 2232 capitulo
1363 2189 1536 2231 ayendum
1562 2189 1618 2231 sit,
1646 2189 1696 2221 vel
1717 2188 1894 2232 Canzsssius,
1920 2189 1982 2232 vel,

218 2241 252 2273 .ςί
277 2241 314 2273 id
339 2240 420 2281 fiere?
446 2245 604 2284 nequeat,
631 2241 726 2274 alius
752 2252 795 2274 ex
821 2242 937 2275 Sociis
962 2242 1096 2275 Romae
1122 2243 1342 2284 conyreyatz's
1367 2242 1435 2275 sibi
1460 2242 1564 2274 adsit.

344 2311 419 2344 Octo
447 2311 650 2344 cardinalis
676 2313 911 2354 Auyustamcs
937 2312 1087 2354 Dilz'nya
1114 2314 1169 2345 27.
1197 2312 1287 2345 Iulii
1315 2313 1406 2344 1565
1432 2311 1582 2344 Romam
1608 2312 1656 2344 ad
1683 2312 1718 2345 S.
1746 2312 1982 2345 Francz'scmn

220 2364 262 2396 de
276 2364 426 2407 Boryz'a,
454 2364 641 2397 Societatis
654 2366 899 2407 praepositum
917 2366 1128 2408 9eazeralem,
1146 2366 1290 2407 scripsit
1302 2377 1312 2398 .·
1339 2364 1553 2397 Jntendemo
1573 2364 1637 2397 0110
1655 2363 1685 2397 11
1703 2363 1819 2397 Padre
1839 2364 1982 2398 Canisio

220 2426 281 2449 era
306 2427 370 2460 per
396 2416 561 2450 fermarsi
596 2417 686 2450 costi
712 2417 771 2450 fin'
791 2417 825 2451 al
853 2417 1073 2451 Settembre:
1111 2429 1176 2451 oue
1212 2429 1282 2451 non
1316 2417 1455 2451 lassaro
1490 2417 1525 2450 di
1561 2416 1636 2450 dire
1672 2428 1691 2451 a
1719 2417 1760 2451 V.
1787 2417 1827 2451 P.
1854 2417 1982 2453 Reuer.

220 2468 286 2503 0110
313 2469 385 2503 cosi
422 2469 457 2503 la
483 2471 618 2503 uenuta
643 2481 709 2504 sua
735 2481 806 2514 qua
831 2482 900 2505 non
927 2482 1009 2505 sara
1035 2471 1232 2504 altrimenti
1268 2471 1303 2504 in
1330 2472 1459 2514 tempo,
1496 2470 1560 2504 che
1587 2481 1608 2503 a
1633 2481 1689 2503 me
1715 2481 1848 2514 pareua
1873 2470 1983 2504 molto

220 2533 240 2555 a
266 2523 447 2566 proposito
482 2525 518 2556 et
543 2523 632 2556 utile
669 2535 732 2567 per
758 2523 888 2567 quello,
925 2524 989 2558 che
1024 2524 1054 2557 si
1081 2524 1126 2557 ha
1153 2535 1173 2557 a
1200 2525 1351 2557 trattare
1387 2535 1452 2557 con
1478 2522 1503 2556 li
1531 2522 1698 2557 Canonici
1725 2523 1838 2557 nostri
1864 2523 1981 2557 d’Au—

219 2577 327 2617 gusta
362 2586 468 2619 sopra
502 2575 536 2609 lo
571 2576 815 2610 stabilimento
851 2577 885 2610 di
921 2580 1047 2621 questo
1075 2576 1232 2620 Collegio
1265 2577 1323 2620 qui
1361 2576 1395 2609 di
1421 2575 1576 2619 Dilinga,
1612 2578 1648 2609 et
1681 2587 1770 2609 anco
1805 2576 1847 2609 de
1874 2576 1982 2610 Padri

220 2627 251 2660 d'
264 2629 448 2670 Augusta:
486 2629 636 2662 essendo
672 2629 737 2663 0110
773 2629 802 2662 11
829 2629 989 2674 Capitolo
1025 2631 1226 2675 perentorio
1262 2630 1436 2670 intimato,
1477 2640 1575 2663 come
1611 2640 1673 2673 per
1708 2628 1798 2662 altre
1833 2629 1902 2662 mie
1936 2629 1981 2663 110

219 2680 345 2714 scritto
361 2683 380 2722 ¹,
407 2682 622 2715 cominciara
646 2681 707 2715 alli
726 2682 870 2717 XXVIJ
889 2683 923 2716 di
942 2684 1089 2725 Agosto.
1125 2682 1272 2724 Quando
1290 2682 1325 2716 la
1342 2681 1550 2716 risolutione
1577 2681 1640 2722 sia,
1667 2680 1732 2714 che
1751 2681 1847 2715 detto
1866 2681 1982 2715 Padre

221 2732 363 2767 Canisio
399 2734 486 2767 resti
523 2735 558 2768 111
594 2735 677 2778 ogni
703 2736 805 2769 modo
833 2736 923 2770 costi
949 2736 997 2770 fin
1033 2736 1068 2770 al
1094 2736 1192 2769 detto
1218 2738 1338 2780 tempo
1374 2735 1408 2769 di
1433 2734 1637 2774 settembre,
1673 2734 1706 2767 io
1731 2733 1891 2768 stimerei
1917 2734 1983 2768 che

220 2785 359 2820 almeno
394 2786 425 2820 si
451 2787 640 2821 mandasse
667 2799 738 2832 qua
764 2790 822 2822 un'
841 2789 933 2822 altro
960 2789 1087 2829 Padre,
1121 2800 1220 2822 come
1254 2788 1279 2822 il
1305 2788 1421 2822 Padre
1446 2787 1587 2828 Natale‚
1623 2789 1642 2820 ὸ
1668 2798 1752 2820 uero
1781 2787 1807 2819 11
1835 2787 1981 2821 Prouin-

221 2838 311 2872 ciale
347 2839 381 2872 di
408 2839 584 2873 Fiandra2
610 2840 825 2883 giudicando
852 2841 917 2876 0110
952 2842 1050 2886 possi
1085 2842 1231 2885 giouare
1267 2841 1529 2875 infinitamente
1563 2840 1598 2873 la
1632 2839 1814 2884 presentia
1849 2840 1884 2874 di
1909 2851 1981 2874 uno

222 2891 286 2924 che
313 2892 342 2925 si
369 2893 422 2926 sia
448 2895 591 2926 trouato
619 2894 708 2927 costi
735 2894 809 2928 alla
835 2894 1025 2935 Elettione,
1053 2897 1089 2928 et
1115 2894 1180 2928 0110
1207 2895 1262 2928 sia
1286 2894 1458 2928 instrutto
1485 2893 1577 2927 delle
1604 2904 1685 2926 cose
1712 2892 1746 2926 di
1773 2904 1853 2936 qua,
1880 2904 1900 2926 a
1927 2893 1981 2927 cio

221 2943 314 2977 nelle
340 2945 550 2979 resolutioni
576 2945 621 2979 da
647 2946 746 2988 farsi,
773 2948 803 2981 si
830 2959 937 2992 possa
962 2948 1154 2992 procedere
1182 2958 1247 2981 con
1273 2949 1374 2980 tanto
1401 2947 1462 2991 piu
1488 2948 1628 2979 maturo
1655 2946 1846 2988 conseglio.

345 2998 421 3031 Otto
448 2998 536 3032 haec
562 3000 715 3043 repetiit,
744 3012 823 3034 cum
851 3001 971 3044 aliqua
997 3003 1116 3035 tamen
1143 3001 1395 3040 moderatione,
1421 3000 1456 3033 in
1483 2998 1642 3032 *litteris
1661 2998 1806 3041 Dilinga
1835 2998 1888 3032 12.
1907 3000 1979 3032 Au-

221 3049 318 3090 gusti
349 3050 436 3083 1565
464 3051 567 3092 datis,
604 3052 735 3094 quibus
770 3054 814 3087 ad
841 3054 993 3096 Borgiae
1021 3053 1211 3098 epistulam
1240 3054 1293 3087 14.
1319 3053 1400 3086 lulii
1438 3052 1482 3086 ad
1508 3063 1547 3085 se
1573 3052 1692 3084 datam
1720 3051 1979 3096 respondebat:

345 3168 353 3188 ¹
379 3168 470 3202 Vide
496 3180 605 3214 supra
632 3182 663 3214 p.
692 3170 747 3204 73.
918 3172 931 3191 ²
956 3171 995 3205 P.
1024 3171 1228 3205 Everardus
1254 3169 1514 3204 Mercurianus.
