2077 3461
264 201 318 241 84
768 197 868 231 1236.
895 197 1138 232 Theodoricus
1166 197 1331 232 Canisius
1358 197 1511 232 Canisio.

380 318 542 358 Doctor
564 316 776 358 Corradus
799 316 905 358 satis
927 330 1039 357 nunc
1062 319 1128 358 est
1157 315 1341 369 quietus,
1376 318 1579 370 optarent
1603 317 1822 359 auditores
1854 317 1896 359 in
1930 317 2020 359 eius

262 382 387 424 modo
430 381 608 423 docendi
649 380 853 423 maiorem
898 380 1254 435 perspicuitatem
1296 385 1340 423 et
1381 381 1595 433 ordinem,
1644 383 1699 424 Jn
1748 382 2020 424 concionibus

261 447 349 489 suis
372 447 503 500 vulgo
526 446 665 500 magis
689 460 816 499 quam
840 445 943 487 viris
967 446 1105 488 doctis
1127 446 1344 488 satisfacit
1358 447 1384 496 1,
1419 448 1647 500 proficeret
1669 450 1816 489 tamen
1837 447 2022 500 longiori

261 512 575 555 exercitatione
608 547 616 555 .
650 512 832 554 multum
874 511 929 552 ad
962 525 1035 552 eas
1078 514 1144 553 est
1186 525 1438 565 propensus.
1502 511 1584 554 Sed
1625 512 1755 553 habet
1796 513 1908 565 quod
1941 512 2020 553 hoc

260 578 353 620 loco
387 580 492 631 agat
526 591 621 619 cum
655 576 907 630 quotidiana
941 575 1124 618 lectione
1158 575 1420 629 Theologica
1453 578 1497 618 et
1530 577 1758 619 Hebraica.

377 643 626 684 Leonardus
659 642 868 682 Boschius
901 640 1117 682 difficilem
1140 643 1372 694 utcumque
1404 655 1450 682 se
1483 642 1663 695 praebet
1694 642 1737 683 in
1761 641 2020 695 quotidianis

261 708 495 762 exercitijs‚
538 706 793 761 praesertim
838 706 1050 755 externis,
1096 708 1274 760 propter
1311 706 1607 749 infirmitatem
1650 708 1851 761 corporis,
1891 721 2018 760 quam

260 774 439 816 subinde
471 785 742 825 exaggerare
774 770 959 819 videtur,
1001 773 1093 812 tum
1136 771 1267 812 etiam
1309 771 1362 813 ob
1404 772 1580 813 nimium
1623 772 1837 825 quoddam
1874 772 2019 814 varios

259 839 391 881 libros
413 837 585 890 legendi
608 836 809 878 studium.
857 836 1170 878 Accommodat
1191 839 1339 878 tamen
1362 850 1408 878 se
1431 836 1490 878 sic
1514 837 1633 887 satis,
1659 839 1702 879 et
1725 837 1875 879 vtilem
1898 837 2019 878 nobis

258 908 347 947 tam
382 904 424 946 in
457 902 627 956 graecis
650 915 777 954 quam
801 900 1055 942 Haebraicis
1087 901 1281 954 legendis
1314 901 1544 954 aliquando
1567 902 1660 944 fore
1684 916 1823 956 spero,
1856 902 1911 944 Jn
1935 902 2019 943 illis

259 969 369 1011 enim
404 968 512 1010 satis
544 966 741 1021 profecit,
776 965 818 1006 in
852 965 916 1006 his
950 965 1070 1007 breui
1102 966 1283 1007 multum
1317 966 1525 1020 proficiet,
1558 969 1607 1008 vt
1638 969 1756 1020 puto.

377 1035 539 1076 Doctor
562 1032 718 1073 Torres
740 1030 868 1072 valde
892 1030 1042 1072 debilis
1065 1032 1144 1077 est,
1178 1033 1226 1072 vt
1248 1031 1322 1072 vix
1346 1031 1525 1073 alternis
1548 1031 1852 1085 Theologicam
1874 1031 2019 1084 legere

258 1099 437 1154 possit2.
502 1096 754 1139 Satisfaciet
785 1098 933 1137 tamen
967 1095 1021 1137 ad
1053 1098 1224 1149 tempus
1257 1110 1394 1150 spero.

376 1164 421 1205 P.
458 1163 611 1204 Petrus
644 1161 908 1212 Hungarus3
938 1160 980 1201 in
1012 1160 1273 1213 Theologiae
1313 1161 1531 1203 doctorem
1573 1161 1816 1215 promoueri
1856 1164 2016 1214 posset,

257 1229 293 1270 si
326 1241 619 1270 successorem
653 1226 695 1266 in
728 1225 998 1279 philosophia
1032 1225 1224 1269 haberet.
1278 1224 1586 1279 Auspicabitur
1617 1226 1658 1267 in
1693 1226 1805 1268 festo
1838 1227 1888 1267 D.
1914 1226 2017 1268 Hie-

258 1293 457 1347 ronymi4
488 1306 645 1334 nouum
680 1304 864 1340 cursum,
900 1293 944 1331 et
976 1290 1103 1331 simul
1137 1304 1230 1331 cum
1264 1291 1453 1343 antiquis
1476 1290 1695 1344 discipulis
1717 1290 1760 1331 in
1782 1291 2017 1344 repetenda

257 1359 417 1411 Logica
449 1361 493 1400 et
524 1356 706 1411 physica
738 1369 873 1408 Vsque
905 1355 960 1396 ad
994 1355 1273 1396 Februarium
1307 1355 1602 1409 occupabitur.
1666 1355 1782 1404 Quae
1823 1369 1891 1396 res
1932 1370 2016 1397 non

256 1424 417 1478 poterit
449 1437 534 1465 non
567 1436 662 1464 esse
694 1421 753 1462 illi
788 1420 982 1469 molesta,
1018 1420 1146 1461 debili
1179 1420 1337 1473 alioqui
1360 1420 1480 1462 satis.
1524 1420 1687 1461 Romae
1719 1423 1763 1462 et
1795 1420 1895 1462 alibi
1927 1423 2017 1462 tres

257 1492 357 1531 sunt
399 1489 470 1541 qui
512 1502 681 1529 cursum
724 1487 887 1539 legant.
961 1486 1054 1526 Duo
1106 1485 1173 1526 hic
1222 1488 1430 1528 tantum&
1501 1485 1663 1526 Romae
1714 1485 1899 1527 triennio
1940 1486 2016 1527 ab·

257 1555 431 1596 soluunt
465 1567 635 1594 cursum
661 1587 668 1594 .
693 1551 760 1593 hic
793 1550 977 1600 biennio,
1013 1550 1226 1592 adiunctis
1255 1554 1402 1592 tamen
1435 1565 1510 1604 pro
1544 1550 1800 1604 repetitione
1833 1553 2018 1603 quatuor

257 1619 487 1661 mensibus.
532 1618 656 1659 Vnde
690 1616 846 1671 duplici
881 1615 1050 1657 nomine
1083 1616 1258 1668 grauari
1291 1616 1371 1658 hoc
1404 1616 1496 1657 loco
1520 1616 1655 1657 nostri
1679 1615 1892 1665 videntur,
1926 1619 2016 1657 tum

259 1685 371 1738 quod
405 1696 639 1738 properare
671 1681 849 1723 nimium
883 1681 925 1722 in
957 1681 1140 1733 legendo
1175 1684 1398 1733 cogantur,
1441 1684 1531 1722 tum
1574 1680 1686 1732 quod
1719 1683 1811 1722 toto
1845 1680 2017 1733 quadri-

257 1749 408 1791 mestri
432 1750 734 1802 praeterquam
759 1747 800 1787 in
824 1745 1078 1788 lectionibus
1102 1746 1240 1787 solitis
1253 1745 1266 1765 ¹³
1288 1745 1330 1786 in
1356 1745 1589 1799 repetendo
1613 1745 1756 1794 etiam,
1782 1748 1824 1786 et
1847 1745 2016 1798 quidem

259 1815 488 1867 diligenter
521 1816 563 1855 et
597 1815 763 1861 exacte,
807 1811 1007 1865 occupari
1042 1810 1241 1852 debeant.
1306 1811 1350 1852 P.
1385 1811 1554 1858 Petrus,
1599 1814 1645 1852 vt
1678 1812 1744 1852 est
1776 1813 2012 1864 promptus,

258 1880 320 1922 ait
353 1893 397 1920 se
430 1879 509 1920 hoc
542 1892 653 1919 anno
686 1877 877 1918 laborem
910 1876 1179 1930 praedictum
1220 1876 1405 1917 libenter
1437 1875 1690 1917 subiturum.
1753 1875 1844 1916 Nos
1886 1875 2013 1916 alium

257 1945 325 1986 hic
363 1959 448 1986 non
489 1944 709 1984 habemus.
773 1942 823 1984 R.
858 1942 905 1983 T.
948 1940 1164 1993 intelliget
1204 1940 1331 1982 isthic
1374 1943 1560 1982 mentem
1604 1942 1788 1993 patrum,
1831 1942 1874 1982 et
1915 1940 2014 1981 sub-

258 2009 409 2051 sidium
445 2008 556 2050 forte
589 2007 762 2060 aliquod
794 2006 1056 2059 impetrabit.

376 2074 423 2117 P.
458 2072 703 2115 Gerardus5
736 2071 914 2112 necdum
949 2074 1016 2112 est
1048 2085 1103 2111 ex
1130 2070 1300 2123 integro
1332 2070 1573 2119 restitutus,
1615 2070 1745 2111 Valet
1776 2073 1921 2112 tamen
1955 2069 2014 2111 sic

258 2139 377 2182 satis.
437 2138 518 2179 Hic
550 2137 684 2178 multo
716 2136 800 2177 iam
834 2139 1027 2189 tempore
1060 2135 1187 2177 valde
1220 2135 1423 2176 remissus
1456 2148 1549 2176 esse
1582 2135 1738 2176 dicitur
1770 2135 1811 2175 in
1845 2134 2014 2187 legendi

258 2204 411 2253 officio,
451 2205 681 2257 propterea
715 2201 826 2254 quod
860 2201 1004 2253 aliqua
1036 2200 1097 2242 illi
1130 2200 1291 2241 fuerint
1324 2200 1554 2252 aliquando
1588 2202 1748 2252 negata
1781 2213 1890 2251 quae
1923 2199 2013 2253 ipse

375 2297 402 2323 a')
424 2295 560 2326 Sequitur
579 2293 676 2321 Vnde,
695 2294 899 2317 oblitteratum.
975 2292 1004 2322 b)
1026 2294 1071 2317 Ilm
1096 2293 1197 2317 Theol.
1220 2293 1279 2323 ipse
1300 2292 1427 2316 cmv-rasit
1447 2300 1482 2316 er
1502 2292 1625 2323 praeter
1645 2290 1791 2316 lectiones
1811 2290 1928 2316 solitas.

380 2393 389 2411 ¹
422 2389 625 2432 Swagerius
665 2389 699 2421 in
743 2387 894 2421 ecclesia
942 2387 1137 2432 parochiali
1180 2387 1361 2420 contiones
1409 2386 1576 2420 habuisse
1618 2386 1778 2426 videtur:
1834 2386 1878 2419 cf.
1921 2386 2013 2419 infra

260 2456 412 2478 monum.
440 2443 498 2478 dil.
524 2455 556 2476 n.
589 2443 677 2484 (10).

377 2497 390 2517 2
422 2497 654 2530 Tleeodoricus
676 2495 841 2528 Canis-ius
859 2493 1001 2536 Dilinga
1028 2493 1080 2527 18.
1100 2493 1185 2526 Maii
1209 2494 1295 2527 15ss5
1315 2493 1466 2535 Borgiae
1493 2492 1685 2537 *scripsit:
1713 2492 1752 2525 ln
1780 2491 2014 2525 universitate

259 2550 474 2593 theologiam
501 2549 593 2583 tradi
612 2559 714 2581 mane
741 2547 890 2580 alternis
909 2547 1032 2580 diebus
1051 2557 1071 2579 a
1092 2546 1159 2579 PP.
1180 2546 1397 2590 Hieronymo
1415 2545 1582 2579 Torrensi
1608 2548 1643 2578 et
1662 2544 1823 2589 Gasparo
1841 2544 2014 2586 Haivodo,

260 2607 340 2648 post
365 2603 551 2648 prandium
579 2601 725 2635 alternis
752 2611 890 2644 quoque
910 2600 1034 2633 diebus
1060 2611 1079 2633 a
1106 2599 1176 2632 PP.
1197 2599 1356 2632 Conrado
1376 2599 1556 2641 Swagerio
1583 2601 1618 2631 et
1636 2599 1766 2632 Ioanne
1785 2597 2012 2632 Rabenstein.

259 2657 469 2691 Torrensem
496 2654 686 2700 epistulam
713 2653 815 2687 Pauli
841 2653 884 2686 ad
911 2652 1134 2686 Timotheum
1162 2653 1324 2696 priorem,
1353 2651 1553 2685 Haivodum
1578 2651 1741 2685 Psalmos
1766 2651 2012 2694 interpretari3

260 2722 280 2743 a
307 2709 487 2752 Swagerio
514 2707 777 2742 Sententiarum
795 2706 892 2740 Petri
912 2705 1101 2739 Lombardi
1127 2705 1256 2739 librum
1282 2705 1427 2738 tertium
1456 2705 1514 2746 (de
1533 2704 1777 2738 incarnatione
1804 2707 1838 2736 et
1857 2704 1898 2737 de
1925 2704 2012 2737 cari-

260 2764 334 2795 tate
353 2762 417 2795 Dei
444 2763 479 2795 et
504 2760 686 2805 proximi),
712 2772 732 2794 a
760 2758 1012 2793 Rabensteinio
1038 2758 1189 2802 primum
1220 2758 1277 2797 (de
1297 2758 1369 2791 Deo
1396 2770 1464 2792 uno
1491 2760 1527 2791 et
1552 2758 1657 2795 trino)
1688 2757 1798 2792 tradi:
1827 2759 2012 2800 praeterea

262 2826 281 2848 a
307 2814 488 2858 Swagerio
514 2814 702 2848 hebraicae
728 2813 871 2856 linguae
896 2812 990 2845 tradi
1016 2813 1207 2855 praecepta
1236 2811 1296 2851 (ex
1323 2813 1479 2853 autogr.;
1511 2810 1573 2852 „Gn
1602 2810 1664 2854 Ep.
1682 2810 1750 2843 VI‘
1782 2810 1806 2843 f.
1836 2809 1932 2852 100).

380 2869 392 2888 ³
429 2867 610 2907 Hernath,
653 2865 897 2911 philosophiae
945 2866 981 2898 in
1022 2863 1256 2898 universitate
1304 2864 1486 2907 dilingana
1525 2863 1703 2907 professor
1745 2863 1848 2905 (Can.
1890 2862 1938 2895 IV
1975 2863 2012 2896 87

260 2920 476 2963 458—459).

380 2975 391 2992 ⁴
418 2972 483 3006 Die
511 2973 565 3007 30.
585 2972 814 3017 Septembris.
844 2971 1076 3014 „Catalogum
1105 2970 1296 3004 lectionum
1321 2972 1355 3003 et
1379 2969 1673 3003 exercitationum
1692 2967 2005 3002 scholastica-anst

261 3026 414 3070 proximi
440 3027 610 3069 temporis
646 3025 830 3059 semestris
859 3024 1037 3067 (kalendis
1065 3022 1278 3057 Octobribus
1304 3022 1597 3057 incohandaruml
1628 3021 1745 3065 posuit
1773 3022 1896 3064 specht
1930 3021 1952 3054 l.
1980 3032 2008 3054 c.

380 3132 393 3151 ⁵
427 3130 625 3171 Pastelius,
674 3130 917 3174 philosophiae
954 3129 1135 3173 professor
1176 3129 1279 3171 (Can.
1320 3128 1369 3162 IV
1407 3127 1485 3161 596.
1545 3125 1561 3143 *
1577 3127 1764 3170 Cataloyns
1806 3127 2008 3169 dilinganus

264 3185 293 3218 1.
322 3183 477 3218 Ianuarii
506 3183 593 3217 1565
621 3183 786 3227 scriptus,
813 3183 836 3216 l.
864 3194 892 3216 c.
921 3182 942 3215 f.
972 3182 1084 3224 375³).
