2045 3471
217 191 302 232 272
535 188 636 223 1334.
664 187 960 223 Bartholomaeus
987 188 1162 222 Vallonus
1189 187 1343 223 Canisio.
1392 189 1426 222 4.
1444 188 1526 223 Iulii
1553 189 1654 224 1566.

212 322 313 349 uno
344 308 644 362 peccatore
684 306 1096 361 poenitentiam
1138 309 1363 359 agente,
1407 320 1563 359 quam
1605 321 1772 361 supra
1812 321 1974 350 nona·

210 372 570 426 gintanouem
611 370 799 420 iustis,
843 372 930 425 qui
974 385 1076 413 non
1119 371 1376 425 indigent
1415 371 1816 425 poenitentia1.
1876 372 1973 423 Sed,

211 440 259 479 ut
282 437 335 478 ad
358 450 448 478 rem
474 436 658 487 ueniam,
694 440 793 490 post
815 436 1013 479 tandem³
1046 436 1232 484 uincula,
1267 449 1477 485 carcereS,
1511 437 1707 486 uerbera,
1743 436 1973 488 cruciatus,

210 501 384 552 famem,
428 501 558 552 sitim,
600 501 752 554 frigus,
787 502 989 551 calorem,
1031 501 1322 551 infirmitates,
1356 500 1653 551 contumelias,
1695 502 1888 552 uulnera,
1931 504 1976 545 et

210 566 540 608 innumerabilia
592 566 818 609 seruitutis
871 567 1077 615 aduersa,
1138 565 1365 619 placenteb
1418 565 1974 608 misericordiarum

211 632 414 685 patre2,
448 631 548 673 veni
571 631 896 681 Alexandriam,
925 630 996 673 ubi
1019 633 1067 673 ut
1089 631 1332 684 sperabam,
1366 630 1511 672 inueni
1533 644 1662 672 unum
1686 634 1975 674 mercatorum

212 695 442 739 Societatis
464 696 569 738 Jesu
602 696 961 738 studiosissimum
977 697 1005 746 3,
1042 695 1113 749 qui
1139 695 1417 737 Reuerendos
1450 697 1598 749 patres
1622 695 1974 750 Christopherum

211 761 464 816 Hispanum,
499 765 542 804 et
574 761 787 803 Joannem
810 761 1055 815 Baptistam
1080 760 1322 802 Romanum
1354 760 1412 801 ibi
1445 762 1735 813 cognoscens4
1768 775 1853 802 non
1884 764 1974 804 tam

210 825 296 868 cito
327 826 494 876 literas,
540 840 645 879 quas
688 840 768 879 ego
811 826 982 868 uinctus
1016 840 1070 867 ex
1103 825 1332 867 terremi⁰5
1364 825 1420 867 ad
1451 825 1726 879 magnificum
1759 825 1975 868 dominum

208 894 462 933 venetorum
496 891 745 932 consulem6
777 891 912 933 latine
944 891 1218 944 scripseram,
1253 890 1431 941 audiuit,
1467 904 1593 944 quam
1627 890 1821 933 libertati
1853 904 1975 933 meae

207 957 382 999 studere
416 956 620 1010 coeperit,
655 956 798 998 dando
821 970 1011 1010 operam,
1046 959 1093 997 ut
1126 955 1310 1010 pecunia
1342 955 1650 1009 redemptionis
1681 970 1803 998 meae
1829 969 1976 998 amore

207 1021 288 1063 Dei
332 1035 357 1062 a
399 1021 581 1062 dominis
625 1021 940 1063 mercatoribus
985 1020 1275 1074 colligeretur.
1339 1020 1401 1063 At
1448 1021 1548 1074 quia
1591 1035 1794 1063 numerus
1830 1021 1975 1075 precio

210 1085 383 1127 minime
416 1085 721 1140 respondebat,
756 1086 921 1128 addidit
954 1089 998 1128 et
1019 1086 1112 1140 ipse
1136 1086 1332 1127 dominus
1356 1086 1516 1127 Paulus
1540 1086 1762 1127 Marianus
1788 1086 1975 1139 quadra-

210 1150 333 1204 ginta
375 1150 561 1204 quinque
603 1165 770 1199 aureos,
815 1151 977 1204 absque
1020 1151 1118 1201 illis,
1163 1165 1269 1203 quos
1302 1150 1404 1192 mihi
1437 1150 1684 1193 redimendo
1718 1165 1864 1193 amore
1896 1150 1976 1192 Dei

211 1215 398 1269 largitus
430 1215 588 1265 fuerat,
621 1215 847 1257 terremisd
870 1216 1127 1258 officialibus
1161 1216 1354 1265 dederat,
1398 1219 1442 1258 et
1474 1215 1517 1257 in
1549 1215 1754 1259 maritimi
1785 1215 1976 1258 itinerise

212 1280 470 1333 necessarijs
503 1283 843 1335 consumpserat.
907 1281 1030 1322 Alius
1064 1280 1292 1322 uidebatur
1325 1280 1498 1330 Paulus,
1546 1280 1617 1333 qui
1659 1295 1755 1322 cum
1787 1295 1854 1322 me
1886 1280 1975 1334 igni

213 1345 438 1388 seruitutis
469 1345 638 1388 uideret
669 1346 747 1395 uri,
791 1345 1021 1388 urebaturf
1050 1347 1094 1387 et
1120 1345 1241 1400 ipse⁷
1272 1345 1361 1398 igni
1394 1345 1633 1396 charitatis,
1670 1346 1789 1387 cuius
1822 1346 1975 1388 arden-

215 1410 384 1453 tissima
416 1410 573 1452 fornax
605 1411 738 1452 talem
772 1410 813 1452 in
846 1411 982 1453 altum
1005 1410 1148 1452 emisit
1179 1411 1411 1460 flamniam,
1445 1410 1610 1452 vtinam
1643 1425 1837 1453 summae
1868 1424 1975 1465 pau-

215 1490 365 1529 perum
407 1475 718 1529 mancipiorum
759 1475 1011 1518 necessitati
1050 1489 1127 1529 per
1159 1475 1382 1517 societatis
1414 1475 1520 1517 Jesu
1563 1479 1709 1529 patres
1750 1490 1776 1517 a
1808 1490 1974 1517 summo

214 1541 416 1594 pontifice
439 1544 751 1590 succurraturg,
787 1543 830 1582 et
852 1555 947 1582 mea
980 1540 1162 1594 pecunia
1184 1554 1401 1593 nunquam
1423 1540 1682 1583 restituatur
1693 1540 1706 1559 ¹¹
1720 1538 1796 1595 [9]
1844 1541 1975 1583 Plura

215 1620 299 1647 non
324 1606 431 1656 dico,
456 1620 576 1648 mare
598 1620 666 1647 me
688 1606 930 1660 perturbat,
955 1609 997 1648 et
1016 1619 1084 1647 res
1103 1605 1327 1647 seruitutis
1350 1605 1509 1659 ingenij
1528 1606 1641 1647 uires
1659 1605 1881 1660 eruperati
1897 1604 1973 1660 [‘?].

216 1671 404 1713 Tantum
445 1685 571 1724 rogo,
619 1673 667 1712 ut
707 1685 802 1712 meo
844 1670 1015 1712 nomine
1057 1671 1226 1712 saluere
1267 1671 1417 1712 iubeas
1459 1671 1761 1712 Reuerendum
1802 1673 1972 1724 patrem

217 1735 527 1777 Theodericum
561 1735 729 1789 collegij
774 1735 1130 1789 ingulstadiensis
1163 1739 1376 1777 rectorem
1393 1736 1420 1784 ⁶3,
1464 1735 1763 1777 Reuerendum
1804 1738 1973 1790 patrem

216 1800 430 1842 Tircium9
463 1800 692 1842 Rectorem
725 1800 893 1853 collegij
919 1800 1236 1855 OEnipontani‚
1271 1803 1313 1842 et
1337 1800 1639 1842 Reuerendum
1671 1803 1840 1854 patrem
1875 1800 1975 1842 doc-

215 1868 354 1908 torem
388 1865 605 1916 Pisanum,
649 1868 930 1918 coeterosque
962 1867 1110 1919 patres
1142 1865 1400 1918 fratresque,
1444 1879 1624 1918 quorum
1657 1864 1845 1906 omnium
1877 1879 1975 1919 pre-

215 1931 356 1980 cibus,
403 1934 447 1973 et
493 1930 781 1972 sacrosanctis
828 1930 1049 1983 sacrificijs
1096 1944 1163 1971 me
1209 1930 1492 1981 commendes,
1536 1933 1582 1972 ut
1626 1931 1743 1972 Deus
1788 1930 1974 1984 optimus

215 1995 428 2037 maximus
469 1995 581 2037 sicut
621 1995 867 2037 libertatem
909 1995 1100 2049 corporis
1133 1995 1201 2037 die
1232 1995 1589 2037 resurrectionisk
1627 1995 1832 2037 domini1⁰
1871 1995 1973 2037 mihi

214 2060 400 2113 largitus
432 2063 512 2110 est,
555 2059 618 2102 ita
660 2062 704 2102 et
745 2059 875 2101 animi
916 2060 1067 2113 largiri
1105 2060 1318 2113 dignetur.
1382 2061 1527 2113 Atque
1568 2060 1646 2102 has
1686 2060 1974 2114 pauperculas

213 2126 365 2168 literas
397 2125 598 2167 euoluere
631 2139 715 2166 non
749 2124 1007 2177 dedigneris.
1072 2124 1170 2167 Non
1204 2125 1315 2166 enim
1350 2125 1494 2167 studui
1527 2125 1734 2179 Parhisijs
1775 2125 1973 2167 doctissi-

330 2229 359 2259 a)
380 2229 445 2259 Sic,·
470 2228 652 2253 scribendum
677 2229 787 2259 fuerat,
813 2228 871 2252 m‘si
890 2228 998 2258 fallor:
1018 2226 1142 2252 tandem
1162 2227 1241 2260 post.
1349 2226 1379 2258 b)
1403 2229 1465 2258 Sic;
1494 2228 1637 2252 volebatne
1657 2229 1801 2253 scribere:
1830 2226 1975 2253 fauente?

210 2270 237 2299 c)
260 2270 323 2301 Sic;
342 2270 524 2295 scribendum
543 2271 660 2300 ficerat:
680 2269 806 2294 triremi.
839 2269 963 2300 Scripsit
982 2269 1010 2293 in
1034 2269 1111 2293 mari
1132 2269 1252 2297 Iuvenis,
1272 2269 1322 2300 qui
1343 2270 1446 2294 »mltos
1466 2277 1576 2294 menses
1596 2270 1624 2294 in
1647 2270 1814 2294 miserrima
1833 2269 1973 2294 servitute

211 2313 328 2342 efferat!
357 2312 493 2335 Vallonus
514 2312 574 2342 ipse
590 2311 693 2342 paullo
715 2311 795 2341 infra
816 2311 869 2335 leuc
889 2311 1001 2335 ratione
1022 2318 1050 2334 su
1071 2314 1198 2335 ean-asar.
1298 2309 1328 2341 d)
1350 2311 1414 2341 Sic;
1434 2311 1545 2342 corriye
1566 2310 1708 2335 triremis.
1801 2312 1828 2341 e)
1850 2309 1973 2335 Correxi

211 2360 248 2376 ezr
266 2351 361 2377 iteris.
465 2352 488 2383 f)
510 2353 632 2377 Cot-reri
651 2360 686 2376 er
707 2351 862 2377 urabatur.
965 2353 994 2382 gl
1016 2352 1139 2375 (ima-exi
1153 2360 1189 2376 ea·
1203 2352 1390 2377 succuratur.
1493 2351 1524 2383 h)
1545 2352 1610 2382 Sic,·
1631 2351 1763 2376 rectene?
1864 2351 1884 2382 i)
1907 2351 1973 2382 Sic,-

212 2394 357 2418 volebatne
377 2394 519 2418 scrihere:
538 2392 739 2426 corruperat?
828 2392 859 2423 k)
882 2393 1018 2424 Sequitur
1038 2392 1112 2423 eius,
1133 2402 1149 2417 cc
1171 2394 1243 2419 sall.
1263 2394 1468 2418 oblitteratum.

337 2542 342 2559 ¹
372 2539 420 2573 Lc
449 2539 501 2579 15,
530 2540 561 2573 7.
708 2540 720 2559 ‘-'
747 2539 767 2572 2
795 2538 862 2573 Cor
891 2539 919 2579 1,
946 2539 978 2573 3.

333 2593 345 2612 3
372 2592 524 2626 Paulum
551 2591 722 2632 Mariani;
751 2592 833 2625 vide
859 2591 965 2636 paulo
992 2592 1094 2626 infra.

332 2647 344 2665 4
371 2645 410 2679 P.
436 2644 711 2688 Christophorus
738 2645 947 2679 Roder1cius
972 2645 1050 2678 sive
1077 2644 1277 2688 Rodriguez
1305 2645 1337 2679 S.
1359 2645 1390 2679 J.
1421 2645 1479 2689 (de
1505 2656 1574 2688 quo
1601 2645 1645 2678 cf.
1672 2655 1780 2688 supra
1807 2656 1839 2688 p.
1866 2644 1966 2688 218²)

213 2700 248 2732 et
267 2698 305 2732 P.
325 2698 475 2732 Ioannes
494 2698 657 2742 Baptista
676 2698 824 2732 Elianus
850 2697 927 2731 sive
946 2698 1128 2731 Romanus
1148 2697 1180 2731 S.
1196 2698 1239 2734 J..
1267 2697 1493 2732 Christianus
1519 2710 1564 2732 ex
1582 2698 1711 2731 Iudaeo
1738 2697 1970 2731 alexandrino

214 2752 341 2792 factus,
361 2750 504 2785 Cairum
523 2751 567 2784 ad
587 2750 803 2795 Cophtorum
822 2750 1063 2795 patriarcham
1082 2762 1102 2784 a
1122 2751 1184 2784 Pio
1200 2751 1258 2784 IV.
1278 2751 1398 2794 legati,
1418 2763 1448 2785 a.
1464 2751 1550 2785 1561
1571 2754 1606 2784 et
1628 2750 1715 2783 1562
1732 2749 1970 2783 Alexandriae

213 2804 431 2847 aliquamdiu
459 2804 695 2838 substiterant
717 2804 941 2847 (Sacc-hinem,
960 2804 1054 2837 Hist.
1076 2803 1109 2838 S.
1130 2804 1161 2837 J.
1180 2804 1224 2841 II,
1250 2804 1272 2838 l.
1294 2806 1324 2845 5,
1352 2816 1384 2838 n.
1403 2804 1605 2842 135—144;
1633 2802 1656 2836 l.
1673 2803 1703 2843 6,
1722 2814 1754 2836 n.
1773 2803 1968 2836 142—148.

216 2858 477 2901 Sozmnervoyel,
504 2856 596 2890 Bibl.
625 2856 674 2890 HI
703 2857 886 2891 379-381
909 2869 948 2897 v3
976 2856 1025 2890 IX
1052 2856 1268 2899 282--283).

333 2911 344 2928 ⁵
370 2909 508 2943 Navem
535 2910 731 2943 actuariam
759 2910 836 2943 sive
862 2911 1045 2943 triremem
1077 2909 1173 2943 dicit.

333 2962 346 2979 ‘³
371 2962 590 2996 Venetorum
617 2962 689 2996 dux
715 2974 745 2996 a.
768 2963 998 2997 1559—1567
1027 2965 1103 2996 erat
1131 2963 1371 3007 Hieronymus
1398 2961 1520 2995 Priuli.

335 3014 346 3032 Ἴ
373 3014 425 3047 Cf.
454 3015 474 3047 ⁴2
502 3015 569 3048 Cor
598 3016 650 3055 11,
678 3015 733 3049 29.

335 3065 347 3084 ⁸
374 3066 530 3108 Collegio
556 3067 837 3110 ingolstadiensi,
866 3079 944 3101 cum
960 3067 1133 3102 Vallonus
1161 3079 1206 3101 ex
1233 3079 1272 3100 eo
1299 3066 1475 3107 discessit,
1493 3066 1532 3099 P.
1548 3065 1789 3100 Theodoricus
1804 3066 1967 3100 Canisius

216 3120 397 3162 praeerat;
430 3130 462 3151 v.
492 3121 577 3153 Can.
606 3119 655 3152 [V
675 3121 751 3154 777.
898 3122 910 3140 ⁹
936 3121 974 3154 P.
1003 3121 1171 3154 Ioannem
1197 3120 1379 3164 Dyrsium.

323 3170 348 3189 ¹⁰
374 3169 439 3203 Die
464 3171 670 3206 Paschatis:
700 3173 759 3216 qui
786 3184 826 3206 eo
853 3184 944 3206 anno
971 3175 1047 3206 erat
1077 3174 1129 3206 14.
1149 3172 1293 3217 Aprilis.
