2045 3471
221 207 306 251 516
694 204 796 239 1463.
824 202 989 238 Canisius
1015 201 1050 237 S.
1069 201 1258 236 Francisco
1286 201 1329 235 de
1355 199 1498 244 Borgia.

220 340 370 368 rursus
393 325 550 374 iurare,
578 337 674 366 cum
696 337 833 365 nouus
856 325 923 365 est
945 321 1186 376 Episcopus
1208 320 1445 373 eligendus.
1488 318 1598 360 Tum
1621 318 1785 360 electus
1806 316 1986 358 Praesul

220 393 300 433 hoc
332 390 619 432 iuramentum
662 391 781 431 recte
814 389 1040 442 praestare
1071 386 1306 435 uideretur,
1349 398 1395 426 36
1432 383 1476 426 111
1510 382 1731 425 Catholica
1763 380 1987 434 Religione

220 455 325 497 nihil
358 457 434 497 aut
465 454 772 496 innouaturum
803 454 881 494 aut
912 466 938 494 a
969 451 1057 493 suis
1089 449 1286 492 innouari
1317 447 1639 503 permissurum,
1674 446 1871 500 quodque
1902 459 1987 487 non

221 519 450 563 tolerabit⁸
490 521 700 561 uxoratos
740 517 783 559 in
824 516 1023 559 Ecclesia
1064 530 1142 557 sua
1183 513 1455 564 sacerdotes,
1504 526 1644 565 neque
1685 512 1763 553 sub
1803 513 1988 563 utraque

222 585 364 639 specie
413 598 583 626 sacram
627 582 948 624 Eucharistiam
997 580 1195 633 cuiquam
1243 578 1485 633 dispensari
1500 579 1528 620 1.
1603 577 1647 619 Si
1695 575 1797 629 quid
1843 578 1988 618 autem

223 651 375 692 horum
406 648 697 692 intermissum
736 646 869 689 fuerit
900 645 1138 688 Electionis
1180 647 1388 697 tempore,
1431 642 1691 684 decernatur
1722 640 1990 683 Electionem

221 716 359 770 ipsam
383 728 560 769 prorsus
581 713 749 755 irritam
772 712 879 762 fore,
904 714 948 754 et
964 711 1129 752 Romae
1152 708 1522 751 confirmationem
1544 706 1724 761 posteab
1746 705 1990 759 negandam

224 794 332 823 6336.
378 779 473 822 Scio
497 779 549 820 de
581 778 647 819 his
679 777 807 819 rebus
830 779 983 818 extare
1005 775 1193 824 decreta,
1227 772 1485 827 praesertim
1509 771 1684 825 Concilij
1708 769 1991 819 Tridentini2,

224 845 337 900 quod
369 845 412 886 in
444 843 592 898 paucis
623 846 771 884 tamen
803 840 1011 894 Ecclesijs
1045 838 1311 882 Germanicis
1344 840 1410 880 est
1443 837 1722 891 publicatum,
1757 838 1801 878 et
1832 849 1917 877 non
1947 834 1992 876 in

226 910 373 953 multis
414 908 717 963 publicandum
756 919 852 947 esse
885 905 1087 955 creditur,
1130 905 1183 946 ob
1215 904 1367 945 horum
1399 904 1643 956 temporum
1676 901 1990 943 difficultatem.

227 976 376 1028 quue
409 973 547 1026 magis
579 972 778 1021 referret,
811 970 1064 1012 Pontificem
1088 969 1325 1010 Maximum
1358 967 1619 1022 peculiarem
1643 967 1813 1008 adferre
1845 978 1993 1007 curam

228 1041 281 1082 ad
314 1038 594 1081 Cathedrales
635 1037 678 1078 in
713 1035 945 1078 Germania
977 1034 1197 1076 Ecclesias
1238 1036 1283 1076 et
1315 1032 1635 1074 conseruandas
1673 1034 1717 1074 et
1749 1029 1992 1083 erigendas,

228 1110 363 1158 quaec
408 1103 569 1145 nullam
612 1100 802 1154 alioquin
844 1099 1116 1153 disciplinam
1157 1102 1202 1141 et
1243 1097 1597 1140 reformationem
1639 1094 1993 1138 Ecclesiasticam

229 1172 343 1212 ferre
383 1182 510 1223 posse
542 1166 757 1209 uidentur.
821 1166 886 1207 Ac
919 1165 1057 1206 maius
1090 1163 1261 1217 quidem
1295 1165 1361 1205 est
1403 1162 1641 1216 periculum
1672 1161 1715 1203 in
1747 1158 1995 1202 Cathedrali

230 1233 427 1275 Ecclesia
458 1230 753 1284 Moguntinad,
794 1228 1034 1271 Coloniensi
1068 1230 1112 1270 et
1143 1226 1465 1280 Argentinensi.
1527 1226 1585 1268 ζ111
1617 1225 1683 1267 1113
1715 1225 1842 1274 6111111,
1884 1224 1996 1265 sicut

230 1303 274 1342 et
305 1299 348 1340 in
382 1296 698 1351 Herbipolensi,
738 1309 822 1336 non
856 1295 1025 1344 desunt,
1059 1293 1166 1347 proh
1199 1293 1333 1342 dolor,
1367 1290 1569 1333 Canonici
1599 1291 1641 1332 in
1674 1290 1757 1331 fide
1789 1288 1994 1343 suspecti,

230 1365 315 1405 imo
339 1366 384 1405 et
406 1363 549 1416 palam
571 1359 793 1410 haeretici,
818 1372 1051 1411 eorumque
1073 1371 1277 1399 numerus
1299 1356 1508 1411 paulatim
1531 1354 1789 1397 inualiturus
1810 1354 1995 1402 uidetur,

232 1443 325 1470 cum
367 1441 480 1469 nunc
522 1425 653 1468 etiam
695 1439 718 1466 e
750 1424 899 1466 multis
939 1423 1047 1465 illise
1088 1423 1164 1464 uix
1204 1435 1365 1476 paucos
1398 1420 1643 1463 Catholicos
1680 1419 1835 1461 alicubi
1866 1418 1997 1459 liceat

233 1493 435 1547 reperire,
479 1491 631 1545 quibus
664 1488 934 1543 Episcopalis
976 1488 1140 1530 functio
1183 1488 1237 1529 ab
1270 1486 1543 1528 Electoribus
1584 1485 1667 1527 rite
1700 1483 1996 1526 demandetur.

233 1560 373 1609 Quare
405 1558 447 1600 in
480 1556 629 1611 primis
662 1555 898 1609 optandum
931 1556 1059 1604 esset,
1093 1555 1142 1594 ut
1163 1551 1384 1594 Pontificis
1406 1550 1585 1593 Maximi
1618 1564 1669 1592 ac
1699 1549 1833 1604 ipsius
1866 1547 1997 1590 etiam

233 1622 496 1666 serenissimi
518 1620 716 1663 Caesaris
739 1619 983 1661 authoritas
1015 1618 1240 1660 accederet
1268 1618 1321 1659 ad
1344 1615 1586 1658 huiusmodi
1609 1614 1831 1657 Ecclesiae
1853 1615 1998 1668 pestes

234 1689 457 1737 arcendaS,
490 1685 746 1741 praesertim
779 1698 832 1726 ne
864 1683 1074 1738 paulatim
1107 1697 1183 1737 pro
1212 1682 1463 1724 pastoribus
1495 1680 1633 1734 Lupi3
1665 1677 1999 1733 Episcopatibus

234 1753 554 1808 praeficiantur,
589 1755 633 1793 et
656 1750 782 1792 electi
804 1751 1051 1803 contempto
1075 1748 1205 1790 etiam
1230 1747 1435 1789 Pontifice
1468 1745 1686 1788 haeretico
1709 1743 1847 1798 magis
1870 1756 1998 1796 quam

236 1818 456 1861 Catholico
498 1830 616 1858 more
657 1816 717 1857 sic
749 1814 967 1856 Ecclesias
1006 1813 1324 1862 administrent,
1366 1814 1415 1853 ut
1446 1810 1668 1864 Principes
1699 1809 1838 1862 magis
1871 1821 1998 1861 quam

237 1883 441 1938 Episcopi
462 1883 538 1924 aut
560 1879 884 1934 Archiepiscopi
906 1893 1001 1920 esse
1033 1876 1338 1931 uide[an]turf.
1383 1877 1547 1917 Horum
1580 1875 1791 1916 malorum
1825 1886 1998 1915 causam

238 1963 318 2002 ego
352 1962 436 1990 non
469 1946 687 1988 minimam
721 1959 815 1986 esse
847 1948 965 1998 puto,
1000 1943 1113 1996 quod
1137 1941 1394 1984 Germanica
1425 1940 1643 1985 nobilitas,
1678 1953 1733 1981 ex
1756 1952 1840 1992 qua
1861 1937 2000 1979 solum

238 2013 441 2056 Canonici
473 2011 754 2054 Cathedrales
787 2012 831 2051 et
861 2011 1014 2063 postea
1047 2007 1250 2062 Episcopi
1291 2006 1619 2054 instituuntur4,
1653 2007 1856 2058 parentes
1887 2002 2000 2044 male

357 2100 384 2129 a)
406 2100 439 2123 In
455 2099 533 2123 arch.
548 2100 706 2122 correctum
720 2104 756 2121 ea:
769 2094 934 2121 tollerabit.
997 2094 1026 2120 b}
1042 2094 1148 2126 postea
1163 2091 1423 2119 confirmationem
1438 2092 1498 2116 CL.
1566 2091 1591 2122 6)
1606 2090 1694 2121 Reiff.
1710 2097 1868 2121 perperam
1878 2097 1887 2113 :
1907 2086 1997 2120 quod.

240 2141 269 2171 d)
290 2140 466 2172 maguntina
487 2141 518 2164 L.
593 2140 620 2170 e)
640 2140 726 2164 Deest
746 2138 825 2169 apud
845 2137 932 2168 Reiff.
1006 2136 1034 2167 f)
1056 2135 1195 2167 suppleri
1215 2143 1250 2159 er
1270 2135 1336 2160 BL.

240 2241 393 2276 ecclesia
428 2239 649 2274 cathedralis
675 2239 721 2272 24
747 2236 967 2282 capitulares
1002 2235 1175 2275 habebat;
1214 2233 1355 2274 ibidem,
1391 2232 1422 2266 si
1457 2232 1538 2276 quis
1573 2243 1619 2265 ex
1656 2230 1856 2273 „canonicis
1890 2229 2000 2263 iunio-

239 2295 356 2329 ribus“
381 2295 458 2328 sive
481 2292 808 2336 „domicellaribus“
832 2291 868 2324 in
886 2288 1082 2335 capitulum
1101 2287 1242 2322 admitti
1261 2286 1416 2328 volebat,
1443 2285 1531 2319 haec
1550 2285 1717 2330 probaret
1740 2294 1887 2317 necesse
1905 2284 2001 2316 erat:

242 2348 315 2382 Sibi
351 2350 487 2381 certam
513 2345 692 2390 quandam
728 2355 876 2378 avorum
908 2352 1197 2388 proavorumque
1224 2339 1395 2373 nobilium
1422 2338 1552 2373 seriem
1581 2337 1639 2381 (de
1665 2348 1735 2381 qua
1760 2336 1864 2381 plura
1889 2334 1998 2377 infra)

241 2413 339 2441 esse;
359 2412 397 2434 se
415 2411 546 2434 annum
565 2398 873 2433 undevicesimum
892 2395 1115 2441 explevisse;
1135 2405 1173 2427 se
1192 2393 1452 2428 subdiaconatu
1470 2391 1651 2425 initiatum
1670 2401 1748 2423 esse
1774 2389 1838 2432 (M.
1857 2390 2001 2431 Lossen,

242 2454 314 2488 Der
340 2454 486 2496 Anfang
512 2453 574 2486 des
601 2451 856 2494 Strassburger
883 2448 1188 2494 Kapitelstreites,
1215 2445 1394 2480 Mijnchen
1422 2445 1523 2486 1889,
1551 2444 1672 2486 5—6).

365 2508 375 2527 ¹
402 2505 435 2540 S.
463 2505 550 2539 Pius
568 2505 610 2539 V.
646 2504 741 2538 haud
775 2503 887 2537 multo
922 2504 1005 2547 post
1032 2500 1155 2544 (Brevi
1182 2499 1294 2533 Roma
1321 2499 1376 2532 26.
1404 2498 1490 2532 Maii
1519 2497 1608 2531 1568
1635 2494 1733 2539 dato)
1762 2494 1947 2529 Urbanum
1981 2504 2002 2527 a

243 2559 456 2594 Trennbach
483 2559 689 2603 episcopum
715 2557 985 2602 passaviensem
1012 2554 1177 2588 hortatus
1203 2554 1269 2593 est,
1294 2563 1338 2585 ne
1365 2550 1439 2585 ulla
1465 2551 1602 2584 ratione
1628 2548 1909 2583 communionem
1935 2546 2001 2580 sub

243 2617 395 2657 utraque
421 2612 540 2656 specie
564 2610 761 2644 ministrari
788 2609 921 2643 sineret
950 2608 1190 2652 (Laderchz‘as
1214 2605 1238 2640 l.
1265 2617 1294 2639 c.
1322 2605 1357 2638 in
1384 2616 1414 2638 a.
1436 2603 1526 2638 1568
1552 2615 1586 2637 11.
1606 2603 1687 2644 93);
1725 2603 1760 2635 et
1792 2612 1883 2634 anno
1912 2600 1998 2634 1571

243 2666 372 2709 reliqui
399 2676 540 2709 quoque
569 2664 745 2697 Bavariae
771 2662 928 2707 episcopi
955 2672 1033 2695 eam
1059 2658 1258 2693 ministrari
1276 2660 1471 2691 vetuerunt
1491 2655 1565 2698 (Al.
1583 2655 1771 2698 Knespfler,
1790 2653 1855 2686 Die
1874 2651 2002 2686 Kelch-

245 2720 445 2761 bewegung
472 2718 506 2750 in
533 2717 675 2760 Bayern
702 2718 807 2749 unter
834 2714 975 2757 Herzog
1002 2712 1175 2747 Albrecht
1192 2711 1247 2752 V„
1273 2710 1452 2744 Miinchen
1480 2709 1581 2749 1891,
1608 2706 1824 2749 212-214).

365 2772 377 2791 2
402 2771 458 2804 Ita
488 2771 683 2804 Concilium
711 2767 970 2807 Tridentinum,
1006 2766 1130 2811 poenis
1164 2764 1369 2809 propositis,
1403 2763 1644 2807 praeceperat,
1679 2762 1720 2793 ut
1745 2757 2002 2793 cathedralium

248 2824 480 2859 ecclesiarum
515 2823 676 2856 canonici
712 2824 748 2855 et
773 2820 958 2863 dignitarii
989 2831 1028 2862 „a
1055 2819 1110 2852 die
1143 2818 1294 2862 adeptae
1319 2814 1556 2860 possessionis
1583 2813 1626 2847 ad
1652 2813 1770 2846 minus
1797 2812 1890 2845 intra
1916 2811 2003 2844 duos

247 2878 408 2911 menses“
447 2875 483 2909 111
519 2875 676 2920 capitulo
711 2874 892 2919 publicam
918 2873 1001 2906 fidei
1026 2871 1284 2916 professionem
1319 2869 1480 2902 facerent
1515 2869 1550 2900 et
1575 2866 1611 2899 in
1636 2876 1803 2898 romanae
1830 2863 2003 2898 ecclesiae

248 2929 471 2963 oboedientia
498 2940 536 2962 se
562 2938 816 2972 permansuros
843 2938 921 2960 esse
948 2926 1109 2959 iurarent
1138 2923 1248 2966 (Sess.
1276 2921 1405 2961 XXIV,
1432 2932 1462 2954 c.
1484 2921 1526 2954 12
1553 2919 1594 2952 de
1620 2918 1716 2961 ref).

369 2983 381 3001 ³
408 2982 461 3015 Cf.
489 2982 524 3014 Io
554 2981 606 3022 10,
637 2982 676 3015 11
708 2980 770 3017 ]2;
798 2979 852 3012 Mt
879 2979 909 3020 7,
939 2979 1000 3018 15;
1029 2979 1098 3011 Act
1124 2977 1179 3017 20,
1207 2976 1251 3009 28
1278 2975 1322 3009 29
1349 2977 1416 3008 etc.

369 3038 380 3053 ⁴
407 3035 447 3067 In
474 3033 666 3067 coloniensi
691 3032 848 3077 capitulo
874 3030 1148 3075 metropolitano
1167 3030 1185 3063 7
1206 3028 1263 3062 vel
1282 3028 1301 3061 8
1328 3028 1431 3060 erant
1455 3023 1635 3068 „canonici
1653 3022 1889 3067 presbytess‘,
1915 3031 2003 3065 quos

250 3086 309 3119 vel
343 3087 379 3119 in
413 3086 593 3129 theologia
628 3086 687 3119 vel
722 3086 756 3119 in
792 3086 869 3118 iure
905 3085 1067 3117 doctores
1102 3081 1161 3116 vel
1192 3081 1395 3115 licentiatos
1421 3089 1500 3112 esse
1526 3076 1729 3121 op01·tebat;
1765 3075 1892 3119 reliqui
1919 3085 2003 3107 vero

252 3138 422 3179 canonici,
450 3139 545 3181 iique
571 3150 718 3172 numero
745 3138 820 3171 fere
848 3138 902 3177 16,
929 3136 986 3170 vel
1014 3137 1123 3170 duces
1150 3134 1208 3168 vel
1234 3133 1382 3167 comites
1407 3131 1467 3165 vel
1492 3129 1594 3164 liberi
1621 3130 1772 3163 barones
1798 3139 1876 3162 esse
1903 3127 2003 3161 debe-

251 3191 339 3225 bant
368 3192 467 3234 (Aey.
498 3192 673 3234 Gelenius,
700 3191 753 3224 De
779 3189 988 3224 admiranda
1014 3187 1261 3241 magnitudine
1289 3184 1466 3226 Coloniae,
1494 3182 1661 3216 Coloniae
1689 3182 1789 3222 1644,
1816 3180 1913 3223 226).
1964 3179 2003 3212 111
