2045 3471
207 210 289 250 614
663 206 844 241 11011707
872 207 950 242 sive
977 207 1037 242 dil.
1060 208 1148 251 (11).
1187 208 1242 242 23.
1262 207 1383 242 Martii
1406 208 1505 242 1566.

205 323 341 358 destia³
370 322 428 367 [iq.
466 326 501 357 et
527 325 703 358 seueritas
729 325 764 358 in
792 326 940 368 agendo,
975 328 1015 359 ut
1047 326 1208 371 spacium
1236 327 1277 359 ad
1307 326 1424 360 cibum
1452 327 1717 372 percipiendum
1745 328 1821 362 dari
1848 328 1967 363 fratri-

203 377 280 416 bus,
307 376 369 410 uix
396 377 615 420 patianturb.
666 377 744 412 Non
770 379 912 412 nomino
940 379 1141 423 collegium.
1186 379 1347 423 Sapienti
1374 391 1487 424 pauca
1514 382 1550 413 et
1576 380 1703 424 collige
1730 381 1844 425 plura.
1888 381 1967 416 Non

203 430 346 474 quidem
373 430 487 474 cupio,
513 441 629 474 neque
656 442 712 464 1110
738 431 889 465 authore
915 432 986 473 fiet,
1023 433 1084 467 sed
1110 433 1231 473 timeo,
1268 432 1354 466 mihi
1381 433 1497 473 crede,
1523 445 1567 467 ne
1595 433 1714 478 plures
1740 434 1862 478 iugum
1889 434 1966 470 hoc.

202 494 342 517 mecum
360 482 433 516 sint
451 483 638 517 excussuri
654 510 661 517 .
676 484 745 518 nisi
765 487 800 518 et
825 484 960 520 fraenis
986 486 1188 528 regentium
1217 484 1338 529 aliqui,
1366 486 1522 520 maxime
1548 487 1685 531 nouitij,
1712 490 1944 522 coerceantur
1959 515 1966 522 .

203 537 239 569 et
264 535 358 569 fideli
387 535 539 569 fratrum
566 537 834 580 quaerimoniae
861 549 966 572 aures
993 539 1198 583 aperiamus
1224 541 1406 583 paternas.

321 588 447 622 Visum
484 592 539 623 est
575 589 615 623 R.
644 590 682 624 P.
710 591 949 632 Prouinciali,
986 594 1025 625 ut
1060 592 1127 625 hac
1157 591 1464 635 Quadragesima¹
1501 604 1700 627 sermonem
1736 593 1886 627 habeam
1922 594 1966 628 ad

202 641 372 686 populum
398 642 644 685 Dilinganum,
673 643 782 678 obtuli
810 645 854 678 ad
880 644 1021 678 Pascha
1046 657 1161 689 usque
1186 657 1302 679 meam
1330 657 1486 690 operam,
1513 647 1620 680 timeo
1646 648 1767 680 tamen
1804 649 1838 681 et
1868 649 1966 681 certe

201 695 394 739 plurimum
416 723 422 730 .
441 708 485 729 ne
512 696 609 730 oneri
637 697 879 732 succumbam.
913 698 1162 732 Infirmitatem
1182 709 1297 732 meam
1316 698 1565 732 uehementius
1584 710 1640 733 me
1658 701 1890 733 inuasurumc
1905 699 1966 744 [?],

201 761 270 782 non
297 749 465 792 ambigo.
486 749 579 793 quod
601 749 779 784 locutione
805 753 842 784 et
867 751 1033 792 clamore,
1061 751 1175 785 ueluti
1201 753 1323 785 natiuo
1350 752 1504 795 quodam
1530 752 1713 793 alimento,
1740 753 1906 787 foueatur
1931 756 1967 787 et

201 802 339 846 potiora
365 805 484 837 sumat
512 804 743 844 incrementa,
779 803 978 845 Prohibuit,
1015 817 1060 838 ne
1095 806 1252 839 facerem
1279 805 1452 847 Medicus,
1488 806 1550 839 sed
1587 805 1674 839 uicit
1705 817 1804 840 amor
1830 806 1965 843 christi.

200 855 439 890 Prouincialis
465 855 668 890 authoritas
704 860 740 890 et
766 857 987 891 ouicularum
1023 858 1157 900 fames,
1197 869 1289 902 quae
1327 870 1487 902 panem
1523 858 1655 902 ubique
1693 862 1882 903 petunt,
1921 862 1967 894 et-

200 920 304 943 nemo
340 912 431 949 est,
468 910 546 953 qui
581 909 806 953 frangatd
842 910 947 945 eis2.

321 962 529 996 Obtrudunt
554 962 640 996 mihi
667 975 736 997 non
763 975 854 1004 raro,
891 965 927 997 et
953 964 1120 998 Minister
1147 967 1181 998 et
1208 965 1456 1006 Prouincialis,
1494 977 1550 999 me
1581 965 1775 1010 plurimum
1801 965 1965 1000 societati

202 1015 339 1057 debere,
377 1015 412 1049 Si
440 1016 567 1050 Patres
594 1015 774 1050 Romanos
799 1016 1019 1060 intelligunt,
1055 1018 1171 1052 fateor
1198 1030 1253 1052 me
1279 1017 1450 1052 soluendo
1477 1030 1545 1053 non
1582 1030 1672 1059 esse,
1708 1019 1812 1062 cupio
1846 1021 1966 1053 tamen

200 1076 419 1103 memoreme
446 1071 482 1102 et
507 1072 650 1112 gratum
679 1070 847 1111 animum,
884 1070 955 1104 illis
983 1071 1182 1105 ostendere.
1234 1070 1269 1105 Si
1297 1072 1506 1111 Germanos,
1542 1071 1631 1105 nihil
1658 1072 1779 1112 debeo,
1815 1071 1966 1106 exhausi

199 1121 357 1156 infinitos
396 1134 504 1166 prope
544 1122 703 1163 labores,
742 1122 930 1167 hucusque
968 1124 1125 1167 quotidie
1158 1123 1385 1167 Theologicis
1431 1127 1465 1158 et
1504 1124 1704 1159 hebraeicis
1741 1124 1964 1161 lectionibus.

200 1175 438 1215 concionibus,
467 1175 751 1210 confessionibus
779 1178 814 1210 et
839 1177 1006 1222 miserijs,
1036 1176 1187 1211 exhausi
1214 1177 1318 1218 uires,
1356 1177 1443 1222 proh
1472 1177 1580 1217 dolor,
1606 1178 1701 1212 intra
1727 1178 1815 1212 duos
1841 1189 1964 1212 annos.

200 1228 393 1262 sanitatem
430 1229 551 1269 amisi,
588 1241 695 1274 quam
731 1230 829 1263 nulla
866 1230 953 1264 mihi
988 1230 1139 1275 pecunia
1173 1230 1327 1265 soluent.
1379 1231 1491 1275 Cupio
1527 1234 1647 1265 tamen
1683 1232 1713 1265 si
1744 1231 1828 1275 quid
1863 1231 1965 1265 uobis

200 1281 320 1322 debeo,
348 1282 522 1316 rationem
549 1282 636 1323 fieri,
664 1285 700 1317 et
725 1283 876 1317 soluere.
916 1283 1058 1318 Vestris
1085 1284 1308 1318 orationibus
1333 1295 1390 1318 me
1417 1284 1656 1318 commendari
1684 1285 1787 1328 cupio

1445 1343 1629 1377 Conradus
1656 1342 1868 1377 Pallatinus.

1518 1395 1781 1440 Schwagerius.

318 1452 528 1487 Reuerendo
564 1453 599 1487 in
627 1452 770 1487 Christo
807 1454 845 1488 P.
873 1453 913 1488 P.
940 1454 988 1488 M.
1016 1454 1206 1488 Francisco
1241 1455 1283 1488 de
1309 1455 1451 1498 Boi-gia,
1480 1455 1690 1499 Praeposito
1716 1455 1875 1500 generalj
1905 1454 1963 1489 So-

201 1506 341 1540 cietatis
368 1507 467 1541 Jesu.
519 1506 664 1541 Romae.

319 1558 524 1603 Swagerius
560 1560 617 1593 his
652 1560 784 1594 litteris
820 1572 884 1594 nec
920 1560 1047 1602 10011111,
1084 1572 1149 1594 nec
1185 1563 1328 1606 tenipus
1363 1561 1550 1606 ascripsit;
1586 1572 1647 1595 eas
1674 1563 1793 1595 autem
1820 1560 1963 1604 Dilinga

199 1612 305 1657 paulo
331 1615 415 1647 ante
440 1613 596 1647 medium
633 1625 678 1647 m.
698 1613 932 1647 Februarium
968 1625 999 1648 a.
1029 1614 1118 1648 1566
1156 1614 1200 1647 ad
1228 1614 1395 1657 Borgiam
1433 1615 1538 1648 datas
1565 1625 1644 1648 esse
1669 1614 1894 1658 intellegitur
1920 1627 1964 1648 ex

200 1665 290 1710 ipsis
325 1665 498 1710 Swagerii
539 1666 678 1707 verbis;
719 1668 827 1711 atque
865 1667 1031 1708 easdem,
1071 1669 1167 1711 puto,
1207 1668 1377 1701 Canisius
1411 1667 1644 1710 significavit,
1684 1678 1764 1700 cum
1799 1669 1964 1711 Augusta

202 1719 256 1752 14.
283 1718 467 1753 Februarii
498 1720 586 1754 1566
613 1720 766 1763 Borgiae
801 1720 995 1754 scriberet:
1036 1719 1096 1761 „Li
1131 1720 1245 1754 nostri
1281 1720 1416 1754 fratelli
1452 1720 1488 1753 in
1514 1720 1658 1763 Dilinga
1776 1732 1862 1765 pare
1898 1720 1964 1755 che

199 1773 316 1806 stiano
344 1772 432 1806 bene
459 1773 493 1806 in
520 1776 672 1816 utroque
698 1773 851 1814 homine,
885 1776 1006 1808 ecceto
1034 1773 1057 1807 il
1086 1773 1200 1807 Padre
1227 1773 1268 1807 D.
1289 1773 1460 1815 Conrado,
1494 1773 1519 1807 il
1546 1773 1652 1816 quale
1678 1774 1837 1808 sci-iuera
1864 1774 1898 1807 di
1924 1785 1963 1808 se

199 1827 334 1859 stesso⁴⁴
367 1830 417 1869 (v.
444 1838 553 1871 supra
579 1838 612 1871 p.
637 1827 730 1869 189).

317 1879 356 1913 Ρ.
388 1881 628 1923 Hieronymus
653 1881 797 1913 Natalis
824 1879 990 1914 visitator
1026 1881 1057 1914 6.
1086 1879 1252 1914 Octobris
1282 1880 1370 1914 1566
1397 1879 1562 1922 Borgiae,
1598 1891 1661 1913 cur
1687 1879 1872 1924 provincia
1899 1879 1964 1913 Su-

199 1932 349 1976 perioris
368 1932 582 1967 Germaniae
609 1933 703 1966 haud
729 1933 780 1967 ita
807 1933 896 1967 bene
914 1933 1056 1973 habeat,
1085 1944 1277 1977 exponens,
1305 1933 1534 1977 praecipuam
1559 1943 1706 1967 causam
1725 1933 1850 1967 scribit
1868 1934 1903 1966 in
1922 1944 1962 1967 eo

199 1986 353 2029 positam
373 1997 462 2028 esse,
482 1986 575 2030 quod
595 1986 760 2020 Canisius
778 1987 1005 2031 praepositus
1023 1985 1268 2031 provincialis,
1287 1985 1443 2028 negotiis
1462 1985 1753 2028 congregationis
1772 1986 1962 2028 generalis,

198 2038 324 2072 deinde
350 2039 542 2083 legationis
567 2039 773 2084 pontificiae
800 2039 990 2079 distentus,
1018 2039 1239 2084 provinciam
1264 2039 1324 2072 diu
1342 2050 1412 2072 non
1432 2038 1657 2079 visitaverit:
1686 2050 1803 2082 neque
1830 2039 1865 2072 in
1893 2038 1961 2073 col-

201 2091 295 2134 legio
321 2092 516 2136 dilingano,
552 2104 633 2127 cum
659 2092 698 2126 P.
727 2093 905 2127 Henricus
931 2092 1128 2137 Dionysius
1153 2095 1327 2126 rectorem
1362 2094 1487 2135 ageret
1515 2091 1551 2136 (a
1582 2103 1628 2125 m.
1657 2091 1772 2136 Aprili
1801 2092 1891 2126 1564
1918 2092 1963 2126 ad

200 2156 244 2178 m.
272 2145 430 2190 Aprilem
461 2146 579 2189 1565),
615 2145 839 2190 disciplinam
876 2146 1081 2189 religiosam
1109 2145 1215 2180 valde
1241 2145 1434 2189 diligenter
1469 2147 1631 2179 curatam
1658 2156 1748 2179 esse.
1803 2144 1868 2186 „Et
1903 2145 1963 2178 all’

198 2197 286 2232 hora
312 2199 342 2232 si
369 2210 518 2244 corrupe
545 2199 718 2239 Conrado,
753 2199 889 2233 benche
916 2200 963 2232 mi
991 2199 1114 2233 dicono
1141 2197 1251 2242 quelli
1279 2198 1344 2232 che
1371 2198 1404 2231 10
1431 2209 1665 2242 cognoscono,
1701 2200 1737 2231 et
1763 2209 1850 2231 sono
1875 2199 1963 2232 stati

199 2262 265 2284 con
290 2251 340 2297 luj
367 2252 403 2285 in
429 2252 552 2293 Roma,
589 2252 653 2286 che
680 2264 821 2296 sempre
848 2252 925 2286 vise
952 2252 986 2286 la
1013 2252 1182 2286 simulato
1218 2253 1253 2285 et
1289 2251 1323 2285 di
1350 2251 1444 2285 mala
1470 2253 1584 2292 sorte,
1620 2253 1655 2284 et
1690 2250 1763 2295 par'
1791 2251 1899 2285 esser*
1927 2251 1961 2285 di

199 2304 308 2338 molto
343 2305 414 2339 vile
448 2306 669 2339 conditione“
711 2305 771 2349 (ex
804 2305 1012 2350 archetypo,
1050 2305 1143 2349 quod
1179 2308 1235 2339 est
1270 2305 1305 2337 in
1342 2303 1426 2338 Cod.
1457 2304 1559 2346 „EN‘
1599 2316 1632 2338 11.
1660 2304 1746 2344 148;
1782 2305 1890 2338 etiam
1926 2304 1960 2337 111

199 2356 288 2402 Epp.
315 2359 438 2392 Nadal
464 2359 513 2392 111
541 2359 760 2401 242—243).
805 2358 857 2392 Cf.
886 2358 993 2392 etiam
1021 2369 1129 2403 supra
1157 2370 1189 2402 p.
1209 2358 1288 2391 313.

201 2481 306 2517 707
334 2483 410 2516 sive
438 2480 533 2517 dil.
553 2480 674 2526 (ιι).
748 2480 805 2516 23.
831 2480 958 2517 Martii
983 2480 1077 2517 1566.

317 2559 370 2592 Ex
397 2558 603 2603 archetpr
631 2570 651 2591 a
671 2558 707 2592 P.
727 2558 862 2592 Didaco
880 2558 1041 2592 Jimenez
1062 2558 1095 2591 S.
1111 2558 1142 2592 J.
1162 2559 1296 2602 scripto
1324 2560 1358 2591 et
1378 2569 1397 2591 a
1416 2557 1455 2590 P.
1476 2556 1571 2590 Hier.
1590 2555 1720 2590 Natale
1746 2556 1960 2599 subscripto.

201 2611 283 2645 Cod.
315 2611 416 2654 „EN“
446 2623 478 2645 n.
508 2612 586 2646 105.
638 2611 754 2645 Etiam
784 2611 844 2654 (ex
871 2610 1083 2656 archetypo)
1111 2612 1146 2644 in
1174 2610 1262 2655 Epp.
1289 2611 1410 2644 Nadal
1436 2609 1485 2642 111
1513 2609 1661 2643 32-33.

318 2693 345 2722 a)
368 2693 432 2724 Sic5
452 2694 556 2725 Swuy„
575 2693 601 2717 .ςί
623 2701 675 2717 non
696 2693 832 2722 scrihere,
851 2693 1018 2723 siynificme
1039 2696 1112 2717 certe
1130 2693 1237 2717 volebat
1251 2692 1472 2716 immodestiam.
1541 2689 1570 2721 b)
1594 2691 1658 2715 Octo
1675 2698 1715 2714 rr.
1729 2698 1786 2720 sqq.
1803 2700 1818 2713 ιι
1835 2692 1862 2714 S.
1876 2690 1961 2714 iuxta

203 2734 286 2757 rerba
309 2733 431 2765 imperia
452 2749 484 2751 —
505 2733 655 2758 seueritas
678 2734 706 2758 111
727 2732 842 2765 agendo
867 2735 894 2757 ιἰι
917 2734 1047 2765 (margine
1068 2734 1197 2765 ascripta
1218 2737 1293 2758 smzt.
1391 2737 1416 2758 cl
1439 2733 1503 2757 Sic:
1524 2732 1724 2762 cuz-ristendnm
1747 2738 1806 2754 esse
1827 2730 1961 2754 viderur:

202 2773 383 2799 inuasurain.
459 2775 488 2803 d)
511 2777 535 2799 Α
557 2776 584 2800 S.
605 2783 679 2799 cvi-r.
700 2783 736 2799 ac
756 2774 922 2806 frangeret.
996 2780 1022 2799 01
1044 2775 1181 2806 Sequitur
1201 2781 1258 2804 me,
1279 2783 1294 2797 n
1317 2774 1344 2798 S.
1366 2774 1454 2797 oblim.

324 2882 331 2899 ¹
358 2880 409 2912 Ea
435 2880 555 2913 futura
583 2882 659 2913 erat
685 2891 706 2913 a
732 2880 764 2913 d.
792 2880 846 2912 27.
866 2878 1048 2912 Februarii
1076 2878 1119 2912 ad
1148 2878 1201 2911 13.
1221 2877 1356 2921 Aprilis
1386 2877 1486 2910 1566.
1534 2876 1683 2918 Boryias
1708 2874 1820 2908 Roma
1847 2875 1878 2908 5.
1907 2874 1959 2908 Ia-

201 2931 316 2964 nuarii
344 2933 433 2965 1566
460 2932 528 2966 *P.
555 2932 774 2966 Theodorico
801 2931 962 2966 Canisio:
1004 2931 1052 2973 „11
1087 2931 1270 2976 predicare
1305 2930 1341 2963 in
1376 2929 1523 2963 tudesco
1549 2928 1643 2961 nella
1669 2926 1891 2971 parrochiale
1918 2927 1961 2960 de

203 2981 356 3025 Dilinga,
393 2995 430 3017 se
456 2985 611 3018 bastassi
638 2985 729 3018 farlo
755 2984 882 3018 alcune
909 2984 1004 3017 uolte
1030 2983 1065 3017 la
1091 2983 1295 3024 settimana,
1332 2985 1367 3016 et
1392 2993 1460 3015 non
1487 2981 1517 3015 si
1543 2980 1705 3025 pigliassi
1732 2982 1815 3024 pero
1843 2979 1960 3022 obligo

203 3035 237 3068 di
264 3036 449 3069 continual*
483 3037 506 3069 li
542 3038 626 3070 anni
661 3038 836 3081 seguenti,
871 3049 981 3070 senon
1017 3037 1047 3070 ci
1082 3036 1237 3070 tornassi
1273 3035 1427 3077 comodo,
1465 3037 1499 3067 et
1531 3045 1569 3067 se
1595 3032 1620 3066 il
1646 3032 1687 3066 D.
1716 3032 1895 3066 Conrrado
1922 3042 1960 3065 se

202 3091 347 3121 trouara
373 3089 532 3132 disposto
558 3101 620 3133 per
646 3090 701 3123 far
728 3092 853 3133 questo
880 3090 1008 3129 officio,
1042 3089 1074 3122 io
1100 3090 1147 3122 mi
1174 3090 1341 3122 contento
1367 3088 1419 3121 sia
1446 3086 1635 3121 sodisfatto
1661 3085 1684 3118 il
1713 3084 1898 3118 Cardinale
1926 3087 1959 3117 et

202 3140 314 3174 anche
340 3140 365 3173 il
392 3141 538 3184 popul&
572 3142 632 3183 (ex
659 3153 780 3185 apogr.
809 3142 920 3175 eiusd.
947 3144 1054 3185 temp.
1098 3140 1238 3183 „Germ
1267 3142 1329 3175 6:3²
1361 3140 1384 3174 f.
1413 3140 1499 3183 52³).

322 3193 334 3212 ‘2
360 3193 477 3226 Thren
504 3195 535 3227 4.
563 3196 595 3227 4.
