2045 3471
706 199 850 244 Dilinga
876 200 933 235 23.
951 200 1033 234 Iulii
1054 201 1154 235 1567.
1731 203 1814 243 517

55 317 297 360 Catholicos
320 332 370 361 ac
393 317 746 374 deprauat[am]⁸
766 319 858 362 fere
880 317 1066 362 habeatb
1088 319 1399 371 educationem,
1434 322 1533 374 post
1560 333 1664 361 uero
1686 319 1818 361 nimia

53 383 258 425 libertate
289 383 332 425 in
365 384 453 425 suis
485 384 714 438 Ecclesijse
754 384 994 426 residentes
1025 384 1258 437 gaudeant,
1301 387 1349 427 ut
1389 399 1474 426 non
1506 383 1816 434 Ecclesiastici‚

55 448 131 490 sed
148 447 357 490 militares
381 449 507 502 plane
529 448 736 500 homines,
763 451 807 491 et
829 449 959 503 praed
982 449 1167 492 caeteris
1189 449 1396 491 secularie
1418 449 1620 492 licentiae
1641 463 1818 503 prorsus

56 512 187 555 dediti
227 512 469 555 uideantur.
533 514 699 557 Pendet
740 514 915 556 interim
956 514 1009 556 ab
1051 513 1117 555 his
1150 514 1479 556 Cathedralibus
1512 513 1717 568 Ecclesijs
1749 514 1819 556 uel

54 576 245 619 maxima
284 591 387 631 pars
419 578 715 620 Ecclesiastici
755 582 910 629 status,
952 578 1038 620 imo
1071 581 1116 621 et
1147 579 1472 620 conseruandae
1504 578 1743 632 Religionis
1774 578 1819 620 in

57 641 300 684 Germania.
364 642 424 684 Vt
456 645 601 684 autem
635 657 746 684 nunc
777 646 878 685 sunt
909 645 1119 697 tempora,
1161 643 1384 697 probabile
1416 657 1499 684 non
1533 646 1600 685 est
1631 643 1708 684 hos
1740 657 1819 684 un-

56 719 186 759 quam
217 706 453 748 Canonicos
493 721 690 749 cessuros
733 707 821 749 suis
862 707 1101 762 priuilegijs
1143 710 1187 750 et
1225 707 1585 762 exemptionibus,
1628 707 1671 749 in
1713 721 1819 759 quas

56 784 191 812 nouos
233 770 363 812 etiam
397 771 634 826 Episcopos
666 772 809 814 iurare
847 775 1019 826 cogunt,
1063 786 1141 815 nec
1172 772 1300 814 facile
1341 770 1617 827 recipie[nt]r
1645 772 1819 825 Concilij

57 835 188 878 etiam
221 835 461 878 Tridentini
501 837 826 888 authoritatem,
868 840 1082 890 quatenus
1120 836 1309 890 antiquis
1340 837 1531 891 ipsorum
1564 836 1743 879 statutis
1776 840 1820 879 et

56 899 295 954 priuilegijs
317 900 640 954 praeiudicatur
655 903 681 944 1.
724 901 818 943 Nec
839 905 986 944 tamen
1008 902 1157 955 negari
1180 904 1338 956 potest,
1366 903 1537 944 morbos
1560 901 1821 944 Clericorum

56 965 101 1007 in
122 964 329 1019 Ecclesijs
352 965 679 1007 Cathedralibus
701 966 973 1008 foedissimos
995 969 1039 1009 et
1060 967 1254 1020 publicos
1277 980 1384 1018 esse,
1413 966 1485 1020 qui
1509 966 1821 1008 Germanorum

59 1029 204 1072 oculos
245 1032 289 1072 et
322 1030 488 1072 animos
520 1031 680 1084 passim
715 1031 949 1083 offendant,
983 1034 1208 1085 totumque
1241 1032 1433 1074 ordinem
1466 1031 1821 1073 Ecclesiasticum

56 1094 100 1136 in
132 1094 269 1137 maius
302 1095 444 1136 odium
477 1098 522 1138 et
553 1096 757 1150 probrum
780 1096 1011 1139 adducant.
1054 1097 1217 1139 Verum
1251 1097 1303 1138 de
1335 1097 1401 1138 his
1433 1096 1593 1139 morbis
1625 1095 1695 1150 egi
1725 1095 1822 1149 plus

57 1159 167 1203 satis
197 1159 398 1210 fortasse,
433 1160 632 1202 nimirum
665 1163 714 1203 ut
744 1161 829 1203 illis
862 1162 1063 1208 curandis
1093 1161 1344 1204 incumbant
1367 1161 1535 1212 Medici,
1570 1161 1643 1214 qui
1674 1162 1824 1203 amant

60 1224 348 1276 Germaniam,
383 1228 426 1268 et
458 1225 501 1267 in
533 1239 585 1267 ea
618 1226 797 1280 cupiunt
829 1226 1161 1278 Catholicorum,
1195 1241 1305 1280 quae
1339 1227 1478 1269 adhuc
1510 1228 1679 1276 extant,
1721 1224 1822 1267 reli-

61 1304 184 1343 qulas
217 1304 489 1333 conseruare.

177 1354 279 1396 Dixi
311 1355 363 1397 de
396 1355 603 1409 Ecclesijs
633 1355 912 1407 Germanicis,
946 1370 1058 1398 nunc
1090 1356 1246 1398 addam
1279 1370 1418 1410 pauca
1451 1356 1502 1398 de
1534 1355 1659 1397 huius
1691 1355 1823 1397 etiam

59 1419 248 1462 nationis
279 1420 570 1474 Monasterijs.
633 1421 736 1462 Cum
779 1435 918 1463 essem
950 1421 1240 1474 Moguntiaeg,
1283 1436 1367 1463 non
1408 1421 1541 1463 semel
1583 1420 1728 1462 audiui
1768 1433 1823 1461 ex

60 1498 134 1527 ore
165 1485 528 1527 Reuerendissimi
554 1485 920 1541 Archiepiscopi2,
953 1486 1046 1528 fieri
1077 1486 1151 1528 uix
1182 1500 1322 1540 posse,
1359 1490 1405 1528 ut
1436 1482 1826 1528 Monasteriorumh

59 1552 203 1592 status
234 1549 278 1591 in
309 1564 387 1591 sua
417 1550 589 1603 quidem
613 1551 807 1593 Ecclesia
829 1552 944 1593 ultra
967 1549 1280 1605 dec[en]niumi
1309 1551 1506 1593 duraret:
1541 1554 1632 1593 tam
1663 1563 1825 1604 paucos

62 1615 107 1656 in
137 1614 222 1656 illis
254 1614 496 1667 Religiosos
528 1630 769 1670 superesse,
812 1619 856 1658 et
889 1616 1061 1658 eosdem
1102 1615 1342 1669 irreligiose
1374 1616 1537 1667 uiuere,
1581 1618 1628 1658 ut
1660 1629 1706 1657 se
1739 1615 1824 1656 illis

60 1679 250 1722 nouitius
292 1680 435 1721 nullus
476 1680 582 1723 uelit
619 1680 867 1734 adiungere.
931 1681 1024 1723 Nec
1056 1680 1137 1722 dici
1170 1682 1278 1724 satis
1310 1683 1469 1735 potest,
1511 1694 1640 1734 quam
1671 1694 1824 1734 pauca,

60 1744 219 1786 misera
252 1748 296 1787 et
326 1744 496 1799 impura
527 1759 639 1787 nunc
671 1746 785 1799 apud
818 1745 1055 1788 Germanos
1088 1746 1307 1800 supersint
1338 1745 1605 1788 Monasteria
1638 1745 1825 1786 omnium

61 1809 153 1851 fere
185 1809 379 1851 ordinum
393 1810 420 1853 Κ.
484 1809 563 1859 Qui
595 1813 815 1864 praesunt,
858 1810 946 1852 illic
978 1810 1184 1865 hospitia¹
1225 1813 1269 1853 et
1300 1811 1505 1853 tabernas
1537 1810 1730 1865 publicas
1762 1809 1828 1852 fo-

61 1888 164 1916 uere
195 1874 335 1928 magis
368 1889 496 1927 quam
518 1875 796 1929 Monasterijs
822 1889 1024 1929 praeesse
1057 1877 1101 1918 et
1132 1876 1337 1930 prodesse
1369 1875 1582 1919 uidentur.
1617 1875 1728 1916 Hinc
1759 1877 1827 1917 tot

59 1938 304 1993 Apostatae
344 1939 466 1981 nobis
507 1939 687 1994 implent
720 1940 1018 1990 Germaniam;
1066 1940 1163 1982 hinc
1204 1940 1461 1995 plaeriquem
1502 1940 1594 1982 sine
1634 1940 1826 1992 regulari

60 2003 211 2046 habitu
243 2006 474 2057 uagantur,
517 2008 561 2047 et
593 2005 855 2048 dedecorant
887 2005 1107 2048 Ecclesias
1138 2005 1428 2057 Parochiales‚
1472 2019 1581 2058 quae
1619 2005 1710 2046 sine
1742 2004 1827 2046 illis

62 2071 262 2123 pastores
293 2069 369 2111 uix
400 2070 510 2111 ullos
551 2069 779 2112 habiturae
811 2072 1032 2124 putantur.
1096 2070 1304 2112 Videmus
1335 2070 1507 2113 interim
1541 2070 1708 2123 ingenti
1741 2069 1824 2111 Ec-

62 2133 220 2176 clesiae
253 2134 366 2176 malo
399 2134 589 2187 quotidie
621 2134 726 2185 fieri,
760 2138 808 2177 ut
841 2149 950 2188 quae
982 2136 1095 2177 bona
1127 2135 1295 2190 piorum
1325 2135 1518 2178 coetibus
1550 2134 1826 2176 instituendis

63 2201 107 2241 et
139 2198 305 2240 alendis
338 2198 557 2241 destinata
590 2202 703 2249 sunt,
738 2213 789 2241 ea
820 2200 1008 2254 turpiter
1030 2200 1162 2243 etiam
1185 2215 1210 2242 a
1232 2200 1504 2254 regularibus
1527 2199 1824 2254 prodigantur‚

64 2267 108 2308 et
138 2263 179 2304 in
213 2263 487 2317 prophanosn
528 2278 629 2306 usus
663 2265 834 2316 abeant,
877 2265 961 2307 imo
1001 2265 1132 2307 etiam
1164 2265 1305 2319 impijs
1338 2266 1393 2308 ad
1425 2264 1703 2317 affligendam
1735 2278 1826 2306 rem

64 2328 329 2371 Catholicam
370 2328 486 2369 uires
527 2331 571 2371 et
612 2343 733 2371 arma
774 2329 1032 2373 ministrent.
1096 2330 1351 2383 Cogitabam
1391 2330 1525 2384 igitur
1556 2329 1667 2371 hanc
1699 2342 1826 2382 posse

184 2408 213 2439 a)
234 2408 374 2440 Supplevi
393 2416 429 2433 ea:
448 2409 514 2433 BL.
600 2407 631 2439 b)
652 2410 687 2434 Ιη
707 2411 813 2435 archei.
834 2413 991 2435 correctum
1011 2418 1046 2435 ez
1065 2408 1205 2435 habeant.
1292 2411 1316 2437 c)
1340 2411 1373 2434 In
1394 2410 1445 2434 CL
1465 2412 1626 2441 sequamur
1646 2417 1687 2433 vv.
1708 2407 1826 2434 nobiles

63 2448 247 2475 huiusmodi.
320 2448 349 2480 d)
371 2450 457 2480 Reiff.
476 2450 556 2475 haud
576 2454 667 2475 recte:
686 2457 753 2483 pro.
824 2452 849 2482 e)
870 2450 1017 2476 saeculari
1038 2452 1070 2476 L.
1144 2450 1171 2481 f)
1193 2451 1332 2483 Supplevi
1351 2459 1387 2475 ex
1407 2452 1432 2476 B
1442 2452 1474 2476 L.
1548 2452 1576 2480 g)
1598 2449 1770 2481 Maguntiae
1791 2451 1823 2474 L.

64 2489 96 2522 h)
118 2492 154 2516 C.-
173 2490 411 2521 monastcriun1;
432 2492 459 2515 in
475 2492 607 2523 mar-ysne
621 2495 714 2516 autem
728 2501 737 2516 :
756 2492 951 2519 monasticus.
970 2494 1011 2517 L:
1031 2492 1236 2523 monasticus;
1255 2493 1441 2522 l1c1u‹l›·ecte;
1460 2493 1591 2523 sequitur
1604 2492 1697 2516 enim:
1711 2490 1740 2516 in
1755 2489 1824 2516 illis.

63 2531 84 2562 i)
106 2532 244 2563 Supplevi
265 2540 300 2556 ex
319 2533 380 2557 BL.
463 2531 494 2563 k)
516 2533 562 2557 Ita
584 2534 653 2558 Can.
674 2534 734 2564 ipse
754 2534 882 2558 correxit
902 2542 938 2558 ea:
958 2532 1239 2562 Carthusianorum,
1260 2533 1526 2559 Dominicanorum
1546 2532 1824 2562 Franciscanorum,

64 2572 364 2605 Augustinianorum.
403 2574 449 2598 Ita
476 2573 621 2599 «omnium
647 2578 709 2605 etc.)
736 2576 822 2599 etiam
848 2576 902 2600 CL.
984 2575 1006 2608 1)
1032 2575 1179 2608 praesunt
1204 2575 1279 2605 illis,
1305 2574 1437 2607 hospitia
1457 2576 1490 2600 L.
1569 2575 1609 2605 m)
1630 2573 1766 2606 plerique
1787 2574 1822 2599 L.

63 2614 95 2646 n)
116 2613 261 2647 profanos
281 2616 314 2640 L.

63 2709 273 2753 moguntina
300 2709 453 2743 ecclesia
479 2709 752 2753 metropolitana
778 2709 844 2744 sub
872 2709 1008 2744 exitum
1034 2710 1170 2744 saeculi
1196 2710 1292 2744 XVI.
1320 2710 1479 2744 canonici
1510 2720 1631 2743 omnes
1657 2728 1703 2732 —
1728 2708 1824 2752 iique

64 2773 212 2796 numero
247 2762 321 2796 fere
348 2762 404 2803 42,
442 2773 460 2796 e
496 2762 625 2805 quibus
662 2762 707 2796 24
745 2763 1004 2808 „capitulares‘
1035 2765 1136 2797 erant
1164 2784 1206 2787 —
1243 2775 1287 2797 ex
1323 2763 1470 2807 probata
1506 2774 1568 2806 per
1595 2763 1761 2806 parentes
1788 2764 1824 2795 et

65 2815 217 2850 maiores
243 2815 430 2849 nobilitate
457 2817 559 2849 erant
587 2815 776 2858 (serarius
800 2816 821 2850 1.
843 2828 870 2850 c.
892 2816 938 2860 [v.
958 2828 1068 2861 supra
1094 2828 1126 2861 p.
1146 2816 1244 2860 3012]
1273 2816 1346 2859 73).
1387 2815 1569 2859 Herbipoli
1596 2814 1821 2849 cathedrales

65 2867 225 2902 canonici
250 2879 372 2902 omnes
398 2868 582 2901 minimum
618 2880 662 2902 ex
689 2869 847 2912 equestri
874 2869 930 2902 vel
958 2870 1111 2913 patricia
1137 2869 1324 2903 nobilitate
1351 2880 1428 2902 esse
1456 2868 1652 2907 debebant;
1688 2869 1822 2911 Argen-

64 2921 172 2955 torati
197 2920 240 2954 ab
267 2921 431 2955 omnibus
458 2921 680 2963 exigebatur,
708 2923 748 2955 ut
770 2921 898 2956 saltem
918 2921 1019 2955 liberi
1039 2922 1190 2956 barones
1210 2922 1348 2966 imperii
1369 2924 1490 2955 essent
1511 2921 1618 2964 (Any.
1637 2921 1822 2964 Amrhee'n,

65 2972 300 3015 Reihenfolge
335 2974 397 3007 der
422 2973 627 3017 Mitglicder
661 2974 724 3008 des
759 2975 924 3016 adeligen
955 2975 1169 3008 Domstiftes
1205 2987 1247 3008 zu
1277 2974 1477 3017 Wirzburg,
1513 2975 1547 3008 in
1578 2973 1734 3015 „Archiv
1760 2974 1823 3008 des

66 3025 314 3060 Historischen
334 3026 486 3061 Vereins
513 3038 582 3060 von
610 3026 897 3060 Unterfranken“
929 3026 1065 3061 XXXII
1094 3029 1135 3062 17
1166 3027 1219 3061 18.
1272 3029 1413 3071 Lossen,
1441 3027 1694 3072 Kapitelstreit
1719 3027 1769 3067 5).

188 3080 198 3099 ¹
225 3079 278 3114 Cf.
308 3081 394 3114 Can.
421 3080 470 3113 [V
498 3080 577 3114 547.

185 3131 198 3152 ²
225 3131 383 3166 Danielis
410 3132 561 3166 Brendel
589 3132 633 3166 ab
659 3132 866 3176 Homburg;
903 3132 1068 3167 Canisius
1094 3144 1114 3166 a
1141 3133 1173 3167 d.
1202 3133 1232 3168 3.
1260 3133 1302 3166 ad
1330 3133 1361 3167 5.
1390 3132 1468 3167 Iulii
1499 3133 1587 3168 1567
1615 3133 1823 3176 Moguntiae

68 3183 155 3224 fuit;
182 3184 264 3218 vide
290 3185 383 3219 infra
409 3197 501 3219 mon.
528 3197 605 3219 var.
635 3185 726 3228 (30).
