2077 3461
220 216 274 256 92
483 211 582 246 1236.
610 210 852 244 Theodericus
879 209 1043 244 Canisius
1070 208 1223 243 Canisio.
1265 207 1411 251 Dilinga
1438 207 1493 241 26.
1512 207 1593 241 Iulii
1622 206 1722 241 1565.

217 333 254 364 et
287 330 412 364 crebra
437 329 538 370 53115,
575 328 630 370 (ut
661 327 766 362 amici
791 326 967 370 narrant,)
1003 338 1067 360 nos
1094 336 1224 370 pueros
1250 327 1419 365 castrare,
1453 326 1495 358 ut
1528 326 1688 358 sanctam
1716 323 1978 368 amplectantur

216 383 432 422 castitatem,
459 393 524 415 nec
552 381 682 415 desunt
706 383 747 415 ut
772 380 888 414 fertur
914 380 975 424 qui
1000 380 1033 413 id
1062 379 1210 413 credant
1237 377 1298 421 (ex
1324 376 1559 421 autographo.
1603 376 1685 411 Cod.
1710 376 1771 419 „G.
1802 376 1864 421 Ep.
1892 376 1972 411 V1.“

216 436 240 471 f.
269 436 356 479 78³).
408 436 527 478 Atque
565 445 721 468 excusus
759 436 815 468 est
853 434 960 467 etiam
999 432 1056 466 hic
1093 431 1182 465 liber
1222 430 1344 475 (quem
1382 430 1460 475 ipse
1498 430 1612 472 vidi):
1655 430 1756 473 „Zwo
1794 429 1977 464 Historien

218 500 334 523 zumm
358 487 362 532 l
385 488 524 522 Muster
551 487 613 521 der
640 486 882 521 Jesuitischen
901 485 1064 529 Religion
1088 486 1092 528 l
1116 484 1186 518 vnd
1211 483 1430 528 Keuscheyt.
1454 481 1458 527 l
1482 483 1546 517 Die
1571 483 1684 523 Erste,
1711 482 1777 517 wie
1803 482 1858 516 die
1878 482 1979 517 ,16511-

216 542 326 575 wider
352 541 418 575 mit
439 541 539 586 jhrer
562 540 566 584 Ι
589 539 878 584 Beschneydung
902 538 1010 572 Newe
1028 537 1191 578 Mouche,
1219 537 1292 571 Das
1319 537 1376 576 ist,
1401 535 1406 579 Ι
1428 536 1762 579 Aufigeschnittene
1788 535 1950 570 machen.
1973 533 1976 579 1

216 594 282 628 Die
316 595 444 635 ander,
479 594 571 628 VVas
604 604 748 627 massen
783 592 878 626 vnnd
913 590 1073 625 warumb
1105 589 1109 634 l
1142 590 1322 632 Pangratz
1356 589 1563 633 Schneyder
1596 588 1748 623 Mefiner
1778 601 1821 622 zu
1855 588 1981 623 Eckel-

216 648 311 681 heim
344 646 348 691 ἱ
380 647 566 681 Enthaubt
599 646 742 680 worden
782 646 838 679 ist.
872 645 876 688 Ι
907 643 1083 685 Erffurdt,
1119 644 1166 679 M.
1194 643 1236 677 D.
1263 642 1391 677 LXV.“
1433 643 1504 685 (4⁰,
1541 643 1574 676 ff.
1603 642 1640 683 8,
1679 641 1800 676 addito
1831 641 1981 683 titulari,

220 712 291 734 non
318 700 441 744 sign).

334 754 390 787 Ita
425 753 536 796 igitur
567 753 805 786 Theodericus
834 751 1001 785 Canisc'us
1031 750 1073 783 de
1100 749 1231 783 Ioanne
1258 748 1387 783 Kessel
1416 748 1483 791 (sic
1510 750 1546 782 et
1572 748 1606 781 in
1637 747 1736 790 „Zwo
1763 746 1981 787 111510116οἢ

219 809 255 841 61
281 818 302 841 3
328 806 500 841 3366111110
537 805 701 848 vocatur)
738 804 864 838 rustici
899 803 1023 837 bavari
1058 802 1130 836 filio
1170 803 1211 836 13
1238 802 1296 836 vel
1325 802 1367 836 14
1403 813 1513 836 annos
1547 803 1642 842 nato,
1678 800 1737 844 qui
1772 802 1901 834 natura
1932 800 1983 834 ita

222 862 460 905 comparatus,
487 862 537 900 ut,
565 858 704 902 quoties
730 857 851 897 vellet,
877 856 997 890 virilia
1024 856 1216 890 introrsum
1245 858 1414 889 revocata
1440 866 1613 900 apparere
1639 866 1708 887 non
1734 853 1878 892 sineret,
1904 864 1983 887 cum

220 926 237 947 e
264 913 538 947 monacensibus
565 911 748 945 Sociorum
774 910 906 944 scholis
934 910 1070 944 eiectus
1095 909 1277 952 Neoburgi
1303 909 1346 942 ad
1372 908 1578 942 Danuvium
1604 907 1773 952 cauponis
1799 906 1983 940 cuiusdam

221 966 381 1001 familiae
399 977 438 1000 se
457 965 667 1006 addixisset,
695 964 845 1008 primum
866 964 940 997 ioco
960 963 1103 997 dicebat
1128 974 1167 996 se
1186 973 1264 996 6556
1283 964 1492 1003 castratum,
1519 960 1645 995 deinde
1664 972 1684 994 a
1701 959 1984 1005 protestantibus

221 1019 465 1062 (Neoburgum
493 1018 714 1061 VVolfgango
740 1016 904 1050 Palatino
935 1016 1123 1050 lutherano
1158 1015 1360 1050 subiectum
1387 1015 1478 1058 erat)
1518 1014 1695 1048 adductus
1726 1015 1791 1054 est,
1828 1015 1866 1046 ut
1892 1012 1984 1046 serio

223 1073 430 1111 affirmaret,
466 1083 504 1106 se
531 1083 551 1105 a
579 1070 771 1105 Godefrido
798 1070 982 1104 Hannartz
1014 1069 1205 1103 Societatis
1240 1069 1352 1102 fratre
1387 1068 1478 1103 laico
1514 1070 1550 1101 et
1585 1067 1726 1109 collegii
1761 1066 1985 1100 monacensis

222 1137 411 1160 oeconomo
427 1126 437 1146 ¹
463 1127 661 1159 castratum
681 1135 778 1157 esse:
811 1123 1017 1165 ,Morantur
1043 1122 1078 1156 in
1097 1122 1328 1156 vicinioribus
1346 1121 1522 1155 Bavariae
1548 1120 1635 1154 locis
1654 1120 1796 1164 quidam
1815 1119 1985 1162 insignes,

221 1182 257 1213 et
290 1181 455 1224 potentes
490 1178 671 1218 haeretici,
708 1177 769 1221 qui
803 1177 838 1210 id
863 1177 966 1210 unice
1001 1175 1277 1214 meditabantur,
1315 1174 1489 1219 quomodo
1524 1174 1731 1208 societatem
1767 1185 1836 1207 non
1871 1172 1986 1206 solum

223 1233 417 1273 diffamare,
444 1232 506 1266 sed
534 1243 579 1265 ex
606 1230 799 1266 Germania
825 1241 971 1274 prorsus
996 1231 1144 1274 possent
1171 1228 1361 1273 expellere.
1412 1229 1567 1262 Puerum
1599 1239 1684 1270 ergo
1711 1227 1900 1271 quemdam
1927 1225 1987 1269 qui

221 1287 363 1319 nostras
381 1284 523 1319 scholas
542 1285 802 1329 frequentarat,
829 1283 1026 1317 subornant
1044 1294 1085 1316 36
1104 1282 1227 1316 11101115
1246 1281 1435 1326 impellunt
1453 1281 1649 1326 promissis,
1676 1282 1716 1314 ut
1733 1291 1771 1314 se
1790 1282 1987 1314 castratum

222 1350 242 1373 a
268 1339 401 1372 nostris
427 1338 650 1382 profiteatur,
685 1337 903 1371 arbitrantes
928 1337 1035 1370 huius
1062 1336 1247 1370 occasione
1280 1335 1448 1369 facinoris
1474 1334 1668 1368 multorum
1694 1332 1903 1367 societatem
1929 1344 1988 1365 116-

226 1391 517 1426 fandissimorum
536 1391 722 1425 criminum
748 1401 846 1424 ream
872 1401 977 1434 posse
995 1400 1179 1434 peragere,
1208 1391 1246 1421 ut
1265 1389 1382 1422 editus
1408 1387 1451 1421 ab
1471 1387 1521 1421 eis
1548 1389 1670 1431 aperte
1689 1386 1806 1431 prodit
1824 1385 1987 1426 libellus;

226 1457 294 1478 non
322 1446 356 1478 in
392 1444 601 1478 societatem
627 1444 740 1484 modo,
776 1443 839 1477 sed
871 1442 1079 1477 nominatim
1116 1442 1222 1475 etiam
1260 1441 1295 1474 in
1323 1441 1506 1475 Summum
1533 1440 1754 1479 Pontificem,
1782 1437 1990 1472 Cardinales

226 1498 506 1541 universumque
534 1496 676 1531 Clerum
712 1507 849 1530 summe
882 1495 1194 1530 contumeliosusa.
1245 1494 1348 1535 Puer,
1385 1505 1464 1528 cum
1499 1496 1646 1538 propter
1679 1492 1906 1526 naturalemb
1933 1491 1990 1525 de—

227 1551 372 1589 fectum,
400 1562 504 1594 quem
530 1550 696 1591 habebat,
732 1549 838 1583 facile
864 1560 903 1583 se
930 1548 963 1582 id
990 1551 1175 1593 praestare
1210 1559 1314 1592 posse
1341 1547 1490 1587 videret,
1525 1548 1565 1580 ut
1591 1548 1668 1580 erat
1694 1545 1988 1590 improbissimus,

228 1607 263 1637 et
290 1603 367 1638 ideo
394 1615 414 1637 a
440 1604 573 1637 nostris
608 1602 741 1637 scholis
768 1601 951 1646 expulsus,
986 1613 1025 1635 se
1051 1602 1170 1635 omnia
1205 1601 1385 1635 facturum
1422 1599 1619 1644 pollicetur.
1671 1599 1804 1632 Rumor
1834 1598 1990 1641 undique

226 1658 419 1702 spargitur,
456 1657 590 1691 factum
618 1656 716 1701 typis
743 1655 951 1695 mandatur3
987 1654 1031 1688 ad
1058 1657 1238 1689 extremos
1266 1653 1478 1688 Germaniae
1504 1653 1593 1686 fines
1628 1652 1725 1686 fama
1751 1652 1845 1685 illico
1872 1651 1988 1691 volat;

226 1711 352 1744 literae
379 1710 509 1744 dantur
535 1710 578 1744 ad
607 1710 863 1754 Imperatorem
875 1709 898 1750 2,
928 1708 1132 1752 multosque
1160 1707 1373 1742 Germaniae
1399 1707 1603 1751 Principes:
1639 1717 1696 1739 res
1733 1705 1889 1750 profecto
1916 1704 1990 1738 risu

227 1763 449 1807 dignissima,
469 1774 559 1806 quae
578 1763 755 1806 insignem
774 1762 1062 1796 adversariorum
1081 1761 1307 1806 prudentiam
1326 1760 1502 1794 ostendat.
1539 1759 1629 1800 Quid
1648 1759 1800 1792 multis?
1827 1758 1992 1791 videntes

227 1829 248 1851 a
283 1816 371 1850 viris
406 1817 641 1861 prudentibus
676 1816 766 1849 haec
798 1815 916 1849 omnia
952 1815 1140 1855 contemni,
1176 1814 1392 1857 legationem
1429 1813 1471 1847 ad
1504 1812 1787 1846 illustrissimum
1818 1810 1992 1844 Bavariae

227 1870 430 1914 Principem
456 1870 667 1903 mittendam
694 1872 830 1909 curant,
863 1879 953 1912 quae
980 1879 1054 1901 rem
1081 1871 1321 1910 exaggeret⁰;
1354 1866 1472 1900 scelus
1498 1877 1577 1900 cum
1604 1865 1766 1899 omnibus
1793 1864 1870 1900 loci,
1904 1866 1992 1897 tem-

228 1922 334 1968 poris,
361 1926 395 1956 et
414 1933 646 1966 personarum
665 1921 946 1955 circumstantiis
965 1924 1132 1965 exponat,
1159 1921 1318 1964 adeoque
1346 1920 1549 1964 inpromptu
1576 1930 1654 1952 esse
1672 1929 1823 1962 puerum
1842 1918 1991 1958 asserat,

230 1976 289 2019 qui
315 1976 351 2009 in
377 1978 571 2020 conspectu
606 1977 807 2009 nostrorum
834 1974 985 2019 prodire,
1021 1976 1056 2007 et
1082 1973 1183 2007 nobis
1219 1985 1337 2007 coram
1364 1973 1498 2006 crimen
1534 1971 1725 2016 protestari
1751 1971 1799 2004 sit
1832 1971 1991 2014 paratus.

229 2029 401 2073 Princeps
428 2028 554 2062 videns
579 2028 671 2062 serio
698 2039 772 2061 rem
799 2027 868 2070 agi,
895 2027 1023 2061 adduci
1049 2038 1196 2071 puerum
1225 2027 1268 2060 ad
1287 2037 1325 2060 se
1352 2026 1468 2059 iubet:
1495 2024 1708 2059 consiliariis
1734 2024 1926 2066 negotium,
1954 2025 1993 2056 ut

234 2081 438 2121 discutiant,
465 2080 667 2115 committit.
718 2080 812 2114 Puer
838 2081 873 2113 in
900 2080 988 2124 ipsis
1015 2080 1121 2113 etiam
1149 2080 1347 2119 tormentis,
1381 2091 1454 2112 rem
1481 2079 1533 2112 sic
1559 2078 1688 2112 habere
1714 2080 1879 2117 testatur,
1907 2075 1992 2110 alla-

229 2136 359 2179 tisque,
394 2136 434 2168 ut
460 2136 536 2167 erat
562 2135 772 2173 instructus,
807 2133 1063 2167 verisimilibus
1089 2132 1370 2167 circumstantiis
1397 2132 1559 2166 omnibus
1594 2134 1665 2164 tam
1693 2130 1851 2174 Principi
1885 2140 1993 2173 quam

231 2187 442 2222 consiliariis
476 2186 579 2221 nobis
614 2186 746 2230 alioqui
783 2186 1039 2220 addictissimis
1074 2197 1163 2230 pene
1189 2186 1293 2219 fidem
1327 2185 1425 2219 facit.
1476 2185 1574 2218 Haec
1600 2184 1717 2218 omnia
1743 2183 1845 2216 nobis
1870 2181 1993 2216 insciis

230 2240 327 2275 facta
345 2243 440 2275 sunt.
476 2239 660 2274 Vocantur
677 2240 820 2273 tandem
839 2242 874 2273 et
892 2240 1015 2279 nostri,
1035 2242 1071 2272 et
1090 2240 1182 2272 inter
1200 2239 1265 2272 hos
1283 2238 1354 2280 ille,
1381 2249 1485 2282 quem
1505 2250 1593 2282 puer
1610 2238 1749 2271 facinus
1768 2238 1994 2281 perpetrasse

230 2294 389 2328 dicebat:
416 2305 474 2327 res
499 2293 601 2326 nobis
627 2292 840 2326 mirantibus
868 2292 1097 2337 proponitur:
1124 2304 1188 2326 nos
1206 2292 1342 2325 factum
1360 2302 1551 2335 negamus:
1580 2289 1787 2335 producitur
1808 2301 1905 2334 puer,
1932 2288 1993 2332 qui

230 2347 380 2381 fratrem
405 2348 566 2380 nostrum
594 2345 726 2389 alioqui
754 2346 1037 2385 devotissimum,
1065 2347 1101 2378 et
1126 2344 1434 2389 simplicissimum
1460 2343 1622 2379 intuitus.
1657 2345 1707 2382 tu,
1742 2342 1869 2385 inquit,
1901 2341 1992 2374 tanti

229 2400 264 2433 in
289 2411 346 2433 me
371 2399 519 2434 secleris
556 2401 681 2432 auctor
707 2398 809 2432 fuisti
845 2398 909 2432 tali
935 2398 1022 2439 loco,
1059 2401 1228 2443 tempore,
1266 2400 1301 2431 et
1326 2397 1439 2431 modo.
1490 2396 1632 2430 Nostris
1659 2407 1744 2429 vero
1779 2395 1814 2428 in
1846 2406 1883 2428 16
1917 2396 1991 2427 tam

230 2453 334 2495 gravi
368 2452 613 2497 stupentibus,
652 2455 688 2486 et
721 2463 811 2496 pene
846 2451 934 2485 nihil
970 2452 1069 2494 quod·
1095 2451 1369 2495 responderent,
1406 2449 1635 2492 habentibus,
1670 2448 1832 2493 protinus
1867 2447 1992 2480 adesse

232 2505 404 2539 Dominus
430 2505 600 2548 dignatus
627 2507 692 2539 est.
743 2505 792 2538 Eo
829 2505 919 2538 60101
947 2504 1021 2538 5015
1058 2504 1289 2546 argumentis,
1327 2514 1418 2547 quae
1445 2514 1489 2536 ex
1525 2501 1697 2546 praefatis
1732 2500 1902 2545 petebant
1928 2499 1992 2533 cir-

234 2558 472 2599 cumstantiiS,
499 2570 648 2603 puerum
675 2558 882 2600 adegerunt,
909 2559 949 2590 ut
967 2557 1156 2590 veritatem
1184 2557 1242 2590 vel
1269 2557 1404 2590 invitus
1431 2555 1539 2589 fateri
1564 2555 1612 2588 sit
1634 2553 1848 2598 compulsus.
1887 2552 1992 2586 Prae-

233 2611 394 2645 sentibus
420 2612 542 2655 itaque
568 2611 771 2645 doctoribus
789 2611 911 2651 variis,
939 2609 1100 2653 aliisque,
1134 2610 1263 2653 quibus
1289 2612 1439 2643 naturae
1465 2608 1658 2642 secretiora
1684 2608 1872 2652 perspecta
1898 2608 1993 2646 sunt,

232 2676 319 2708 puer
354 2664 570 2705 denudat-ur,
606 2666 641 2697 et
672 2663 902 2707 integerrimo
931 2670 1017 2696 ‘esse
1049 2674 1194 2707 corpore
1230 2662 1469 2705 cognoscitur.
1520 2661 1616 2695 Vicit
1652 2672 1734 2702 ergo
1770 2659 1920 2699 veritas,
1957 2660 1993 2691 et

235 2717 348 2751 nostri
383 2717 561 2751 calumnia
588 2720 671 2751 sunt
704 2716 856 2751 liberati.
908 2716 1145 2749 Examinatus
1170 2727 1268 2759 puer,
1305 2715 1365 2758 qui
1393 2716 1523 2755 essent,
1558 2725 1579 2748 a
1605 2713 1734 2756 quibus
1768 2712 1897 2746 fuisset
1923 2712 1993 2745 ista

235 2770 392 2810 edoctus,
411 2781 471 2803 eos
489 2770 585 2814 ipsos
605 2781 684 2804 esse
702 2769 896 2814 respondit,
915 2769 974 2812 qui
993 2769 1037 2802 ad
1056 2768 1257 2811 Principem
1277 2767 1403 2811 Legati
1422 2770 1545 2801 contra
1564 2765 1777 2800 Societatem
1796 2765 1988 2798 venerant⁴⁴

357 2851 385 2880 a)
406 2849 642 2875 contumeliosos
663 2858 708 2882 ap.
784 2850 813 2881 b)
835 2848 972 2874 naturale
992 2858 1038 2880 ap,
1113 2849 1138 2880 6)
1160 2848 1303 2880 exagerat
1323 2857 1369 2880 ap.

359 2973 368 2992 ¹
399 2972 633 3013 „Godefridus
659 2972 842 3007 Hannartz
860 2972 1120 3006 Brabantinus“
1155 2971 1391 3014 („Godfridus
1408 2969 1613 3012 Flander“)‚
1641 2980 1670 3002 3.
1701 2969 1790 3003 1559
1817 2968 1875 3002 vel
1904 2967 1997 3002 1560

234 3025 269 3059 111
297 3024 511 3058 Societatem
537 3026 726 3065 admissus,
752 3037 782 3060 a.
806 3026 894 3059 1565
921 3028 958 3059 61
977 3026 1067 3059 1566
1093 3017 1129 3058 111
1156 3024 1307 3067 collegio
1334 3022 1535 3057 monacensi
1554 3022 1767 3055 versabat-ur
1788 3022 1820 3063 (³²
1834 3022 1994 3064 Cataloyi

236 3088 467 3111 monacenses
492 3078 637 3111 ineunte
663 3089 693 3112 a.
724 3079 812 3112 1565
840 3081 875 3111 61
901 3081 1055 3112 exeunte
1081 3089 1112 3111 3.
1143 3078 1231 3111 1566
1259 3076 1462 3120 conscripti.
1509 3074 1615 3117 ,GSC
1631 3075 1694 3108 66²
1737 3077 1749 3108 ’.
1777 3074 1992 3108 3762—3772

238 3130 487 3173 4022—40412).
534 3132 563 3162 A
591 3130 764 3164 Sacchino
795 3130 990 3172 7,Η31131Ζ“,
1017 3130 1061 3164 ab
1089 3129 1256 3173 Agricola
1287 3129 1450 3171 „Hanaz“
1480 3129 1640 3162 vocatur.
1842 3147 1844 3151 ν

358 3182 370 3201 ²
396 3182 681 3216 Maximilianum
709 3183 752 3216 H.
