2045 3471
203 209 287 249 302
685 204 785 238 1351.
814 203 978 238 Canisius
1004 203 1038 238 S.
1056 203 1246 237 Francisoo
1273 203 1315 237 de
1340 203 1482 246 Borgia.

202 325 369 373 derunt,
403 337 486 376 quo
517 323 782 377 respondent
814 322 867 364 ad
899 321 1162 364 Jesuitarum
1196 322 1457 363 assertiones
1479 321 1679 374 Dilingae
1712 321 1956 375 disputatas

202 403 257 430 ex
289 388 485 442 Epistola
516 385 801 442 prior[e]³[?]
844 387 898 429 ad
930 386 1239 436 Timotheumb,
1282 385 1434 439 quibus
1465 388 1604 428 totum
1637 386 1864 440 Papatum,
1907 387 1957 427 ut

202 453 262 494 illi
304 455 479 501 uocant,
521 466 599 494 nos
640 452 836 494 stabilire
877 449 1194 505 conamur⁰[?].
1258 451 1501 492 Editionem
1547 451 1644 492 libri
1685 450 1955 505 praefatione

200 531 278 558 sua
301 517 553 571 comprobat
576 517 790 558 Brentius.
846 515 1039 557 Harum²¹
1062 515 1361 566 assertionum,
1396 529 1503 568 quas
1534 515 1595 556 illi
1617 518 1706 557 tam
1740 514 1956 557 hostiliter

201 596 328 635 quam
369 582 558 634 maligne
599 584 863 636 oppugnant,
906 581 1062 622 author
1101 580 1185 622 fuit
1216 581 1267 622 D.
1293 581 1449 622 Torres
1482 580 1683 633 Dilingae
1723 580 1954 634 professor,

200 646 305 688 nihil
338 646 478 688 minus
512 647 682 699 quidem
716 646 927 699 cogitans,
973 645 1100 698 quine
1125 644 1184 699 [θ]
1229 648 1278 687 ut
1321 645 1399 687 hos
1444 645 1677 687 crabrones
1719 645 1954 687 irritaretl.

201 711 350 753 Placet
381 711 504 752 nobis
535 711 692 752 idcirco
726 711 846 761 liber,
881 711 992 763 quod
1017 711 1219 752 ostendat
1251 709 1525 752 aduersarios
1547 724 1572 751 a
1594 709 1774 752 Jesuitis
1806 709 1956 750 uicinis

200 790 463 830 magnopere
495 775 575 817 sibi
607 775 853 825 formidare,
887 789 940 817 ne
972 775 1163 828 ipsorum
1196 789 1327 817 causa
1358 789 1436 829 per
1457 789 1535 817 nos
1566 775 1858 816 labefactetur
1888 775 1955 815 at-

201 855 283 894 que
324 841 484 895 passim
527 842 791 883 obscuretur.
864 840 1138 882 Mirabuntur
1177 840 1398 894 plaerique
1438 840 1623 889 Romae,
1666 842 1715 882 ut
1755 839 1954 888 arbitror,

203 920 296 947 cum
330 906 519 947 uiderint
551 905 794 958 aliquando,
828 904 871 945 in
894 904 1178 957 quo‘genere
1211 904 1459 946 certaminis
1485 918 1594 945 cum
1626 903 1721 945 istis
1753 902 1956 956 bestijs

200 975 373 1012 nostros
415 985 477 1024 pu
490 972 690 1023 gnare2
722 983 900 1012 necesse
940 969 1009 1012 sit.
1072 968 1201 1010 Liber
1236 969 1279 1010 in
1311 969 1472 1011 Vrbem
1514 968 1704 1010 fortasse
1744 968 1954 1016 mittetur,

200 1035 236 1076 si
269 1035 535 1077 commodam
568 1034 767 1077 mittendi
799 1034 1012 1076 rationem
1044 1034 1320 1088 reperiemus.
1379 1034 1540 1075 Verum
1574 1033 1625 1075 de
1657 1032 1955 1087 respondendo

199 1103 291 1142 tum
324 1102 580 1150 statuemus,
614 1114 709 1141 cum
740 1099 917 1141 redierit
949 1099 1003 1141 ad
1036 1113 1112 1140 nos
1145 1099 1190 1142 P.
1214 1099 1440 1147 Visitator,
1475 1102 1576 1141 ante
1610 1098 1841 1140 Octobrem
1874 1097 1956 1139 sci-

200 1165 314 1215 licet,
348 1165 411 1207 uti
443 1179 680 1218 speramus.
743 1165 1082 1206 Benedictus
1124 1165 1308 1215 Deus3,
1352 1163 1422 1217 qui
1455 1177 1534 1205 nos
1566 1177 1643 1216 pro
1676 1177 1806 1204 causa
1838 1162 1955 1203 Reli—

200 1229 339 1282 gionis
371 1230 425 1272 ad
457 1230 661 1272 istorumg
693 1229 931 1271 calumnias
962 1229 1165 1271 ferendas
1197 1229 1349 1281 dignos
1381 1227 1591 1282 reddjth4.
1641 1228 1860 1269 Vellemus
1891 1227 1955 1268 in-

200 1294 327 1336 terim
360 1294 555 1348 Onofrij5
588 1298 632 1336 et
663 1295 843 1336 aliorum
877 1294 1111 1336 Doctorum
1153 1294 1316 1348 scripta
1356 1292 1483 1335 isthic
1515 1293 1556 1334 in
1599 1293 1735 1334 lucem
1770 1292 1953 1346 prodire,

201 1373 310 1412 quae
343 1359 397 1401 ad
429 1359 668 1401 uanitatem
692 1361 736 1401 et
768 1359 1007 1401 falsitatem
1039 1360 1220 1401 istorum
1252 1358 1414 1400 rectius
1436 1358 1722 1410 detegendam
1754 1370 1955 1410 magnam

201 1438 330 1478 saepe
363 1424 449 1465 uim
482 1424 698 1466 adferunt.

318 1489 405 1530 Vix
438 1489 552 1531 ultra
583 1489 772 1531 triduum
795 1489 874 1530 hoc
906 1489 998 1530 loco
1022 1489 1242 1538 uersabor,
1275 1488 1470 1530 abiturus
1493 1487 1645 1529 deinde
1668 1486 1954 1536 Monachium,

201 1557 249 1596 ut
280 1554 445 1607 Nouitij
478 1554 614 1596 nostri
646 1554 689 1595 in
722 1554 880 1595 Vrbem
915 1554 999 1596 cito
1033 1553 1269 1596 discedant.

319 1618 721 1661 Reuerendissimus
763 1618 1117 1672 Herbipolensis6
1160 1619 1214 1660 ad
1256 1632 1334 1659 nos
1378 1617 1495 1659 misit
1538 1619 1621 1659 100
1663 1617 1862 1666 ducatos,
1908 1617 1956 1657 ut

201 1684 310 1725 hanc
342 1683 566 1738 pecuniam
601 1683 897 1737 expenderent
934 1683 1105 1725 uenturi
1146 1683 1305 1725 fratres
1345 1682 1388 1723 in
1430 1696 1553 1724 suum
1590 1681 1808 1730 uiaticum,
1850 1694 1956 1733 quos

201 1751 302 1790 ante
334 1749 532 1801 hyemem
565 1762 620 1789 ex
642 1747 778 1790 Jtalia
811 1748 1045 1790 mittendos
1078 1761 1172 1789 esse
1204 1750 1342 1801 putat,
1386 1746 1615 1800 praecipue
1648 1746 1818 1799 quidem
1846 1745 1954 1786 Con-

201 1813 464 1854 cionatorem
499 1813 758 1854 Germanum
791 1813 1026 1865 requirens.
1089 1812 1424 1866 RespondimUS,
1468 1824 1599 1863 aegre
1639 1811 1681 1851 id
1722 1811 1802 1851 hoc
1843 1824 1954 1851 anno

201 1892 296 1920 esse
328 1878 534 1928 futurum,
578 1892 655 1919 nec
687 1878 821 1919 statui
863 1891 989 1931 posse
1022 1876 1262 1930 quicquam,
1304 1877 1387 1918 nisi
1420 1876 1659 1917 Romanum
1701 1888 1954 1928 responsum

199 1943 318 1996 prius
359 1942 632 1996 accipiamus,
695 1942 971 1984 Arbitramur
1015 1945 1158 1983 autem
1201 1941 1516 1983 Paternitatem
1560 1943 1679 1982 tuam
1727 1953 1863 1992 aeque
1904 1953 1954 1980 ac

199 2010 369 2061 patrem
392 2007 674 2049 Visitatorem
689 2008 715 2056 ⁷,
751 2007 817 2048 cui
851 2007 929 2048 hac
962 2007 1013 2048 de
1045 2020 1092 2047 re
1125 2006 1385 2060 scripsimus,
1419 2020 1504 2047 non
1534 2002 1949 2058 consensuruxn¹[?],

201 2076 248 2114 ut
290 2073 402 2113 ullus
444 2075 690 2113 nostrorum
723 2071 990 2125 Herbipolim
1031 2071 1110 2112 hoc
1152 2085 1263 2127 anno
1305 2071 1518 2118 mittatur,
1561 2070 1815 2123 praesertim
1859 2083 1953 2110 cum

199 2140 419 2179 structura
457 2136 633 2190 Collegij
675 2136 861 2177 nondum
904 2136 960 2177 sit
1001 2136 1212 2185 absoluta,
1255 2149 1394 2188 neque
1433 2136 1558 2176 firma
1598 2135 1705 2177 satis
1746 2133 1953 2187 principia

199 2204 244 2243 et
284 2201 564 2243 fundamenta
606 2215 703 2242 cum
743 2201 834 2254 ipso
878 2200 1109 2242 fundatore
1152 2200 1512 2243 constituerimus.
1577 2198 1808 2241 Pecuniam
1849 2212 1951 2239 uero

317 2287 343 2307 a!
364 2282 411 2305 Vel
432 2280 535 2313 priori,
557 2283 586 2305 ut
606 2284 647 2305 est
670 2281 696 2305 in
718 2281 792 2312 Em).
808 2281 881 2305 Xacl.
974 2280 1003 2309 b)
1032 2281 1066 2304 In
1093 2281 1172 2304 arch.
1193 2289 1266 2305 corr.
1287 2288 1323 2305 ea:
1343 2278 1543 2305 Thimoteum.
1635 2282 1660 2306 c)
1682 2279 1745 2309 Sic„-
1769 2279 1951 2304 scribendum

197 2323 290 2351 fuisse
311 2323 442 2346 dixeris:
462 2328 614 2346 conemur.
689 2321 719 2351 d)
740 2322 773 2345 In
795 2322 873 2345 arch.
893 2322 1025 2352 seqnitur
1045 2321 1102 2351 dis,
1122 2330 1138 2345 a
1159 2322 1224 2346 libr.
1245 2322 1333 2346 omitt.
1426 2322 1453 2351 e)
1474 2322 1531 2351 Ita,
1559 2324 1587 2345 ut
1610 2321 1732 2351 ridetur,
1755 2329 1771 2344 a
1792 2321 1858 2344 libr.
1878 2328 1951 2344 corr.

201 2367 242 2387 est
263 2372 298 2387 ea·
318 2370 417 2395 quam,
437 2363 511 2394 qnod
527 2363 657 2393 primum
680 2365 743 2387 erat
762 2363 912 2393 scriptum.
1022 2362 1050 2393 f)
1072 2364 1210 2393 Sequitur
1229 2363 1313 2393 gnris
1334 2364 1377 2387 rel
1396 2363 1490 2387 simile
1513 2370 1545 2391 εκ,
1566 2363 1654 2386 omitt.
1764 2364 1793 2392 g)
1815 2361 1951 2392 Sequitur

198 2411 244 2436 pe,
263 2405 351 2429 oblite.
424 2403 456 2434 h)
477 2405 510 2428 In
532 2405 609 2428 arch.
630 2412 704 2429 corr.
725 2412 760 2428 αι-
779 2402 896 2428 reddat.
969 2402 988 2434 i)
1010 2405 1077 2434 Sim
1096 2404 1278 2428 scribendum
1298 2405 1391 2435 fnisse
1412 2404 1541 2428 dixeris:
1561 2408 1786 2428 consensuram.

318 2495 328 2514 ¹
354 2493 454 2533 Vide,
482 2503 572 2536 quae
591 2492 632 2525 de
651 2491 690 2525 P.
709 2491 1118 2535 HieronymiTorrensis
1149 2492 1444 2533 „assertionibus“
1476 2502 1517 2525 ac
1543 2491 1585 2524 de
1611 2490 1949 2524 maledicentissimo

197 2546 257 2580 illo
285 2546 466 2580 Guilielmi
494 2544 725 2579 Bidenbachii
751 2547 787 2578 et
812 2544 929 2577 Lucae
948 2544 1115 2578 Osiandri
1142 2545 1230 2578 libro
1255 2545 1321 2579 sub
1348 2545 1446 2589 ipsas
1472 2544 1537 2577 has
1564 2543 1704 2577 litteras
1729 2543 1900 2577 dicentur.

316 2599 328 2619 2
356 2601 391 2633 S.
419 2600 555 2632 Paulus
582 2600 597 2632 1
628 2597 695 2631 Cor
724 2598 777 2638 15,
805 2598 867 2631 32:
907 2598 982 2639 „Ad
1018 2598 1152 2631 bestias
1186 2598 1365 2642 pugnavi⁴⁴
1399 2597 1748 2640 („5z9>7pco,o.ci270·a“)
1787 2597 1875 2635 sive,
1909 2598 1949 2629 ut

197 2652 356 2695 plerique
383 2652 471 2685 haec
497 2651 788 2695 interpretantur,
817 2661 895 2683 cum
922 2650 1124 2684 hominibus
1150 2650 1407 2685 inimicissimis
1433 2649 1602 2694 pugnavi.
1655 2648 1708 2682 Cf.
1736 2648 1783 2681 Ps
1810 2648 1864 2688 73,
1886 2649 1946 2688 19;

197 2704 255 2737 Tit
283 2706 310 2744 1,
341 2705 393 2738 12.
446 2703 579 2737 Canisii
605 2703 731 2743 animo,
766 2705 862 2747 putO,
893 2704 1000 2736 etiam
1027 2703 1285 2737 obversabatur
1310 2703 1396 2737 illud
1425 2704 1461 2736 S.
1487 2703 1622 2745 Iynatii
1649 2702 1869 2743 Antioc-herli,
1903 2701 1947 2734 ad

197 2755 373 2790 Romanos
401 2756 449 2799 (V
470 2758 503 2797 1)
532 2757 742 2790 scribentis:
786 2756 836 2796 „A
871 2755 975 2800 Syria
1010 2755 1157 2789 Romam
1193 2767 1304 2800 usque
1341 2768 1418 2790 cuni
1455 2755 1579 2789 bestiis
1617 2755 1754 2798 pugno“
1787 2755 1947 2797 (fflssrysuo-

194 2810 339 2852 μαχῶ“”)
369 2812 433 2842 etc.
463 2809 606 2851 (Patres
632 2808 839 2853 Apostolici,
866 2809 918 2842 ed.
937 2810 980 2842 F.
998 2809 1044 2842 X.
1063 2810 1171 2842 thlc
1189 2809 1214 2850 I,
1241 2809 1426 2852 Tubingae
1447 2808 1547 2847 1901,
1575 2807 1772 2840 258-259.
1816 2808 1945 2849 inique,

197 2860 372 2902 I’.g1·.V
408 2862 503 2903 810).
555 2862 652 2903 Quod
692 2862 821 2904 Ignatii
861 2862 994 2895 dictum
1033 2862 1139 2895 etiam
1178 2861 1320 2895 saeculo
1355 2861 1450 2895 XVI.
1485 2860 1590 2893 valde
1628 2865 1749 2892 notum
1788 2862 1865 2892 erat
1902 2870 1947 2892 ex

199 2912 234 2944 S.
254 2914 464 2956 Hieronymi
489 2915 577 2947 libro
607 2914 678 2956 „De
704 2915 792 2947 viris
818 2913 1037 2948 illustribus‘
1068 2926 1097 2948 c.
1120 2916 1160 2948 16
1189 2915 1334 2958 (Migne,
1361 2915 1400 2948 P.
1428 2913 1487 2946 lat.
1515 2912 1634 2945 XXIII
1662 2912 1756 2954 633).

316 2968 327 2984 ³
355 2966 373 2997 2
401 2966 467 2999 Cor
496 2968 524 3007 1,
552 2968 581 3001 3.
633 2967 710 3011 Eph
740 2968 768 3007 1,
795 2968 826 3001 3.
881 2968 896 3000 1
925 2967 1010 3001 Petr
1038 2968 1067 3008 1,
1095 2968 1125 3001 3.

316 3020 327 3036 ⁴
355 3018 406 3050 Cf.
435 3019 503 3051 Act
529 3021 558 3059 5,
585 3021 650 3059 41;
678 3020 698 3053 2
726 3019 794 3053 Cor
823 3020 873 3060 12,
905 3020 945 3053 10
972 3022 1039 3053 etc.

316 3070 328 3088 ⁵
355 3070 392 3102 P.
413 3069 585 3114 Onuphrii
612 3072 777 3105 Panvinii
807 3073 1073 3115 (1529—1568)
1102 3072 1320 3113 veronensis,
1347 3071 1481 3105 ordinis
1507 3069 1744 3103 Eremitarum
1772 3069 1805 3103 S.
1826 3070 1944 3112 Augu-

197 3121 292 3162 stini,
318 3121 383 3153 viri
411 3121 580 3156 historiae
606 3125 833 3167 peritissimi;
861 3125 903 3158 de
929 3136 998 3168 quo
1024 3125 1127 3169 plura
1152 3125 1255 3158 infra.

316 3174 328 3192 ⁶
354 3173 553 3207 Fridericus
580 3186 599 3207 a
618 3176 815 3218 XVirsberg.
961 3178 973 3196 Τ
999 3178 1038 3210 Ρ.
1063 3177 1316 3221 Hieronymum
1342 3175 1519 3209 Natalem.
