2045 3471
273 203 374 238 14:35.
403 202 567 237 Canisius
593 202 627 237 S.
646 202 836 237 Francisco
863 202 906 237 de
931 202 1075 247 Borgia.
1113 201 1259 246 Dilinga
1287 200 1453 236 12.1unii
1474 201 1575 236 1567.
1729 202 1812 243 491

292 320 320 373 †
352 321 447 363 Pax
479 321 638 364 Christi
671 321 900 364 admodum
934 321 1188 363 Reuerende
1219 322 1358 375 pater.

168 396 309 439 Multa
341 397 623 440 sustinuimus
655 398 876 452 hucusque
907 397 950 439 in
983 397 1207 440 Matthaeo
1240 396 1444 447 P010n01‚
1478 409 1557 438 nec
1589 409 1816 450 possumus

52 461 107 506 ad
138 461 361 503 meliorem
393 462 564 515 frugem
596 462 716 504 illum
748 476 968 505 reuocare.
1022 462 1221 505 Scribent
1254 461 1306 502 de
1328 461 1401 503 illo
1424 461 1520 515 alij:
1555 461 1816 516 Cuperemus

52 540 148 568 eum
189 529 266 569 aut
297 526 479 568 Romam
520 527 753 578 reuocari²³,
797 527 997 581 quoniam
1040 529 1084 569 et
1124 527 1217 581 ipse
1257 526 1321 568 ita
1361 525 1492 580 cupit,
1536 528 1611 568 aut
1643 525 1815 567 omnino

52 591 223 641 dimitti,
258 591 370 644 quod
403 591 457 633 ab
490 591 571 633 hoc
600 591 801 634 instituto
825 591 1000 634 nimium
1024 591 1202 642 alienus,
1235 604 1473 645 parumque
1506 604 1647 644 capax
1677 591 1816 632 bonae

54 655 358 699 admonitionis
391 669 487 698 esse
520 656 733 699 uideatur.

169 722 221 763 D.
255 720 598 774 Eiseingreinius
639 721 711 774 qui
744 722 908 763 Romae
949 723 1051 764 ante
1092 720 1176 763 fuit
1189 721 1217 770 2,
1259 720 1388 763 ualde
1420 720 1575 762 suadet
1606 722 1651 762 et
1684 719 1815 774 cupit,

52 785 268 830 studiosos
288 786 430 829 isthuc
453 786 661 839 quosdam
684 786 872 836 mittere,
906 789 956 828 vt
976 785 1019 827 in
1044 785 1298 828 Germanico
1322 785 1503 839 collegio
1524 784 1774 827 nutriantur
1786 785 1816 827 3.

54 851 148 894 Scio
180 850 437 894 facultatem
471 850 575 893 mihi
607 851 754 894 datam
787 851 830 892 in
862 851 1002 893 tribus
1033 850 1258 893 mittendis
1281 885 1290 893 .
1315 850 1461 904 plures
1493 852 1638 892 autem
1673 852 1717 891 et
1748 862 1816 890 50-

52 915 154 959 lecti
186 916 294 959 satis
326 916 380 958 ad
412 915 525 958 idem
558 916 838 970 profectionis
870 915 1118 958 institutum
1141 915 1378 970 adspirant,
1412 914 1449 957 si
1471 914 1603 969 recipi
1634 913 1815 969 possint,

53 983 372 1036 expectantque
405 994 657 1035 responsum
691 981 741 1023 R.
767 981 814 1024 T.

174 1045 371 1097 Oramus,
414 1048 464 1088 vt
495 1045 828 1088 instrumentum
866 1045 1133 1087 fundationis
1171 1058 1221 1087 ac
1254 1044 1488 1088 dotationis
1520 1043 1690 1099 collegij
1723 1043 1816 1086 Dil-

53 1111 260 1165 lingensis
293 1111 378 1153 cito
411 1110 664 1152 conficiatur
695 1114 740 1153 et
761 1110 1032 1164 expediatur,
1065 1110 1178 1152 sicut
1209 1110 1264 1152 ad
1296 1124 1420 1152 suum
1446 1109 1576 1152 etiam
1609 1122 1816 1163 procura-

53 1176 223 1219 torem4
254 1176 445 1218 scribens
478 1176 672 1229 postulat
703 1174 1104 1217 Reuerendissimus
1116 1176 1145 1218 5.

172 1241 430 1283 Commendo
453 1239 766 1295 profectionem
788 1254 929 1282 meam
948 1240 1001 1282 ad
1019 1238 1442 1281 Reuerendissimum
1458 1237 1816 1292 Herbipolensem

55 1308 99 1349 et
120 1305 539 1359 Argentinensemb6
571 1304 792 1359 sacrificijs
815 1308 859 1348 et
881 1304 1040 1359 precib.
1064 1304 1111 1347 P.
1135 1304 1183 1347 Τ.
1232 1305 1297 1346 De
1320 1303 1417 1358 alijs
1449 1303 1574 1357 plura
1605 1303 1816 1357 proxime.

54 1371 263 1414 Dominus
294 1370 530 1413 nobiscum.
593 1370 795 1423 Dilingae
830 1372 883 1412 12
916 1369 1032 1423 Junij
1069 1370 1217 1412 15670.

950 1441 1110 1483 Seruus
1142 1439 1184 1482 in
1217 1439 1386 1482 Christo
1419 1439 1466 1483 P.
1490 1438 1698 1482 Canisius.

173 1520 201 1573 †
233 1518 477 1561 Admodum
500 1518 755 1560 Reuerendo
788 1517 830 1559 in
854 1517 1024 1561 Christo
1047 1517 1169 1560 Patri
1192 1516 1421 1560 Francisco
1455 1530 1480 1559 a
1502 1516 1664 1570 Borgia
1687 1517 1820 1559 Prae-

55 1584 197 1640 posito
232 1582 475 1639 [Generali]
510 1583 740 1626 Societatis
772 1583 926 1626 JESV.
989 1583 1166 1625 Romae.

174 1671 357 1707 canisium
383 1670 477 1705 hanc
503 1670 695 1715 epistulam
721 1669 937 1703 festinanter
962 1668 1152 1714 scripsisse
1179 1668 1256 1713 ipsa
1283 1667 1490 1713 scriptionis
1517 1667 1607 1702 ratio
1635 1667 1748 1702 docet.

176 1725 328 1768 Borgias
356 1724 498 1759 Canisio
525 1723 708 1769 respondit
733 1723 901 1757 2S.1unii
930 1723 1031 1757 1567.

59 1858 208 1895 1455.
308 1856 523 1892 CANISIUS
560 1854 824 1891 SANCTO
862 1852 1250 1890 FRANGISCO
1278 1853 1370 1889 DE
1398 1852 1685 1896 BORGIA,
1721 1865 1822 1899 prae-

247 1912 364 1957 posito
390 1909 550 1954 generali
577 1909 767 1944 Societatis
793 1909 884 1943 Iesu.
940 1907 1182 1953 (Epistula
1208 1907 1394 1951 altera.)

1311 1960 1456 2004 Dilinga
1485 1961 1539 1995 12.
1558 1960 1650 1994 Iunii
1671 1960 1773 1995 1567.

177 2035 233 2070 Ex
258 2034 414 2077 imagine
440 2031 723 2079 photographica
751 2031 813 2075 (A)
842 2031 1044 2065 litterarum
1071 2030 1350 2076 archetyparum
1380 2031 1453 2074 (20;
1481 2031 1547 2072 3¹l2
1574 2042 1652 2075 pp.;
1681 2030 1716 2064 in
1743 2042 1775 2075 p.
1799 2031 1821 2065 4

59 2088 166 2123 inser.
201 2090 237 2123 et
271 2088 444 2131 reliquiae
479 2086 585 2129 sig.);
622 2097 713 2129 quae
749 2086 896 2119 exstant
931 2084 966 2118 in
996 2084 1055 2127 „E.
1083 2084 1121 2119 C.
1148 2085 1200 2119 11²
1231 2097 1264 2119 n.
1295 2085 1359 2119 197
1391 2084 1476 2128 (264
1508 2084 1606 2125 265).
1658 2082 1823 2118 Canisius

59 2142 199 2177 litteras
234 2152 299 2176 sua
333 2152 441 2174 manu
477 2139 681 2173 emendavit
717 2140 753 2172 et
788 2137 1002 2182 subscripsit
1042 2137 1235 2181 („Seruus“
1266 2136 1364 2181 etc).
1415 2137 1564 2171 Praesto
1600 2138 1678 2170 erat
1712 2138 1821 2170 etiam

61 2194 307 2240 apographum
336 2193 409 2238 (B),
437 2193 529 2237 quod
556 2191 700 2226 saeculo
726 2191 811 2225 XIX
839 2202 884 2225 ex
909 2191 1107 2236 archetypo
1134 2192 1353 2236 exscriptum
1381 2193 1447 2225 est.
1499 2190 1715 2224 Litterarum
1743 2200 1821 2234 par-

59 2248 192 2283 ticulae
219 2247 309 2282 duae
335 2259 381 2281 ex
407 2245 604 2290 archetypo
630 2244 870 2289 transcriptae
896 2245 979 2278 sunt
1005 2244 1041 2278 in
1067 2243 1157 2289 Epp.
1185 2245 1306 2279 Nadab
1331 2244 1382 2278 III
1409 2243 1606 2277 795-796.

182 2318 351 2352 Canisius
384 2322 467 2360 post
508 2316 681 2359 synodum
723 2316 899 2359 episcopos
939 2315 1210 2359 herbipolensem
1262 2320 1292 2349 et
1334 2318 1654 2358 arqentoratensem
1697 2314 1820 2348 adibit.

61 2371 310 2414 Philosophiae
335 2371 523 2413 mayz'stros
547 2371 641 2412 petit.
678 2369 799 2402 Socios
821 2379 1010 2411 yermanos
1034 2369 1246 2402 valetudinis
1273 2379 1378 2401 causa
1399 2369 1512 2401 Roma
1539 2367 1699 2401 rec-ocari
1716 2368 1821 2409 cupit.

61 2425 101 2458 P.
120 2425 297 2467 Roseffius
316 2425 497 2466 Anyustae
522 2422 603 2455 bene
629 2423 866 2465 contionatur,
893 2422 984 2454 male
1009 2432 1089 2454 vero
1116 2422 1212 2454 valet.
1248 2424 1288 2455 P.
1308 2422 1431 2454 Bader
1457 2431 1526 2453 non
1553 2420 1692 2453 debebat
1716 2419 1823 2453 simul

62 2482 92 2511 et
128 2479 334 2511 ministrum
373 2481 401 2509 et
435 2476 672 2519 professorem
711 2485 824 2517 affere.
885 2475 949 2508 Fr.
988 2475 1123 2507 Vizano
1162 2475 1306 2507 animus
1343 2475 1493 2506 additur
1531 2474 1578 2505 (ccl
1618 2473 1822 2506 docendum.

62 2531 132 2564 ΡΡ.
159 2531 302 2563 Vischer
327 2534 356 2562 et
384 2529 586 2570 Swaqerius
612 2529 698 2561 rotis
725 2528 908 2561 Societatis
933 2529 1020 2560 solvi
1046 2528 1217 2570 cupitum,-
1252 2527 1309 2560 hic
1335 2537 1479 2569 operam
1514 2527 1574 2558 dat
1601 2525 1825 2567 Isaflensibus

182 2611 209 2641 a)
230 2611 369 2642 Sequitur
389 2609 450 2641 aut,
470 2610 676 2634 oblitteratum.
740 2606 770 2640 b)
792 2610 861 2633 Can.
881 2608 1017 2639 scripsit:
1036 2606 1388 2639 Argentinentinensem.
1452 2608 1478 2638 c)
1500 2608 1545 2632 Itu
1567 2607 1596 2631 C.
1618 2607 1678 2638 ipse
1698 2606 1826 2631 correxit

63 2660 100 2678 ex
120 2652 197 2677 1565.

187 2759 196 2779 ¹
222 2758 278 2793 Fr.
305 2757 511 2792 Matthaeus
538 2756 714 2790 Michonis
743 2755 840 2796 (vide
867 2767 975 2801 supra
1001 2767 1033 2800 p.
1062 2755 1146 2799 269)
1184 2755 1278 2789 inter
1308 2754 1450 2797 collegii
1478 2754 1651 2797 dilingani
1687 2753 1826 2788 schola-

64 2811 173 2845 sticos
199 2811 413 2846 versabatur
442 2809 474 2854 (*
488 2811 677 2853 Cataloyus
712 2808 927 2852 dilinganus,
963 2808 1020 2842 31.
1048 2807 1255 2842 Decembris
1284 2808 1373 2842 1566
1400 2807 1567 2852 scriptus.
1624 2806 1730 2849 „GSC
1758 2807 1822 2842 66‘

65 2865 90 2898 f.
115 2865 363 2907 4022—404b).

185 2918 198 2939 ²
222 2917 401 2952 Martinus
437 2915 659 2958 Eisengrein,
696 2914 756 2959 qui
795 2914 1008 2958 lngolstadii
1046 2913 1265 2956 theologiam
1304 2913 1455 2947 docebat
1493 2916 1527 2947 et
1565 2912 1743 2958 parochus
1782 2913 1825 2947 ad

67 2968 102 3004 S.
128 2970 287 3005 Mauritii
314 2972 409 3011 erat;
437 2969 519 3003 vide
546 2980 654 3013 supra
680 2980 712 3013 p.
740 2968 809 3003 263
836 2968 915 3002 264.

186 3024 198 3043 ³
222 3023 367 3058 Mittere
393 3022 548 3062 volebat,
575 3023 615 3055 ut
640 3032 685 3055 ex
709 3022 849 3055 Canis-ii
873 3020 1030 3054 *litteris
1060 3021 1088 3054 1.
1109 3019 1329 3064 Septembris
1358 3020 1447 3053 1567
1475 3019 1518 3053 ad
1538 3019 1706 3063 Borgiam
1733 3019 1827 3054 datis

68 3075 298 3120 intellegitur,
326 3077 493 3110 Ioannem
521 3074 719 3108 Herderum
747 3076 782 3107 et
808 3073 1030 3108 Leonardum
1059 3073 1253 3107 l‘orneisen
1281 3072 1436 3106 famulos
1462 3084 1558 3107 suos.

185 3131 197 3149 ⁴
224 3129 392 3163 Ioannem
419 3127 570 3162 Paulum
599 3127 858 3161 Castellinium.
1004 3127 1017 3145 ⁵
1043 3125 1244 3160 Cardinalis
1262 3124 1474 3159 Truchsess.

187 3182 200 3201 ⁶
225 3182 444 3216 Fridericum
472 3193 491 3215 a
510 3179 700 3223 XVirsberg
727 3181 762 3213 et
789 3179 975 3213 Erasmum
1003 3189 1023 3212 a
1050 3178 1232 3220 Limburg.
