2077 3461
216 204 297 245 158
390 202 490 236 1275.
518 201 760 236 Theodericus
787 201 951 237 Canisius
978 201 1131 236 Canisio.
1173 201 1319 245 Dilinga
1340 201 1389 244 (P)
1420 212 1449 236 a.
1472 201 1561 235 1565
1588 201 1646 235 vel
1673 212 1703 235 a.
1725 201 1825 235 1566.

211 335 311 362 suos
333 334 410 374 pro
434 333 501 361 me
524 319 753 362 Dominum
777 334 905 375 saepe
927 320 1108 375 precari,
1139 319 1266 373 idque
1298 322 1346 362 ut
1369 319 1560 361 studiose
1582 319 1728 370 faciat,
1762 319 1966 362 maiorem

211 400 254 426 m
286 385 903 493 mgiurgasctligoFurstenhaw³
922 449 982 504 [P]
1013 463 1146 503 prope
1165 449 1466 502 Osnaburgum
1491 450 1558 492 29.
1578 449 1815 491 decembris
1841 451 1966 494 1565.

1187 525 1394 579 Indignus
1425 525 1538 567 filius
1570 526 1616 568 P.
1641 525 1846 569 Canisius.

330 625 431 659 Hanc
458 625 647 670 epistulam
674 625 717 659 ad
744 625 777 660 S.
796 624 1027 658 Franciscum
1045 623 1213 667 Borgiam
1240 624 1485 669 praepositum
1511 623 1715 667 generalem
1742 623 1861 657 datam
1889 635 1967 658 esse

210 679 246 711 et
270 680 433 712 not-atum
459 680 515 712 est
532 690 552 712 a
572 679 692 719 Boero,
720 678 781 721 qui
799 689 877 711 eam
902 677 1142 721 transcripsit,
1170 679 1205 711 et
1223 688 1267 710 ex
1284 677 1363 721 ipsa
1381 676 1536 721 epistula
1553 676 1785 720 intellegitur,
1811 676 1967 711 maxime

208 742 253 764 ex
278 731 333 771 iis,
361 742 452 775 quae
478 731 513 764 in
539 742 580 765 ea
607 731 649 764 de
667 731 840 764 relatione
858 730 1030 764 cardinali
1050 729 1190 764 Amulio
1210 730 1391 764 destinata
1409 730 1576 764 dicuntur
1596 729 1646 773 (V.
1662 741 1769 774 supra
1794 741 1827 763 n.
1845 729 1965 773 1273).

326 784 366 817 In
392 784 496 818 Boeri
523 783 728 828 apographo
764 783 870 828 paulo
897 786 981 817 ante
1009 782 1143 817 Canisii
1176 794 1304 817 nomen
1338 783 1581 827 subscriptum
1614 782 1704 816 haec
1739 786 1965 827 comparent:

212 836 287 878 „Ex
323 837 450 871 Castro
485 837 663 871 Jborchen
701 835 940 880 [Fborchen.‘?
976 835 1217 880 Tborchen.·.>]
1254 847 1364 881 prope
1400 835 1652 879 Osnaburgum
1687 836 1742 869 29.
1769 835 1966 869 decembris

210 890 331 923 1565st
378 891 427 923 At
453 892 621 930 castrum,
649 890 742 933 quod
768 890 819 923 ita
843 892 1003 930 vocetur,
1029 901 1099 923 non
1126 891 1257 923 exstat.
1301 889 1413 923 Boero
1431 888 1490 923 vel
1507 889 1548 929 is,
1576 899 1621 922 ex
1640 888 1741 922 cuius
1759 887 1965 933 apographo

207 943 453 987 apographum
488 943 592 976 Boeri
626 942 884 987 transcriptum
920 945 993 984 est,
1029 954 1157 976 nomen
1186 942 1368 987 proprium
1403 942 1509 976 huius
1545 941 1654 976 castri
1690 953 1734 975 ex
1769 941 1965 986 archetypo

208 1007 396 1040 perperam
414 996 617 1040 exscripsit.
644 995 789 1029 Dixeris
808 995 1057 1039 corrigendum
1076 1007 1173 1029 esse:
1205 995 1279 1037 „Ex
1298 996 1424 1030 Castro
1443 995 1637 1038 Jbu1·gen.“
1662 994 1721 1038 (z
1741 994 1965 1038 Iburgensi);

208 1049 328 1092 lburgi
355 1049 447 1082 enim
476 1049 617 1092 (lburg)
646 1061 755 1094 prope
783 1048 1034 1092 Osnaburgum
1061 1048 1217 1093 episcopi
1245 1048 1532 1092 osnaburgenses
1558 1050 1716 1082 castrum
1742 1048 1820 1081 sive
1846 1059 1963 1081 arcem

207 1102 395 1143 habebant,
431 1103 466 1136 in
503 1114 616 1146 eaque
652 1102 759 1136 etiam
786 1103 937 1136 loannes
963 1102 1006 1136 ab
1034 1102 1138 1146 Hoya
1172 1113 1426 1146 nonnunquam
1460 1101 1647 1136 habitabat
1685 1101 1848 1144 (Hansen
1882 1101 1904 1135 l.
1933 1113 1962 1136 c.

206 1156 274 1190 429
309 1155 407 1199 440).
459 1155 560 1190 Licet
593 1157 713 1189 autem
740 1155 979 1189 Furstenavia
1014 1155 1119 1199 longe
1154 1155 1286 1189 maiore
1320 1154 1512 1189 intervallo
1545 1157 1683 1189 remota
1717 1154 1764 1188 sit
1798 1154 1842 1188 ab
1876 1154 1963 1188 urbe

208 1209 475 1253 osnaburgensi,
503 1220 610 1253 quam
628 1209 810 1252 Iburgum,
837 1208 978 1243 omnino
1004 1220 1131 1243 censeo
1158 1209 1407 1251 corrigendum
1432 1219 1528 1242 esse:
1559 1207 1635 1250 „Ex
1654 1207 1778 1242 Castro
1794 1208 1962 1241 Fursten—

206 1262 305 1296 haw‘
345 1262 403 1296 vel
443 1262 718 1304 „Furste11h0w“
757 1262 815 1296 vel
850 1261 1024 1297 similiter.
1076 1262 1168 1296 Nam
1201 1261 1367 1295 Canisius
1393 1261 1546 1305 Borgiae
1581 1261 1637 1295 die
1671 1261 1728 1295 29.
1756 1260 1962 1295 Decembris

205 1316 338 1355 scribit,
358 1327 396 1350 se
414 1316 449 1349 in
469 1327 509 1349 eo
528 1318 646 1350 castro
661 1315 755 1360 apud
771 1316 910 1360 Hoyam
930 1316 1021 1357 „iam
1039 1315 1189 1349 haerere
1210 1315 1264 1349 14.
1283 1314 1426 1348 diebus“
1444 1328 1451 1354 ;
1471 1314 1526 1348 die
1545 1317 1665 1348 autem
1688 1314 1739 1348 17.
1756 1313 1962 1348 Decembris

206 1369 248 1403 ad
277 1369 507 1402 Rembertum
534 1381 554 1402 a
580 1369 863 1403 Kerssenbroich
889 1369 1034 1413 scripsit
1065 1380 1129 1410 „ex
1155 1368 1410 1402 Furstenhaw“
1444 1367 1569 1412 (supra
1594 1379 1627 1411 p.
1650 1368 1744 1407 152).
1798 1366 1848 1400 Ibi
1875 1378 1961 1400 sane

193 1423 362 1467 episcopi
398 1423 685 1465 osnaburgenses
720 1433 761 1456 ea
796 1425 914 1456 aetate
948 1421 1158 1466 saepissime
1194 1421 1372 1464 degebant
1409 1419 1571 1463 (Mithoff
1602 1420 1623 1453 l.
1651 1432 1679 1454 c.
1708 1420 1757 1454 VI
1790 1420 1960 1463 47—49).

206 1477 323 1519 Atque
343 1477 495 1510 Ioannes
512 1477 555 1509 ab
574 1477 679 1519 Hoya
698 1487 739 1509 ea
765 1487 847 1509 arce
873 1475 1029 1509 maxime
1056 1474 1256 1509 delectatus
1283 1485 1361 1508 esse
1388 1485 1537 1517 eamque
1563 1473 1788 1518 potissimum
1815 1484 1961 1507 ornasse

203 1530 358 1563 traditur
395 1529 553 1572 (Detmer
588 1529 610 1563 l.
638 1530 698 1571 c.).
748 1529 846 1563 Idem
881 1529 937 1563 27.
965 1529 1119 1571 Augusti
1150 1528 1239 1562 1562
1277 1539 1342 1570 „ex
1377 1538 1458 1561 arce
1492 1530 1615 1561 nostra
1649 1526 1877 1560 Furstenow“
1915 1527 1958 1561 ad

204 1583 243 1617 P.
263 1583 521 1627 Hieronymum
539 1582 706 1616 Natalem
733 1582 775 1616 de
801 1581 839 1616 P.
860 1581 1014 1616 Henrico
1040 1581 1212 1626 Dionysio
1239 1580 1272 1615 S.
1292 1581 1325 1615 J.
1344 1580 1507 1624 scripsit:
1539 1579 1647 1622 ,Cum
1674 1580 1798 1614 diebus
1823 1579 1961 1624 aliquot

202 1636 386 1670 nobiscum
422 1636 562 1676 fuisset,
598 1638 633 1669 et
658 1638 801 1680 praeter
827 1646 1019 1675 sermones,
1056 1646 1144 1679 quos
1180 1646 1259 1669 cum
1297 1646 1337 1667 eo
1371 1633 1571 1673 habuimus,
1607 1644 1737 1676 graues
1772 1633 1960 1668 conciones

203 1689 334 1723 multas
369 1701 438 1723 non
473 1688 647 1723 inutiliter
682 1689 775 1733 apud
810 1688 979 1733 populum
1015 1688 1072 1722 hic
1103 1687 1300 1732 posuisset⁴⁴
1339 1688 1405 1720 etc.
1435 1686 1542 1729 (Any.
1575 1687 1736 1730 leee'ner‚
1763 1686 1957 1720 Schweden

202 1742 273 1776 und
300 1742 394 1776 seine
414 1741 578 1785 Stellung
605 1754 684 1776 zum
710 1741 867 1784 heiligen
887 1741 989 1775 Stuhl
1018 1741 1060 1781 ΙΙ,
1088 1741 1282 1785 Augsburg
1303 1740 1403 1779 1839,
1431 1740 1510 1774 307.
1554 1740 1640 1784 Epp.
1661 1741 1782 1773 thdal
1799 1740 1832 1773 II
1853 1739 1956 1784 105);

201 1795 367 1830 similiter
405 1796 528 1829 eodem
566 1796 622 1829 die
661 1795 782 1829 Lainio
820 1795 965 1840 scripsit
1004 1795 1176 1838 (Theiner
1213 1794 1235 1828 l.
1272 1806 1300 1828 c.
1340 1793 1437 1836 306).
1497 1792 1596 1834 Quod
1635 1795 1754 1826 autem
1793 1792 1957 1827 Canisius

202 1848 477 1883 Furstenaviam
512 1860 621 1893 prope
648 1848 901 1891 Osnaburgum
928 1849 1035 1883 sitam
1062 1859 1140 1882 esse
1167 1847 1302 1887 scribit,
1339 1847 1370 1880 ei
1395 1846 1530 1888 scribit,
1558 1845 1617 1890 qui
1644 1858 1689 1879 ex
1715 1846 1800 1880 urbe
1826 1846 1957 1890 longis-

202 1903 290 1936 sime
317 1902 473 1936 distante
500 1913 541 1935 ea
566 1902 645 1936 loca
669 1902 802 1936 videat.

317 1954 459 1995 Dubito,
486 1966 570 1988 num
588 1954 693 1988 Boeri
718 1954 924 1999 apographo
943 1955 1085 1998 integra
1104 1954 1237 1988 Canisii
1257 1952 1411 1998 epistula
1431 1952 1652 1987 exhibeatur.
1692 1952 1954 1996 Nonnunquam

202 2008 295 2042 enim
320 2008 381 2042 ille
406 2028 452 2031 —
478 2007 513 2042 id
540 2008 633 2052 quod
660 2008 736 2052 ipse
763 2010 933 2052 expertus
959 2019 1038 2041 sum
1066 2027 1120 2049 —,
1156 2018 1247 2051 quae
1273 2007 1309 2040 in
1337 2006 1469 2040 Canisii
1495 2005 1660 2050 epistulis
1686 2008 1812 2040 notatu
1838 2005 1955 2040 minus

201 2062 309 2105 digna
347 2061 378 2095 ei
413 2061 493 2095 visa
527 2063 648 2102 erant,
683 2061 870 2095 omittebat
905 2072 1017 2104 eaque
1052 2061 1121 2102 ita,
1159 2063 1199 2094 ut
1236 2071 1275 2094 se
1313 2059 1447 2103 aliquid
1486 2058 1650 2093 omisisse
1684 2058 1783 2092 nulla
1817 2059 1954 2093 ratione

199 2115 430 2158 significaret.

318 2169 469 2211 Boi-gias
497 2167 637 2202 Canisio
663 2179 726 2212 per
753 2167 946 2202 Polancum
974 2167 1155 2212 respondit
1183 2167 1237 2200 16.
1256 2165 1377 2200 Martii
1406 2166 1507 2199 1566.

198 2288 347 2325 1275.
453 2288 514 2324 P.
543 2286 1033 2323 THEODORICUS
1062 2285 1378 2323 CANISIUS
1415 2285 1468 2322 S.
1496 2286 1567 2329 J„
1604 2286 1815 2320 Germaniae
1850 2297 1937 2330 supe

387 2342 491 2376 rioris
516 2341 837 2386 viceprovincialis,
866 2340 1064 2375 CANISIO.

901 2394 1047 2435 Dilinga
1068 2394 1116 2437 (1³)
1146 2396 1299 2427 exeunte
1327 2405 1357 2427 a.
1380 2394 1468 2427 1565
1495 2393 1553 2426 vel
1580 2392 1723 2426 ineunte
1749 2403 1779 2426 a.
1802 2392 1902 2426 1566.

317 2466 371 2500 Ex
399 2466 597 2510 archetypa
623 2465 777 2511 epistula
804 2465 997 2505 canisiana,
1024 2464 1065 2497 de
1092 2475 1162 2507 qua
1188 2463 1281 2496 infra
1317 2475 1349 2498 n.
1379 2463 1479 2497 1281.

317 2545 368 2576 De
394 2544 432 2576 P.
451 2544 611 2577 Mat-tino
638 2543 869 2577 Sterordiano
895 2544 1075 2585 Auyustae
1100 2541 1332 2574 contionante.

320 2616 486 2648 Cam'se'us
520 2615 707 2657 Moyuntia
743 2616 797 2647 28.
825 2613 997 2646 Ianuarii
1024 2614 1115 2645 1566
1148 2612 1297 2645 Romam
1333 2612 1380 2643 ml
1416 2612 1450 2644 S.
1470 2610 1705 2643 Frcmcztsemn
1739 2609 1779 2640 de
1814 2609 1948 2651 Boryia

202 2668 382 2700 Soce‘etatis
402 2669 646 2710 praepositum
670 2667 866 2709 yona-alem
892 2666 987 2708 haec,
1007 2669 1153 2707 praeter
1178 2665 1265 2707 alia,
1296 2665 1450 2697 rettulit:
1486 2663 1640 2707 „Scribit
1665 2662 1711 2693 «d
1746 2672 1795 2693 me
1817 2662 1947 2704 frater,

203 2720 397 2753 Canonztcos
423 2721 602 2763 Auyzcstae
627 2721 677 2752 sic
702 2730 825 2752 amare
852 2720 889 2752 P.
914 2720 1127 2761 Martinam,
1160 2722 1190 2750 rt
1219 2719 1339 2750 dicant
1365 2718 1476 2749 alium
1503 2727 1545 2748 esc
1572 2715 1739 2748 ,S'ocietate
1763 2725 1797 2746 se
1822 2714 1948 2747 habere

198 2773 287 2805 ‘nolle
306 2799 313 2806 .
333 2774 407 2814 Eyo
433 2784 484 2806 me
508 2774 632 2816 patim·
656 2784 728 2806 non
751 2774 934 2815 yrazcaz‘im
961 2772 1110 2804 excludi.
1138 2797 1144 2804 .
1166 2796 1173 2803 .
1193 2796 1200 2804 .
1228 2771 1337 2803 Doleo
1371 2774 1507 2802 tantum
1541 2778 1628 2809 eum,
1665 2768 1725 2809 qni
1752 2766 1838 2799 mihi
1870 2778 1947 2800 suc-

199 2828 295 2857 cess-it
321 2828 511 2868 Auynstm,
548 2827 678 2859 nostris
713 2827 774 2869 qui
799 2827 840 2858 de
876 2826 935 2858 illo
963 2828 1172 2868 queruntur,
1210 2835 1279 2856 non
1304 2825 1423 2865 facere
1447 2823 1544 2864 satis,
1581 2825 1610 2852 et
1635 2820 1763 2852 honori
1787 2830 1850 2853 suo
1875 2831 1946 2853 non

198 2880 326 2910 rectius·
352 2877 562 2911 consulere.⁴‘

318 2958 356 2990 P.
376 2958 552 2992 Martinus
572 2959 827 2993 Stevordianus
854 2959 887 2993 S.
907 2959 938 2993 J.
983 2959 1170 3001 Augustae
1196 2957 1272 2991 loco
1293 2956 1424 2990 Canisii
1444 2954 1722 2988 contionatorem
1742 2953 1775 2985 in
1796 2953 1947 2987 ecclesia

198 3009 393 3043 cathedrali
420 3012 569 3053 agebat:
597 3012 677 3045 vide
704 3023 812 3056 supra
837 3023 870 3055 p.
890 3012 933 3044 73
963 3011 1039 3045 112.
1083 3011 1318 3044 Theodericus
1340 3008 1504 3042 Canisius
1529 3006 1598 3039 iam
1624 3004 1781 3038 *litteris
1800 3005 1944 3049 Dilinga

198 3063 253 3096 23.
273 3062 484 3096 Novembris
513 3065 600 3098 1565
628 3065 671 3097 ad
698 3065 864 3107 Borgiam
892 3064 985 3097 datis
1012 3066 1161 3106 questus
1187 3065 1274 3102 erat,
1301 3072 1380 3095 eum
1406 3062 1591 3102 Augustae
1617 3057 1708 3090 male
1735 3069 1772 3091 se
1799 3070 1942 3101 gerere:

197 3115 311 3149 notari
339 3115 414 3148 eius
444 3116 499 3156 „in
525 3116 674 3149 bibendo
700 3109 1024 3160 intemperantiam,
1051 3115 1259 3159 praesertim
1288 3113 1379 3158 apud
1407 3114 1582 3151 externos,
1614 3112 1715 3143 extra
1742 3110 1882 3144 domum
1909 3113 1945 3144 et

315 3196 343 3226 a)
370 3197 415 3220 Ῑῗα
439 3197 479 3220 Fr?
498 3197 636 3221 similiter
656 3198 804 3228 Jeyendnm
825 3204 884 3221 esse
905 3204 1018 3227 oensem
1040 3196 1112 3226 cido,
1132 3203 1204 3226 quae
1223 3196 1275 3219 sub
1297 3195 1376 3225 ipsas
1396 3194 1448 3217 has
1469 3193 1581 3216 litteras
1602 3192 1746 3215 dir-ranno:
