2077 3461
169 193 269 228 1:244.
298 192 451 227 Sanctus
477 192 690 227 Franciscus
715 193 757 227 de
784 193 916 237 Borgia
942 193 1094 227 Canisio.
1142 192 1255 227 Roma
1281 193 1337 227 23.
1359 193 1578 238 Septembris
1608 195 1709 228 1565.
1784 198 1837 238 99

203 312 388 345 Canisium
415 313 600 345 Societatis
624 312 838 345 visitatorem
860 323 930 355 pro
941 313 1141 355 provinciis
1163 312 1377 345 Germaniae
1393 314 1590 356 superioris
1608 317 1637 346 et
1654 313 1841 355 inferioris

81 376 122 401 ac
147 364 262 398 Rheni
287 366 475 399 constituit.

199 463 368 507 Dilecto
409 464 452 505 in
494 464 655 506 christo
697 464 823 506 fratri
855 463 1057 506 Doctoria
1087 464 1216 505 Petro
1256 463 1425 506 Canisio
1467 466 1700 518 superioris
1741 481 1840 521 ger-

81 528 250 570 maniae
290 529 544 583 prouinciali
576 528 831 570 Franciscus
864 529 917 570 de
949 528 1136 582 Borgiab
1167 528 1398 571 Societatis
1430 529 1527 571 Iesu
1560 530 1840 585 Praepositus

80 593 296 646 generalis
328 593 371 634 in
404 594 554 635 eadem
588 593 805 636 Societate
844 594 1028 635 salutem
1060 593 1103 635 in
1136 593 1318 635 Domino
1350 594 1671 648 sempiternam.
1735 597 1837 639 Cum

81 658 134 699 ad
180 658 392 700 rationem
441 658 655 700 commissi
703 658 825 699 nobis
873 658 1001 712 officij
1047 659 1138 699 Deo
1186 658 1447 713 reddendam
1493 659 1840 714 visitationisque

79 736 233 764 munus
274 724 385 776 quod
427 737 504 777 per
535 737 614 765 nos
653 723 770 777 ipsos
802 723 961 776 vbique
1003 737 1206 765 exercere
1237 737 1323 765 non
1355 724 1551 766 valemus
1584 725 1838 776 obeundum,

81 800 228 829 eorum
261 802 391 841 opera
415 788 479 830 vti
501 801 678 830 necesse
700 787 769 838 sit,
804 802 983 841 quorum
1017 791 1061 830 et
1082 787 1349 842 prudentiae,
1383 802 1493 841 quae
1516 792 1583 832 est
1604 789 1648 831 in
1670 790 1839 834 Christo

79 851 178 893 Iesu
219 855 263 895 et
302 853 510 906 probitati
552 853 837 903 confidamus,
880 867 958 894 nos
1001 852 1153 905 quibus
1195 853 1306 895 dona
1348 853 1428 895 Dei
1469 854 1669 896 altissimi
1711 855 1753 896 in
1795 859 1839 898 te

80 917 187 959 satis
218 920 447 972 perspecta
487 920 600 968 sunt,
642 920 688 959 te
720 917 763 959 in
795 921 972 960 nostrae
1004 917 1129 959 huius
1162 931 1290 960 curae
1322 921 1490 971 partem
1525 919 1839 963 substituentes

80 981 351 1024 visitatorem
375 982 596 1026 societatis
621 985 821 1024 nostrae⁰
843 982 886 1023 in
908 982 1048 1025 tribus
1080 982 1312 1036 prouinciis
1334 983 1584 1036 germaniae
1607 986 1840 1039 superioris

78 1046 295 1089 inferioris
336 1051 379 1090 et
412 1048 551 1089 Rheni
593 1062 688 1089 cum
721 1047 836 1089 omni
869 1061 920 1089 ea
952 1047 1228 1097 auctoritate,
1273 1062 1401 1101 quam
1434 1048 1555 1090 nobis
1586 1050 1840 1103 Apostolica

81 1112 205 1154 sedes
237 1112 478 1155 concessit‘1
510 1113 565 1154 ad
598 1112 777 1166 quaeuis
809 1118 1022 1162 niunera²,
1064 1126 1173 1165 quae
1206 1127 1232 1154 a
1264 1112 1385 1154 nobis
1418 1114 1716 1166 praesentibus
1748 1116 1841 1157 fieri

80 1177 280 1231 possent‘
317 1177 626 1220 Constituimus
669 1177 712 1219 in
753 1177 925 1219 nomine
966 1177 1109 1219 Patris
1151 1180 1194 1220 et
1235 1177 1329 1231 Filij
1373 1180 1417 1220 et
1458 1178 1643 1232 Spiritus
1684 1181 1837 1224 sancti.

82 1242 208 1284 Datis
241 1242 405 1284 Romae
439 1245 493 1284 23
527 1242 794 1297 Septembris
830 1243 979 1285 1565g.

1386 1305 1697 1364 [Franciscus.]
1708 1309 1722 1329 ¹¹

199 1433 377 1467 Polancus
418 1433 608 1468 Societatis
649 1433 866 1467 secretarius
908 1433 952 1467 ad
994 1433 1119 1467 harum
1162 1434 1382 1475 litterarum,
1425 1446 1515 1479 quas
1558 1436 1719 1480 publicas
1761 1438 1838 1472 sive

85 1488 289 1531 „patentes“
331 1487 442 1521 fuisse
480 1487 586 1520 facile
627 1489 745 1531 patet,
788 1487 1083 1521 commentarium
1125 1487 1302 1531 quoddam
1341 1489 1621 1532 componendum
1659 1502 1746 1525 usus
1785 1499 1840 1525 est

80 1539 212 1574 litteris
247 1540 318 1574 illis
344 1540 403 1574 vel
436 1540 638 1574 litterarum
666 1540 780 1573 forma
805 1540 878 1580 illa,
906 1551 974 1583 qua
1001 1539 1084 1573 olim
1111 1539 1150 1574 P.
1169 1540 1324 1575 Michael
1351 1541 1393 1575 de
1420 1541 1549 1576 Torres
1574 1542 1608 1577 S.
1630 1543 1661 1576 J.
1690 1555 1719 1577 a.
1750 1545 1839 1579 1552

81 1593 124 1627 ab
166 1594 243 1637 ipso
282 1594 314 1628 S.
353 1593 492 1637 Ignatio
534 1593 739 1638 provinciae
777 1593 989 1627 lusitanicae
1027 1593 1193 1627 visitator
1234 1593 1424 1629 institutus
1467 1598 1554 1629 erat.
1614 1596 1731 1640 Atque
1774 1597 1839 1632 has

81 1646 213 1690 Ignatii
250 1646 390 1681 litteras
428 1646 631 1691 propositas
670 1658 748 1680 esse
784 1646 986 1690 exemplum
1025 1646 1069 1680 ad
1108 1646 1319 1681 imitandum
1357 1647 1392 1680 in
1428 1647 1509 1682 aliis
1547 1649 1834 1690 „visitatoribus“

81 1700 340 1734 constituendis
378 1702 479 1744 patet
517 1700 623 1733 etiam
663 1711 708 1733 ex
744 1712 804 1742 eo,
843 1700 955 1743 quod,
994 1700 1054 1743 qui
1092 1711 1153 1733 eas
1192 1700 1227 1733 in
1266 1700 1424 1734 codicem
1462 1703 1712 1747 transcripsit,
1751 1704 1839 1739 haec

80 1753 283 1787 subiunxit:
326 1752 481 1796 „Similis
518 1753 644 1797 paucis
682 1753 831 1786 mutatis
870 1753 963 1797 pro.“
1029 1753 1154 1786 Notari
1192 1756 1312 1786 autem
1350 1755 1509 1798 oportet,
1552 1757 1836 1800 praepositorum

80 1806 197 1840 officio
223 1806 479 1840 movendorum
507 1805 729 1845 facultatem,
757 1817 847 1849 quae
874 1806 1048 1839 Tui-riano
1075 1806 1159 1839 data
1186 1809 1273 1847 erat,
1306 1807 1338 1839 in
1366 1807 1499 1841 Canisii
1527 1807 1659 1843 litteris
1685 1811 1837 1854 positam

79 1871 148 1893 non
183 1871 273 1894 esse.
324 1859 379 1893 Ex
413 1859 586 1904 proximis
620 1862 741 1892 autem
776 1859 909 1892 litteris
945 1862 1190 1902 cognoscetur,
1227 1871 1308 1893 eum
1340 1860 1566 1895 visitatorem
1606 1863 1701 1903 „sine
1737 1864 1838 1898 iuris-

79 1913 251 1946 diction&
282 1913 405 1947 fuisse.
456 1914 576 1956 Atque
611 1915 748 1946 certum
785 1915 859 1953 est,
894 1912 987 1946 hanc
1023 1912 1054 1946 ei
1080 1912 1324 1946 visitationem
1355 1925 1395 1947 eo
1430 1914 1655 1958 potissimum
1692 1917 1838 1951 consilio

80 1967 305 2000 commissam
348 1977 446 2007 esse,
489 1968 529 2000 ut
571 1965 753 2009 pontificia
792 1965 868 1999 eius
911 1965 1044 2009 legatio
1087 1965 1190 2009 quasi
1232 1965 1506 2007 obscuraretur;
1550 1969 1706 2003 iusserat
1745 1970 1836 2004 enirn

81 2019 166 2053 Pius
200 2019 261 2053 IV.
298 2019 478 2053 Canisium
517 2019 611 2052 haud
654 2030 786 2063 paucos
826 2018 1038 2053 Germaniae
1077 2019 1264 2063 episcopos
1305 2019 1557 2064 principesque
1594 2033 1658 2055 suo
1697 2025 1837 2058 nomine

78 2073 195 2113 adire,
238 2072 461 2106 decretorum
499 2071 772 2105 tridentinorum
811 2072 977 2117 exempla
1014 2071 1221 2106 authentica
1259 2084 1339 2106 cum
1378 2072 1511 2107 litteris
1550 2075 1756 2119 apostolicis
1794 2077 1838 2110 iis

79 2126 216 2166 afferre,
252 2137 312 2159 eos
339 2125 538 2166 admonere,
575 2127 614 2158 ut
649 2125 792 2158 decreta
827 2124 888 2158 illa
915 2127 1208 2168 exsequerentur,
1245 2136 1391 2159 causam
1426 2126 1610 2169 religionis
1640 2128 1836 2163 catholicae

78 2178 114 2212 in
152 2178 325 2223 proximis
363 2178 516 2212 comitiis
550 2180 756 2212 tutarentur
791 2180 859 2212 etc.
910 2177 1011 2212 Hanc
1050 2180 1169 2212 autem
1208 2178 1425 2222 legationem
1465 2180 1644 2224 pontifex,
1682 2193 1726 2215 ne
1760 2194 1836 2227 pro-

78 2234 256 2266 testantes
290 2232 545 2276 impedimenta
579 2230 622 2264 ad
661 2242 739 2264 eam
775 2232 963 2272 afferrent,
1001 2243 1092 2265 neve
1131 2231 1258 2265 iisdem
1294 2233 1418 2266 variae
1458 2245 1502 2266 ex
1537 2245 1578 2267 ea
1616 2235 1836 2279 suspiciones

79 2286 294 2326 inciderent,
334 2296 501 2318 arcanam
537 2286 784 2328 secretamque
822 2296 901 2319 esse
937 2284 1091 2319 volebat.
1152 2284 1250 2327 Quae
1285 2286 1403 2320 omnia
1439 2298 1483 2320 ex
1522 2287 1694 2331 proximis
1731 2288 1836 2323 huius

80 2331 271 2372 voluminis
297 2337 462 2383 epistulis
488 2340 524 2371 et
541 2350 585 2371 ex
612 2338 852 2372 monumentis
878 2339 1105 2381 germanicae
1130 2338 1237 2372 huius
1263 2338 1454 2381 legationis
1480 2340 1573 2373 infra
1600 2342 1837 2385 proponendis

80 2392 258 2437 copiosius
283 2391 549 2434 intellegentur.

198 2450 346 2484 Labitur
372 2452 589 2484 Franm‘sons
616 2451 811 2484 Sat-chinus
837 2450 870 2484 S.
898 2451 931 2484 J.
961 2450 1028 2493 (De
1046 2450 1131 2484 Vita
1158 2453 1194 2484 et
1220 2451 1340 2485 Rebus
1367 2451 1480 2494 gestis
1509 2452 1544 2486 Ρ.
1566 2452 1663 2486 Petri
1692 2452 1835 2494 Canisii,

78 2504 289 2548 Ingolstadii
318 2505 418 2544 1616,
445 2504 543 2546 220),
580 2506 615 2537 et
649 2503 819 2538 labuntur
853 2515 933 2538 cum
969 2515 1009 2537 eo
1035 2505 1135 2538 Riess
1164 2504 1202 2548 (1.
1230 2516 1258 2539 c.
1287 2505 1371 2547 347)
1410 2507 1446 2538 et
1478 2504 1549 2545 alii,
1587 2517 1665 2539 cum
1694 2506 1835 2541 Canisio

79 2557 277 2592 visitatoris
303 2557 446 2591 titulum
475 2560 510 2590 et
537 2559 751 2601 potestatem
778 2556 898 2591 datam
933 2568 1013 2591 esse
1039 2557 1223 2591 affirmant
1248 2558 1283 2591 in
1310 2557 1500 2591 Societatis
1528 2560 1731 2602 provincias
1756 2560 1836 2594 rhe-

78 2622 219 2651 nanam,
246 2611 473 2651 austriacam,
502 2609 714 2644 Germaniae
732 2610 936 2654 superioris.
973 2609 1200 2645 Germaniam
1219 2611 1420 2644 inferiorem
1448 2615 1701 2645 commemorat
1728 2614 1834 2646 etiam

80 2664 258 2698 Polancus
292 2663 327 2697 in
360 2663 490 2697 litteris
524 2663 665 2696 nomine
705 2664 854 2706 Borgiae
889 2663 1001 2697 Roma
1039 2664 1092 2698 18.
1120 2664 1341 2708 Septembris
1369 2664 1458 2697 1565
1498 2664 1541 2697 ad
1578 2664 1834 2700 Theodoricum

81 2717 261 2752 canisium
288 2716 400 2756 datis;
429 2717 510 2750 vide
537 2716 629 2749 infra
655 2728 747 2751 mon.
767 2727 876 2759 germ.
896 2716 919 2750 l.
939 2716 1005 2759 (2).
1049 2717 1161 2750 Boero
1187 2717 1277 2751 duas
1302 2719 1441 2750 tantum
1469 2717 1671 2760 provincias
1698 2719 1834 2762 posuit:

81 2770 307 2804 Austriacam
334 2772 370 2803 et
395 2769 589 2803 rhenanam
620 2768 721 2811 (Can.
748 2769 847 2808 283).

201 2892 227 2919 a]
253 2895 318 2917 Octo
346 2900 385 2917 vr.
406 2901 464 2924 ..s-qq.
485 2901 501 2917 ιι
523 2894 583 2917 Pul.
602 2893 712 2924 ,sm-ipra
738 2895 804 2916 sunt
831 2892 888 2916 Ioco
916 2900 956 2916 ιϊ.
977 2891 1113 2917 Michaeli
1142 2891 1178 2916 do
1199 2890 1309 2916 Tou-res
1330 2890 1486 2917 Sacerdoti
1509 2892 1644 2919 eiusdem
1665 2894 1834 2925 Societatis,

81 2941 152 2965 quae
168 2934 299 2965 primum
319 2934 429 2965 scripta
451 2937 543 2958 erunt.
619 2933 647 2964 b)
670 2935 715 2957 Ita.
736 2934 850 2957 currem·
870 2941 905 2957 ex
926 2933 1061 2964 Ignatius
1082 2932 1118 2957 (le
1138 2932 1260 2964 Loyola‚
1281 2942 1352 2964 quae
1378 2937 1444 2957 sunt
1473 2935 1500 2958 in
1522 2942 1636 2963 camna,-
1665 2937 1738 2964 ride.
1761 2946 1833 2968 «smne

80 2976 132 3000 sub
151 2976 232 3006 ipsas
251 2976 304 2999 has
323 2975 438 2999 litteras
458 2976 604 3000 (ῑίειυιιιιν.
645 2976 687 3005 Cf.
710 2976 781 3006 Epp.
804 2975 902 2998 Nadal
923 2975 974 2999 ΙΙΙ
993 2976 1014 2999 1.
1095 2976 1120 3005 c)
1151 2976 1215 2998 Octo
1240 2983 1279 2999 vv.
1300 2983 1357 3005 sqq.
1380 2983 1465 2999 manet
1486 2976 1607 3000 Pulanci
1632 2978 1741 3009 scripta
1767 2981 1833 3002 sun!

81 3018 139 3042 loco
167 3024 206 3041 vv.
227 3016 292 3041 toto
318 3015 348 3040 in
375 3023 469 3048 regno
489 3016 703 3047 Portugauiae.
777 3015 806 3047 d)
828 3016 888 3040 1²01.
916 3016 1091 3040 oblitteravit
1120 3023 1171 3043 cc..
1199 3024 1271 3047 quae
1301 3016 1345 3040 hic
1370 3020 1547 3047 sequuntur:
1577 3018 1667 3043 etiam
1697 3019 1722 3044 si
1748 3026 1833 3051 prae-

81 3057 197 3090 positos
232 3056 342 3082 locales
373 3057 420 3082 vel
453 3057 545 3083 etiam
576 3056 791 3090 prouincialem
824 3056 860 3081 do
893 3056 992 3082 officio
1025 3063 1197 3085 remouere.
1231 3058 1260 3082 et
1289 3057 1364 3082 alios
1393 3057 1560 3090 subrogare
1591 3060 1763 3092 oporteret,
1796 3061 1834 3086 et.

82 3100 108 3129 e)
129 3100 154 3123 Α
175 3099 234 3123 Pol,
256 3102 393 3123 mutatum
422 3108 457 3124 ex
482 3098 519 3124 ad
547 3099 671 3131 quaeuis
698 3099 765 3124 alia,
851 3098 874 3129 s)
902 3099 960 3122 I‘nl.
982 3099 1156 3122 oblitteravit
1186 3099 1277 3124 (linea
1304 3100 1455 3126 subducta)
1485 3108 1535 3129 ιϊ.,
1562 3109 1633 3132 quae
1659 3105 1834 3133 sequuntur:

82 3146 152 3171 rege
177 3139 278 3165 tamen
304 3138 505 3165 Serenissimo
533 3147 592 3166 non
620 3140 815 3173 repugnante.
901 3146 930 3170 g)
952 3141 996 3164 ltu
1020 3141 1078 3164 l'ol.
1097 3140 1193 3170 posui(
1219 3148 1273 3171 pro
1298 3139 1411 3165 Romae
1439 3140 1578 3167 Calendis
1606 3142 1735 3173 Ianuarij
1758 3143 1834 3167 1552.

82 3180 114 3212 h)
135 3182 182 3205 Ita
201 3182 327 3212 Roryias
348 3190 446 3206 ›101711311
467 3182 645 3206 subsvribere
666 3183 791 3211 solebam
813 3189 834 3206 ι’.
856 3182 928 3212 Epp.
950 3181 1048 3206 leul
1069 3182 1114 3205 11⁷
1132 3183 1164 3205 11
1187 3183 1218 3205 13
1238 3183 1272 3205 -Jlt
1291 3185 1339 3206 etc.

1503 3232 1549 3264 7*
