<?xml version="1.0" encoding="UTF-8"?>
<!DOCTYPE html PUBLIC "-//W3C//DTD XHTML 1.0 Transitional//EN"
    "http://www.w3.org/TR/xhtml1/DTD/xhtml1-transitional.dtd">
<html xmlns="http://www.w3.org/1999/xhtml" xml:lang="en" lang="en">
 <head>
  <title>
</title>
<meta http-equiv="Content-Type" content="text/html;charset=utf-8" />
  <meta name='ocr-system' content='tesseract 3.04.00' />
  <meta name='ocr-capabilities' content='ocr_page ocr_carea ocr_par ocr_line ocrx_word'/>
</head>
<body>
  <div class='ocr_page' id='page_1' title='image "beatipetricanisi05cani_0030.png"; bbox 0 0 2077 3461; ppageno 0'>
   <div class='ocr_carea' id='block_1_1' title="bbox 177 195 1389 242">
    <p class='ocr_par' dir='ltr' id='par_1_1' title="bbox 177 195 1389 242">
     <span class='ocr_line' id='line_1_1' title="bbox 177 195 1389 242; baseline 0 -12"><span class='ocrx_word' id='word_1_1' title='bbox 177 200 280 231; x_wconf 80' lang='lat' dir='ltr'><strong>XXIV</strong></span> <span class='ocrx_word' id='word_1_2' title='bbox 721 197 765 233; x_wconf 93' lang='lat' dir='ltr'>II.</span> <span class='ocrx_word' id='word_1_3' title='bbox 792 197 1017 232; x_wconf 86' lang='lat' dir='ltr'>Prooemium</span> <span class='ocrx_word' id='word_1_4' title='bbox 1043 196 1236 231; x_wconf 86' lang='lat' dir='ltr'>voluminis</span> <span class='ocrx_word' id='word_1_5' title='bbox 1262 195 1389 242; x_wconf 90' lang='lat' dir='ltr'>quinti.</span> 
     </span>
    </p>
   </div>
   <div class='ocr_carea' id='block_1_2' title="bbox 177 312 1953 3009">
    <p class='ocr_par' dir='ltr' id='par_1_2' title="bbox 177 312 1942 1473">
     <span class='ocr_line' id='line_1_2' title="bbox 178 312 1934 359; baseline -0.002 -8"><span class='ocrx_word' id='word_1_6' title='bbox 178 316 359 359; x_wconf 80' lang='lat' dir='ltr'>fumigans</span> <span class='ocrx_word' id='word_1_7' title='bbox 392 315 451 350; x_wconf 90' lang='lat' dir='ltr'>hic</span> <span class='ocrx_word' id='word_1_8' title='bbox 477 324 646 358; x_wconf 85' lang='lat' dir='ltr'>cogamur</span> <span class='ocrx_word' id='word_1_9' title='bbox 672 314 922 359; x_wconf 78' lang='lat' dir='ltr'><strong>exstinguere!</strong></span> <span class='ocrx_word' id='word_1_10' title='bbox 966 314 1169 349; x_wconf 84' lang='lat' dir='ltr'><strong>Laudamus</strong></span> <span class='ocrx_word' id='word_1_11' title='bbox 1204 313 1382 359; x_wconf 89' lang='lat' dir='ltr'>pontificis</span> <span class='ocrx_word' id='word_1_12' title='bbox 1415 313 1564 348; x_wconf 85' lang='lat' dir='ltr'>maximi</span> <span class='ocrx_word' id='word_1_13' title='bbox 1599 313 1714 348; x_wconf 91' lang='lat' dir='ltr'>zelum</span> <span class='ocrx_word' id='word_1_14' title='bbox 1740 312 1934 354; x_wconf 85' lang='lat' dir='ltr'>ardentem,</span> 
     </span>
     <span class='ocr_line' id='line_1_3' title="bbox 177 365 1936 413; baseline -0.002 -10"><span class='ocrx_word' id='word_1_15' title='bbox 177 369 240 404; x_wconf 90' lang='lat' dir='ltr'>sed</span> <span class='ocrx_word' id='word_1_16' title='bbox 267 379 436 412; x_wconf 82' lang='lat' dir='ltr'>rogamus</span> <span class='ocrx_word' id='word_1_17' title='bbox 462 369 568 402; x_wconf 88' lang='lat' dir='ltr'>etiam</span> <span class='ocrx_word' id='word_1_18' title='bbox 595 368 796 413; x_wconf 86' lang='lat' dir='ltr'>supplices,</span> <span class='ocrx_word' id='word_1_19' title='bbox 830 379 874 402; x_wconf 91' lang='lat' dir='ltr'>ne</span> <span class='ocrx_word' id='word_1_20' title='bbox 901 367 1114 402; x_wconf 80' lang='lat' dir='ltr'>claudantur</span> <span class='ocrx_word' id='word_1_21' title='bbox 1139 367 1240 402; x_wconf 90' lang='lat' dir='ltr'>nobis</span> <span class='ocrx_word' id='word_1_22' title='bbox 1267 378 1393 401; x_wconf 88' lang='lat' dir='ltr'>manus</span> <span class='ocrx_word' id='word_1_23' title='bbox 1419 366 1463 400; x_wconf 87' lang='lat' dir='ltr'>ad</span> <span class='ocrx_word' id='word_1_24' title='bbox 1490 366 1679 401; x_wconf 84' lang='lat' dir='ltr'>Germanis</span> <span class='ocrx_word' id='word_1_25' title='bbox 1703 365 1936 411; x_wconf 84' lang='lat' dir='ltr'>pereuntibus</span> 
     </span>
     <span class='ocr_line' id='line_1_4' title="bbox 178 419 1936 467; baseline -0.002 -11"><span class='ocrx_word' id='word_1_26' title='bbox 178 421 462 467; x_wconf 83' lang='lat' dir='ltr'>opitulandum!“</span> <span class='ocrx_word' id='word_1_27' title='bbox 500 420 612 464; x_wconf 87' lang='lat'>(361.)</span> <span class='ocrx_word' id='word_1_28' title='bbox 647 420 740 466; x_wconf 83' lang='lat' dir='ltr'>Ipsis</span> <span class='ocrx_word' id='word_1_29' title='bbox 757 420 988 455; x_wconf 87' lang='lat' dir='ltr'>confessariis</span> <span class='ocrx_word' id='word_1_30' title='bbox 1010 432 1051 454; x_wconf 88' lang='lat' dir='ltr'>eo</span> <span class='ocrx_word' id='word_1_31' title='bbox 1069 420 1186 464; x_wconf 90' lang='lat' dir='ltr'>rigore</span> <span class='ocrx_word' id='word_1_32' title='bbox 1211 419 1364 454; x_wconf 88' lang='lat' dir='ltr'>multum</span> <span class='ocrx_word' id='word_1_33' title='bbox 1381 419 1641 463; x_wconf 86' lang='lat' dir='ltr'>angustiarum,</span> <span class='ocrx_word' id='word_1_34' title='bbox 1665 419 1825 465; x_wconf 90' lang='lat' dir='ltr'>pericula</span> <span class='ocrx_word' id='word_1_35' title='bbox 1841 419 1936 454; x_wconf 88' lang='lat' dir='ltr'>haud</span> 
     </span>
     <span class='ocr_line' id='line_1_5' title="bbox 178 471 1937 519; baseline -0.001 -11"><span class='ocrx_word' id='word_1_36' title='bbox 178 475 310 518; x_wconf 85' lang='lat' dir='ltr'>exigua</span> <span class='ocrx_word' id='word_1_37' title='bbox 336 474 453 519; x_wconf 83' lang='lat' dir='ltr'>parari</span> <span class='ocrx_word' id='word_1_38' title='bbox 474 473 588 517; x_wconf 88' lang='lat'>(361).</span> <span class='ocrx_word' id='word_1_39' title='bbox 621 474 745 508; x_wconf 87' lang='lat' dir='ltr'>Denuo</span> <span class='ocrx_word' id='word_1_40' title='bbox 772 473 883 517; x_wconf 88' lang='lat' dir='ltr'>igitur</span> <span class='ocrx_word' id='word_1_41' title='bbox 908 473 1072 518; x_wconf 82' lang='lat' dir='ltr'>pontifex</span> <span class='ocrx_word' id='word_1_42' title='bbox 1099 484 1119 507; x_wconf 88' lang='lat' dir='ltr'>a</span> <span class='ocrx_word' id='word_1_43' title='bbox 1143 473 1325 507; x_wconf 81' lang='lat' dir='ltr'>sodalibus</span> <span class='ocrx_word' id='word_1_44' title='bbox 1350 472 1507 507; x_wconf 85' lang='lat' dir='ltr'>romanis</span> <span class='ocrx_word' id='word_1_45' title='bbox 1532 472 1735 518; x_wconf 86' lang='lat' dir='ltr'>appellatus</span> <span class='ocrx_word' id='word_1_46' title='bbox 1760 474 1827 506; x_wconf 90' lang='lat' dir='ltr'>est.</span> <span class='ocrx_word' id='word_1_47' title='bbox 1868 471 1937 506; x_wconf 88' lang='lat' dir='ltr'>Hic</span> 
     </span>
     <span class='ocr_line' id='line_1_6' title="bbox 178 524 1938 572; baseline -0.001 -11"><span class='ocrx_word' id='word_1_48' title='bbox 178 527 214 562; x_wconf 92' lang='lat' dir='ltr'>in</span> <span class='ocrx_word' id='word_1_49' title='bbox 251 530 433 572; x_wconf 84' lang='lat' dir='ltr'>posterum</span> <span class='ocrx_word' id='word_1_50' title='bbox 471 527 686 572; x_wconf 89' lang='lat' dir='ltr'>praepositis</span> <span class='ocrx_word' id='word_1_51' title='bbox 724 525 1004 571; x_wconf 86' lang='lat' dir='ltr'>provincialibus</span> <span class='ocrx_word' id='word_1_52' title='bbox 1039 529 1075 560; x_wconf 89' lang='lat' dir='ltr'>et</span> <span class='ocrx_word' id='word_1_53' title='bbox 1109 525 1338 570; x_wconf 88' lang='lat' dir='ltr'>collegiorum</span> <span class='ocrx_word' id='word_1_54' title='bbox 1376 525 1575 561; x_wconf 87' lang='lat' dir='ltr'>rectoribus</span> <span class='ocrx_word' id='word_1_55' title='bbox 1611 524 1819 560; x_wconf 75' lang='lat' dir='ltr'>facultatem</span> <span class='ocrx_word' id='word_1_56' title='bbox 1858 535 1938 559; x_wconf 85' lang='lat' dir='ltr'>esse</span> 
     </span>
     <span class='ocr_line' id='line_1_7' title="bbox 179 577 1938 624; baseline -0.001 -10"><span class='ocrx_word' id='word_1_57' title='bbox 179 579 294 615; x_wconf 86' lang='lat' dir='ltr'>voluit</span> <span class='ocrx_word' id='word_1_58' title='bbox 319 579 479 614; x_wconf 88' lang='lat' dir='ltr'>homines</span> <span class='ocrx_word' id='word_1_59' title='bbox 514 579 550 613; x_wconf 89' lang='lat' dir='ltr'>in</span> <span class='ocrx_word' id='word_1_60' title='bbox 576 579 753 614; x_wconf 87' lang='lat' dir='ltr'>haeresim</span> <span class='ocrx_word' id='word_1_61' title='bbox 779 579 942 624; x_wconf 88' lang='lat' dir='ltr'>relapsos</span> <span class='ocrx_word' id='word_1_62' title='bbox 967 578 1186 619; x_wconf 90' lang='lat' dir='ltr'>absolvendi,</span> <span class='ocrx_word' id='word_1_63' title='bbox 1222 579 1273 613; x_wconf 90' lang='lat' dir='ltr'>ita</span> <span class='ocrx_word' id='word_1_64' title='bbox 1301 581 1433 621; x_wconf 84' lang='lat' dir='ltr'>tamen,</span> <span class='ocrx_word' id='word_1_65' title='bbox 1466 581 1508 612; x_wconf 92' lang='lat' dir='ltr'>ut</span> <span class='ocrx_word' id='word_1_66' title='bbox 1541 577 1594 613; x_wconf 93' lang='lat' dir='ltr'>illi</span> <span class='ocrx_word' id='word_1_67' title='bbox 1629 589 1749 612; x_wconf 89' lang='lat' dir='ltr'>coram</span> <span class='ocrx_word' id='word_1_68' title='bbox 1781 577 1938 612; x_wconf 82' lang='lat' dir='ltr'>testibus</span> 
     </span>
     <span class='ocr_line' id='line_1_8' title="bbox 180 630 1940 676; baseline -0.001 -9"><span class='ocrx_word' id='word_1_69' title='bbox 180 643 318 668; x_wconf 90' lang='lat' dir='ltr'>errores</span> <span class='ocrx_word' id='word_1_70' title='bbox 342 635 582 667; x_wconf 81' lang='lat' dir='ltr'>retractarent</span> <span class='ocrx_word' id='word_1_71' title='bbox 608 635 644 666; x_wconf 92' lang='lat' dir='ltr'>et</span> <span class='ocrx_word' id='word_1_72' title='bbox 669 632 936 666; x_wconf 82' lang='lat' dir='ltr'>retractationis</span> <span class='ocrx_word' id='word_1_73' title='bbox 962 631 1102 666; x_wconf 85' lang='lat' dir='ltr'>litteras</span> <span class='ocrx_word' id='word_1_74' title='bbox 1129 634 1192 666; x_wconf 89' lang='lat' dir='ltr'>aut</span> <span class='ocrx_word' id='word_1_75' title='bbox 1216 632 1295 676; x_wconf 86' lang='lat' dir='ltr'>ipsi,</span> <span class='ocrx_word' id='word_1_76' title='bbox 1332 633 1404 673; x_wconf 88' lang='lat' dir='ltr'>aut,</span> <span class='ocrx_word' id='word_1_77' title='bbox 1438 631 1469 666; x_wconf 88' lang='lat' dir='ltr'>si</span> <span class='ocrx_word' id='word_1_78' title='bbox 1495 643 1564 665; x_wconf 89' lang='lat' dir='ltr'>non</span> <span class='ocrx_word' id='word_1_79' title='bbox 1591 633 1737 676; x_wconf 83' lang='lat' dir='ltr'>possent</span> <span class='ocrx_word' id='word_1_80' title='bbox 1762 630 1841 675; x_wconf 89' lang='lat' dir='ltr'>ipsi,</span> <span class='ocrx_word' id='word_1_81' title='bbox 1877 641 1940 676; x_wconf 88' lang='lat' dir='ltr'>per</span> 
     </span>
     <span class='ocr_line' id='line_1_9' title="bbox 179 684 1939 729; baseline -0.001 -9"><span class='ocrx_word' id='word_1_82' title='bbox 179 686 268 721; x_wconf 88' lang='lat' dir='ltr'>alios</span> <span class='ocrx_word' id='word_1_83' title='bbox 293 685 562 721; x_wconf 85' lang='lat' dir='ltr'>subscriberent</span> <span class='ocrx_word' id='word_1_84' title='bbox 589 685 702 728; x_wconf 85' lang='lat'>(375).</span> <span class='ocrx_word' id='word_1_85' title='bbox 737 685 790 720; x_wconf 90' lang='lat' dir='ltr'>Ne</span> <span class='ocrx_word' id='word_1_86' title='bbox 814 685 867 719; x_wconf 87' lang='lat' dir='ltr'>ita</span> <span class='ocrx_word' id='word_1_87' title='bbox 884 685 1028 729; x_wconf 91' lang='lat' dir='ltr'>quidem</span> <span class='ocrx_word' id='word_1_88' title='bbox 1048 684 1306 719; x_wconf 84' lang='lat' dir='ltr'>Germanorum</span> <span class='ocrx_word' id='word_1_89' title='bbox 1331 685 1540 720; x_wconf 84' lang='lat' dir='ltr'>necessitati</span> <span class='ocrx_word' id='word_1_90' title='bbox 1565 684 1732 719; x_wconf 87' lang='lat' dir='ltr'>satisfieri</span> <span class='ocrx_word' id='word_1_91' title='bbox 1759 695 1864 729; x_wconf 88' lang='lat' dir='ltr'>posse</span> <span class='ocrx_word' id='word_1_92' title='bbox 1886 695 1939 718; x_wconf 89' lang='lat' dir='ltr'>re-</span> 
     </span>
     <span class='ocr_line' id='line_1_10' title="bbox 178 736 1940 784; baseline -0.002 -10"><span class='ocrx_word' id='word_1_93' title='bbox 178 739 323 784; x_wconf 89' lang='lat' dir='ltr'>spondit</span> <span class='ocrx_word' id='word_1_94' title='bbox 341 738 507 773; x_wconf 89' lang='lat' dir='ltr'>Canisius</span> <span class='ocrx_word' id='word_1_95' title='bbox 527 738 647 782; x_wconf 85' lang='lat'>(435);</span> <span class='ocrx_word' id='word_1_96' title='bbox 675 739 704 772; x_wconf 89' lang='lat' dir='ltr'>si</span> <span class='ocrx_word' id='word_1_97' title='bbox 724 738 817 772; x_wconf 90' lang='lat' dir='ltr'>enim</span> <span class='ocrx_word' id='word_1_98' title='bbox 841 737 893 771; x_wconf 88' lang='lat' dir='ltr'>illi</span> <span class='ocrx_word' id='word_1_99' title='bbox 911 738 955 772; x_wconf 91' lang='lat' dir='ltr'>de</span> <span class='ocrx_word' id='word_1_100' title='bbox 972 737 1126 772; x_wconf 88' lang='lat' dir='ltr'>testibus</span> <span class='ocrx_word' id='word_1_101' title='bbox 1145 738 1369 773; x_wconf 86' lang='lat' dir='ltr'>arcessendis</span> <span class='ocrx_word' id='word_1_102' title='bbox 1394 740 1431 773; x_wconf 88' lang='lat' dir='ltr'>et</span> <span class='ocrx_word' id='word_1_103' title='bbox 1448 738 1491 772; x_wconf 94' lang='lat' dir='ltr'>de</span> <span class='ocrx_word' id='word_1_104' title='bbox 1516 738 1649 772; x_wconf 86' lang='lat' dir='ltr'>litteris</span> <span class='ocrx_word' id='word_1_105' title='bbox 1674 736 1940 772; x_wconf 89' lang='lat' dir='ltr'>conscribendis</span> 
     </span>
     <span class='ocr_line' id='line_1_11' title="bbox 179 790 1941 836; baseline -0.001 -10"><span class='ocrx_word' id='word_1_106' title='bbox 179 793 418 832; x_wconf 88' lang='lat' dir='ltr'>monerentur,</span> <span class='ocrx_word' id='word_1_107' title='bbox 442 803 564 826; x_wconf 90' lang='lat' dir='ltr'>eorum</span> <span class='ocrx_word' id='word_1_108' title='bbox 581 792 719 825; x_wconf 89' lang='lat' dir='ltr'>animos</span> <span class='ocrx_word' id='word_1_109' title='bbox 738 791 986 836; x_wconf 88' lang='lat' dir='ltr'>perturbatum</span> <span class='ocrx_word' id='word_1_110' title='bbox 1006 790 1048 825; x_wconf 90' lang='lat' dir='ltr'>iri</span> <span class='ocrx_word' id='word_1_111' title='bbox 1070 791 1188 834; x_wconf 88' lang='lat'>(400);</span> <span class='ocrx_word' id='word_1_112' title='bbox 1215 791 1396 832; x_wconf 85' lang='lat' dir='ltr'>accedere,</span> <span class='ocrx_word' id='word_1_113' title='bbox 1423 791 1515 835; x_wconf 93' lang='lat' dir='ltr'>quod</span> <span class='ocrx_word' id='word_1_114' title='bbox 1534 791 1764 834; x_wconf 87' lang='lat' dir='ltr'>collegiorum</span> <span class='ocrx_word' id='word_1_115' title='bbox 1782 791 1941 824; x_wconf 88' lang='lat' dir='ltr'>rectores</span> 
     </span>
     <span class='ocr_line' id='line_1_12' title="bbox 181 843 1941 890; baseline -0.001 -10"><span class='ocrx_word' id='word_1_116' title='bbox 181 845 223 880; x_wconf 91' lang='lat' dir='ltr'>ad</span> <span class='ocrx_word' id='word_1_117' title='bbox 259 845 482 890; x_wconf 86' lang='lat' dir='ltr'>relapsorum</span> <span class='ocrx_word' id='word_1_118' title='bbox 521 844 763 879; x_wconf 86' lang='lat' dir='ltr'>confessiones</span> <span class='ocrx_word' id='word_1_119' title='bbox 789 843 1019 889; x_wconf 85' lang='lat' dir='ltr'>excipiendas</span> <span class='ocrx_word' id='word_1_120' title='bbox 1044 845 1163 878; x_wconf 90' lang='lat' dir='ltr'>minus</span> <span class='ocrx_word' id='word_1_121' title='bbox 1197 847 1319 879; x_wconf 89' lang='lat' dir='ltr'>essent</span> <span class='ocrx_word' id='word_1_122' title='bbox 1344 844 1473 879; x_wconf 91' lang='lat' dir='ltr'>idonei.</span> <span class='ocrx_word' id='word_1_123' title='bbox 1527 844 1680 886; x_wconf 77' lang='lat' dir='ltr'>„Verum</span> <span class='ocrx_word' id='word_1_124' title='bbox 1714 844 1803 878; x_wconf 87' lang='lat' dir='ltr'>haec</span> <span class='ocrx_word' id='word_1_125' title='bbox 1837 843 1941 878; x_wconf 82' lang='lat' dir='ltr'>salva</span> 
     </span>
     <span class='ocr_line' id='line_1_13' title="bbox 181 895 1939 944; baseline -0.002 -11"><span class='ocrx_word' id='word_1_126' title='bbox 181 910 322 944; x_wconf 88' lang='lat' dir='ltr'>semper</span> <span class='ocrx_word' id='word_1_127' title='bbox 356 898 556 932; x_wconf 88' lang='lat' dir='ltr'>obedientia</span> <span class='ocrx_word' id='word_1_128' title='bbox 591 900 626 931; x_wconf 90' lang='lat' dir='ltr'>et</span> <span class='ocrx_word' id='word_1_129' title='bbox 662 897 865 931; x_wconf 88' lang='lat' dir='ltr'>reverentia</span> <span class='ocrx_word' id='word_1_130' title='bbox 899 896 1051 931; x_wconf 84' lang='lat' dir='ltr'>Sanctae</span> <span class='ocrx_word' id='word_1_131' title='bbox 1086 896 1168 931; x_wconf 85' lang='lat' dir='ltr'>Sedi</span> <span class='ocrx_word' id='word_1_132' title='bbox 1204 897 1432 943; x_wconf 80' lang='lat' dir='ltr'>Apostolicae</span> <span class='ocrx_word' id='word_1_133' title='bbox 1467 897 1588 932; x_wconf 90' lang='lat' dir='ltr'>debita</span> <span class='ocrx_word' id='word_1_134' title='bbox 1622 896 1793 932; x_wconf 76' lang='lat' dir='ltr'>dixerim⁴⁴</span> <span class='ocrx_word' id='word_1_135' title='bbox 1825 895 1939 940; x_wconf 87' lang='lat'>(400).</span> 
     </span>
     <span class='ocr_line' id='line_1_14' title="bbox 180 948 1941 996; baseline -0.002 -10"><span class='ocrx_word' id='word_1_136' title='bbox 180 951 328 996; x_wconf 87' lang='lat' dir='ltr'>Aliquot</span> <span class='ocrx_word' id='word_1_137' title='bbox 361 950 593 985; x_wconf 81' lang='lat' dir='ltr'>hebdomadis</span> <span class='ocrx_word' id='word_1_138' title='bbox 629 952 710 994; x_wconf 87' lang='lat' dir='ltr'>post</span> <span class='ocrx_word' id='word_1_139' title='bbox 743 949 907 984; x_wconf 83' lang='lat' dir='ltr'>Canisius</span> <span class='ocrx_word' id='word_1_140' title='bbox 942 950 1057 984; x_wconf 92' lang='lat' dir='ltr'>denuo</span> <span class='ocrx_word' id='word_1_141' title='bbox 1089 950 1242 994; x_wconf 85' lang='lat' dir='ltr'>Borgiae</span> <span class='ocrx_word' id='word_1_142' title='bbox 1275 951 1406 985; x_wconf 89' lang='lat' dir='ltr'>instat:</span> <span class='ocrx_word' id='word_1_143' title='bbox 1446 949 1518 992; x_wconf 91' lang='lat' dir='ltr'>„Ne</span> <span class='ocrx_word' id='word_1_144' title='bbox 1552 950 1793 995; x_wconf 87' lang='lat' dir='ltr'>impediantur</span> <span class='ocrx_word' id='word_1_145' title='bbox 1826 948 1941 983; x_wconf 86' lang='lat' dir='ltr'>nostri</span> 
     </span>
     <span class='ocr_line' id='line_1_15' title="bbox 182 1002 1941 1048; baseline -0.002 -10"><span class='ocrx_word' id='word_1_146' title='bbox 182 1003 381 1038; x_wconf 87' lang='lat' dir='ltr'>Germanos</span> <span class='ocrx_word' id='word_1_147' title='bbox 405 1003 477 1038; x_wconf 94' lang='lat' dir='ltr'>Deo</span> <span class='ocrx_word' id='word_1_148' title='bbox 504 1006 540 1037; x_wconf 90' lang='lat' dir='ltr'>et</span> <span class='ocrx_word' id='word_1_149' title='bbox 565 1003 737 1037; x_wconf 90' lang='lat' dir='ltr'>ecclesiae</span> <span class='ocrx_word' id='word_1_150' title='bbox 763 1002 975 1038; x_wconf 88' lang='lat' dir='ltr'>lucrifacere</span> <span class='ocrx_word' id='word_1_151' title='bbox 1001 1005 1037 1037; x_wconf 91' lang='lat' dir='ltr'>et</span> <span class='ocrx_word' id='word_1_152' title='bbox 1063 1003 1267 1038; x_wconf 86' lang='lat' dir='ltr'>errantibus</span> <span class='ocrx_word' id='word_1_153' title='bbox 1284 1015 1496 1048; x_wconf 86' lang='lat' dir='ltr'>quacunque</span> <span class='ocrx_word' id='word_1_154' title='bbox 1521 1002 1659 1038; x_wconf 89' lang='lat' dir='ltr'>ratione</span> <span class='ocrx_word' id='word_1_155' title='bbox 1685 1002 1852 1038; x_wconf 87' lang='lat' dir='ltr'>auxiliari</span> <span class='ocrx_word' id='word_1_156' title='bbox 1877 1013 1941 1046; x_wconf 90' lang='lat' dir='ltr'>pro</span> 
     </span>
     <span class='ocr_line' id='line_1_16' title="bbox 181 1055 1942 1101; baseline -0.002 -10"><span class='ocrx_word' id='word_1_157' title='bbox 181 1057 287 1091; x_wconf 89' lang='lat' dir='ltr'>huius</span> <span class='ocrx_word' id='word_1_158' title='bbox 313 1056 512 1091; x_wconf 83' lang='lat' dir='ltr'>calamitosi</span> <span class='ocrx_word' id='word_1_159' title='bbox 538 1056 708 1100; x_wconf 88' lang='lat' dir='ltr'>temporis</span> <span class='ocrx_word' id='word_1_160' title='bbox 735 1058 770 1090; x_wconf 85' lang='lat' dir='ltr'>et</span> <span class='ocrx_word' id='word_1_161' title='bbox 804 1055 872 1090; x_wconf 92' lang='lat' dir='ltr'>loci</span> <span class='ocrx_word' id='word_1_162' title='bbox 899 1057 1055 1098; x_wconf 90' lang='lat' dir='ltr'>ratione,</span> <span class='ocrx_word' id='word_1_163' title='bbox 1091 1067 1182 1100; x_wconf 88' lang='lat' dir='ltr'>quae</span> <span class='ocrx_word' id='word_1_164' title='bbox 1206 1068 1276 1091; x_wconf 91' lang='lat' dir='ltr'>non</span> <span class='ocrx_word' id='word_1_165' title='bbox 1301 1056 1389 1091; x_wconf 90' lang='lat' dir='ltr'>sinit</span> <span class='ocrx_word' id='word_1_166' title='bbox 1421 1057 1630 1101; x_wconf 91' lang='lat' dir='ltr'>frequenter</span> <span class='ocrx_word' id='word_1_167' title='bbox 1655 1056 1749 1101; x_wconf 88' lang='lat' dir='ltr'>apud</span> <span class='ocrx_word' id='word_1_168' title='bbox 1775 1058 1942 1100; x_wconf 89' lang='lat' dir='ltr'>aegrotos</span> 
     </span>
     <span class='ocr_line' id='line_1_17' title="bbox 182 1107 1941 1154; baseline -0.002 -10"><span class='ocrx_word' id='word_1_169' title='bbox 182 1109 363 1154; x_wconf 83' lang='lat' dir='ltr'>asperiora</span> <span class='ocrx_word' id='word_1_170' title='bbox 388 1109 451 1143; x_wconf 89' lang='lat' dir='ltr'>illa</span> <span class='ocrx_word' id='word_1_171' title='bbox 476 1108 641 1150; x_wconf 87' lang='lat' dir='ltr'>remedia,</span> <span class='ocrx_word' id='word_1_172' title='bbox 677 1120 769 1153; x_wconf 88' lang='lat' dir='ltr'>quae</span> <span class='ocrx_word' id='word_1_173' title='bbox 795 1108 880 1143; x_wconf 87' lang='lat' dir='ltr'>alibi</span> <span class='ocrx_word' id='word_1_174' title='bbox 905 1109 1039 1151; x_wconf 85' lang='lat' dir='ltr'>valent,</span> <span class='ocrx_word' id='word_1_175' title='bbox 1066 1109 1232 1154; x_wconf 82' lang='lat' dir='ltr'>experiri.</span> <span class='ocrx_word' id='word_1_176' title='bbox 1267 1110 1386 1154; x_wconf 87' lang='lat' dir='ltr'>Atque</span> <span class='ocrx_word' id='word_1_177' title='bbox 1411 1109 1500 1144; x_wconf 87' lang='lat' dir='ltr'>haec</span> <span class='ocrx_word' id='word_1_178' title='bbox 1525 1109 1643 1144; x_wconf 91' lang='lat' dir='ltr'>omnia</span> <span class='ocrx_word' id='word_1_179' title='bbox 1668 1108 1770 1143; x_wconf 88' lang='lat' dir='ltr'>salvo</span> <span class='ocrx_word' id='word_1_180' title='bbox 1795 1107 1941 1143; x_wconf 89' lang='lat' dir='ltr'>meliore</span> 
     </span>
     <span class='ocr_line' id='line_1_18' title="bbox 183 1160 1942 1207; baseline -0.001 -11"><span class='ocrx_word' id='word_1_181' title='bbox 183 1163 311 1197; x_wconf 87' lang='lat' dir='ltr'>iudicio</span> <span class='ocrx_word' id='word_1_182' title='bbox 338 1164 374 1196; x_wconf 89' lang='lat' dir='ltr'>et</span> <span class='ocrx_word' id='word_1_183' title='bbox 408 1174 486 1196; x_wconf 88' lang='lat' dir='ltr'>cum</span> <span class='ocrx_word' id='word_1_184' title='bbox 522 1161 642 1196; x_wconf 85' lang='lat' dir='ltr'>debita</span> <span class='ocrx_word' id='word_1_185' title='bbox 668 1161 820 1196; x_wconf 82' lang='lat' dir='ltr'>Sanctae</span> <span class='ocrx_word' id='word_1_186' title='bbox 847 1160 929 1196; x_wconf 90' lang='lat' dir='ltr'>Sedi</span> <span class='ocrx_word' id='word_1_187' title='bbox 955 1162 1184 1207; x_wconf 88' lang='lat' dir='ltr'>Apostolicae</span> <span class='ocrx_word' id='word_1_188' title='bbox 1209 1162 1414 1197; x_wconf 84' lang='lat' dir='ltr'>reverentia</span> <span class='ocrx_word' id='word_1_189' title='bbox 1443 1162 1538 1197; x_wconf 89' lang='lat' dir='ltr'>dicta</span> <span class='ocrx_word' id='word_1_190' title='bbox 1563 1162 1692 1196; x_wconf 82' lang='lat' dir='ltr'>velim“</span> <span class='ocrx_word' id='word_1_191' title='bbox 1723 1161 1837 1205; x_wconf 85' lang='lat'>(453).</span> <span class='ocrx_word' id='word_1_192' title='bbox 1887 1161 1942 1195; x_wconf 90' lang='lat' dir='ltr'>Ita</span> 
     </span>
     <span class='ocr_line' id='line_1_19' title="bbox 183 1215 1942 1259; baseline -0.001 -10"><span class='ocrx_word' id='word_1_193' title='bbox 183 1216 332 1259; x_wconf 86' lang='lat' dir='ltr'>Borgias</span> <span class='ocrx_word' id='word_1_194' title='bbox 366 1226 497 1250; x_wconf 88' lang='lat' dir='ltr'>novam</span> <span class='ocrx_word' id='word_1_195' title='bbox 534 1226 636 1249; x_wconf 90' lang='lat' dir='ltr'>orsus</span> <span class='ocrx_word' id='word_1_196' title='bbox 675 1217 730 1249; x_wconf 89' lang='lat' dir='ltr'>est</span> <span class='ocrx_word' id='word_1_197' title='bbox 764 1226 894 1249; x_wconf 87' lang='lat' dir='ltr'>causae</span> <span class='ocrx_word' id='word_1_198' title='bbox 928 1215 1181 1250; x_wconf 86' lang='lat' dir='ltr'>tractationem</span> <span class='ocrx_word' id='word_1_199' title='bbox 1216 1216 1302 1259; x_wconf 85' lang='lat'>(384</span> <span class='ocrx_word' id='word_1_200' title='bbox 1332 1216 1401 1250; x_wconf 88' lang='lat'>463</span> <span class='ocrx_word' id='word_1_201' title='bbox 1436 1215 1538 1259; x_wconf 86' lang='grc'><strong>482);</strong></span> <span class='ocrx_word' id='word_1_202' title='bbox 1577 1215 1771 1250; x_wconf 88' lang='lat' dir='ltr'>cardinalis</span> <span class='ocrx_word' id='word_1_203' title='bbox 1801 1225 1942 1259; x_wconf 92' lang='lat' dir='ltr'>quoque</span> 
     </span>
     <span class='ocr_line' id='line_1_20' title="bbox 183 1267 1942 1313; baseline -0.001 -11"><span class='ocrx_word' id='word_1_204' title='bbox 183 1268 382 1302; x_wconf 75' lang='lat' dir='ltr'>&#39;l‘ruchsess</span> <span class='ocrx_word' id='word_1_205' title='bbox 418 1267 641 1313; x_wconf 85' lang='lat' dir='ltr'>procuratori</span> <span class='ocrx_word' id='word_1_206' title='bbox 679 1279 743 1302; x_wconf 90' lang='lat' dir='ltr'>suo</span> <span class='ocrx_word' id='word_1_207' title='bbox 781 1278 928 1302; x_wconf 88' lang='lat' dir='ltr'>romano</span> <span class='ocrx_word' id='word_1_208' title='bbox 964 1268 1146 1311; x_wconf 86' lang='lat' dir='ltr'>negotium</span> <span class='ocrx_word' id='word_1_209' title='bbox 1183 1269 1276 1303; x_wconf 91' lang='lat' dir='ltr'>serio</span> <span class='ocrx_word' id='word_1_210' title='bbox 1314 1268 1578 1303; x_wconf 86' lang='lat' dir='ltr'>commendavit</span> <span class='ocrx_word' id='word_1_211' title='bbox 1613 1268 1728 1311; x_wconf 82' lang='lat'>(397).</span> <span class='ocrx_word' id='word_1_212' title='bbox 1783 1267 1942 1302; x_wconf 87' lang='lat' dir='ltr'>Tandem</span> 
     </span>
     <span class='ocr_line' id='line_1_21' title="bbox 185 1320 1942 1366; baseline -0.001 -11"><span class='ocrx_word' id='word_1_213' title='bbox 185 1321 333 1365; x_wconf 88' lang='lat' dir='ltr'>Borgias</span> <span class='ocrx_word' id='word_1_214' title='bbox 352 1320 493 1355; x_wconf 86' lang='lat' dir='ltr'>Canisio</span> <span class='ocrx_word' id='word_1_215' title='bbox 511 1320 717 1355; x_wconf 87' lang='lat' dir='ltr'>renuntiare</span> <span class='ocrx_word' id='word_1_216' title='bbox 743 1321 878 1366; x_wconf 89' lang='lat' dir='ltr'>potuit:</span> <span class='ocrx_word' id='word_1_217' title='bbox 906 1321 981 1355; x_wconf 90' lang='lat' dir='ltr'>Iam</span> <span class='ocrx_word' id='word_1_218' title='bbox 999 1321 1121 1356; x_wconf 88' lang='lat' dir='ltr'>Socios</span> <span class='ocrx_word' id='word_1_219' title='bbox 1140 1321 1174 1355; x_wconf 91' lang='lat' dir='ltr'>in</span> <span class='ocrx_word' id='word_1_220' title='bbox 1193 1321 1394 1356; x_wconf 84' lang='lat' dir='ltr'>haereticos</span> <span class='ocrx_word' id='word_1_221' title='bbox 1419 1332 1551 1362; x_wconf 89' lang='lat' dir='ltr'>omnes,</span> <span class='ocrx_word' id='word_1_222' title='bbox 1579 1321 1686 1355; x_wconf 90' lang='lat' dir='ltr'>etiam</span> <span class='ocrx_word' id='word_1_223' title='bbox 1710 1321 1744 1355; x_wconf 92' lang='lat' dir='ltr'>in</span> <span class='ocrx_word' id='word_1_224' title='bbox 1771 1320 1942 1365; x_wconf 84' lang='lat' dir='ltr'>relapsos,</span> 
     </span>
     <span class='ocr_line' id='line_1_22' title="bbox 184 1373 1942 1419; baseline -0.001 -10"><span class='ocrx_word' id='word_1_225' title='bbox 184 1373 441 1409; x_wconf 87' lang='lat' dir='ltr'>absolutionem</span> <span class='ocrx_word' id='word_1_226' title='bbox 467 1374 591 1408; x_wconf 89' lang='lat' dir='ltr'>eadem</span> <span class='ocrx_word' id='word_1_227' title='bbox 618 1374 754 1408; x_wconf 90' lang='lat' dir='ltr'>ratione</span> <span class='ocrx_word' id='word_1_228' title='bbox 781 1374 943 1409; x_wconf 89' lang='lat' dir='ltr'>conferre</span> <span class='ocrx_word' id='word_1_229' title='bbox 969 1385 1086 1419; x_wconf 84' lang='lat' dir='ltr'>posse,</span> <span class='ocrx_word' id='word_1_230' title='bbox 1113 1386 1184 1419; x_wconf 89' lang='lat' dir='ltr'>qua</span> <span class='ocrx_word' id='word_1_231' title='bbox 1209 1377 1316 1409; x_wconf 89' lang='lat' dir='ltr'>antea</span> <span class='ocrx_word' id='word_1_232' title='bbox 1334 1386 1415 1409; x_wconf 88' lang='lat' dir='ltr'>eam</span> <span class='ocrx_word' id='word_1_233' title='bbox 1431 1374 1686 1414; x_wconf 86' lang='lat' dir='ltr'>contulissent;</span> <span class='ocrx_word' id='word_1_234' title='bbox 1714 1385 1774 1408; x_wconf 91' lang='lat' dir='ltr'>eos</span> <span class='ocrx_word' id='word_1_235' title='bbox 1790 1376 1942 1412; x_wconf 86' lang='lat' dir='ltr'>tantum,</span> 
     </span>
     <span class='ocr_line' id='line_1_23' title="bbox 185 1427 1623 1473; baseline 0 -11"><span class='ocrx_word' id='word_1_236' title='bbox 185 1427 245 1472; x_wconf 90' lang='lat' dir='ltr'>qui</span> <span class='ocrx_word' id='word_1_237' title='bbox 271 1427 448 1462; x_wconf 86' lang='lat' dir='ltr'>haeresim</span> <span class='ocrx_word' id='word_1_238' title='bbox 474 1427 592 1472; x_wconf 86' lang='lat' dir='ltr'>palam</span> <span class='ocrx_word' id='word_1_239' title='bbox 619 1427 882 1472; x_wconf 88' lang='lat' dir='ltr'>profiterentur,</span> <span class='ocrx_word' id='word_1_240' title='bbox 909 1427 953 1462; x_wconf 90' lang='lat' dir='ltr'>ad</span> <span class='ocrx_word' id='word_1_241' title='bbox 980 1427 1166 1473; x_wconf 89' lang='lat' dir='ltr'>episcopos</span> <span class='ocrx_word' id='word_1_242' title='bbox 1191 1427 1326 1462; x_wconf 88' lang='lat' dir='ltr'>remitti</span> <span class='ocrx_word' id='word_1_243' title='bbox 1351 1427 1481 1462; x_wconf 89' lang='lat' dir='ltr'>debere</span> <span class='ocrx_word' id='word_1_244' title='bbox 1509 1427 1623 1471; x_wconf 82' lang='lat'>(486).</span> 
     </span>
    </p>

    <p class='ocr_par' dir='ltr' id='par_1_3' title="bbox 185 1478 1944 1790">
     <span class='ocr_line' id='line_1_24' title="bbox 302 1478 1942 1525; baseline -0.001 -11"><span class='ocrx_word' id='word_1_245' title='bbox 302 1480 423 1524; x_wconf 88' lang='lat' dir='ltr'>Longe</span> <span class='ocrx_word' id='word_1_246' title='bbox 448 1482 579 1521; x_wconf 89' lang='lat' dir='ltr'>tamen,</span> <span class='ocrx_word' id='word_1_247' title='bbox 617 1483 657 1515; x_wconf 91' lang='lat' dir='ltr'>ut</span> <span class='ocrx_word' id='word_1_248' title='bbox 691 1481 761 1515; x_wconf 90' lang='lat' dir='ltr'>iam</span> <span class='ocrx_word' id='word_1_249' title='bbox 797 1480 888 1515; x_wconf 90' lang='lat' dir='ltr'>satis</span> <span class='ocrx_word' id='word_1_250' title='bbox 914 1480 1064 1522; x_wconf 89' lang='lat' dir='ltr'>ostendi,</span> <span class='ocrx_word' id='word_1_251' title='bbox 1100 1480 1234 1522; x_wconf 87' lang='lat' dir='ltr'>aberat,</span> <span class='ocrx_word' id='word_1_252' title='bbox 1269 1483 1310 1515; x_wconf 92' lang='lat' dir='ltr'>ut</span> <span class='ocrx_word' id='word_1_253' title='bbox 1336 1480 1421 1515; x_wconf 82' lang='lat' dir='ltr'>Pius</span> <span class='ocrx_word' id='word_1_254' title='bbox 1448 1480 1490 1516; x_wconf 86' lang='lat' dir='ltr'>V.</span> <span class='ocrx_word' id='word_1_255' title='bbox 1517 1480 1679 1525; x_wconf 81' lang='lat' dir='ltr'>pontifex</span> <span class='ocrx_word' id='word_1_256' title='bbox 1708 1479 1808 1523; x_wconf 88' lang='lat' dir='ltr'>leges</span> <span class='ocrx_word' id='word_1_257' title='bbox 1834 1478 1942 1513; x_wconf 88' lang='lat' dir='ltr'>eccle·</span> 
     </span>
     <span class='ocr_line' id='line_1_25' title="bbox 185 1533 1942 1579; baseline -0.001 -11"><span class='ocrx_word' id='word_1_258' title='bbox 185 1534 352 1568; x_wconf 87' lang='lat' dir='ltr'>siasticas</span> <span class='ocrx_word' id='word_1_259' title='bbox 378 1537 512 1568; x_wconf 89' lang='lat' dir='ltr'>temere</span> <span class='ocrx_word' id='word_1_260' title='bbox 537 1534 739 1575; x_wconf 78' lang='lat' dir='ltr'>relaxaret;</span> <span class='ocrx_word' id='word_1_261' title='bbox 765 1533 928 1578; x_wconf 85' lang='lat' dir='ltr'>exemplo</span> <span class='ocrx_word' id='word_1_262' title='bbox 954 1545 1034 1568; x_wconf 90' lang='lat' dir='ltr'>esse</span> <span class='ocrx_word' id='word_1_263' title='bbox 1058 1536 1178 1579; x_wconf 80' lang='lat' dir='ltr'>potest</span> <span class='ocrx_word' id='word_1_264' title='bbox 1195 1534 1308 1568; x_wconf 87' lang='lat' dir='ltr'>Index</span> <span class='ocrx_word' id='word_1_265' title='bbox 1326 1545 1468 1578; x_wconf 86' lang='lat' dir='ltr'>quoque</span> <span class='ocrx_word' id='word_1_266' title='bbox 1487 1533 1655 1568; x_wconf 89' lang='lat' dir='ltr'>librorum</span> <span class='ocrx_word' id='word_1_267' title='bbox 1674 1533 1942 1578; x_wconf 89' lang='lat' dir='ltr'>prohibitorum.</span> 
     </span>
     <span class='ocr_line' id='line_1_26' title="bbox 185 1585 1944 1632; baseline -0.001 -11"><span class='ocrx_word' id='word_1_268' title='bbox 185 1586 319 1621; x_wconf 85' lang='lat' dir='ltr'>Romae</span> <span class='ocrx_word' id='word_1_269' title='bbox 345 1587 452 1621; x_wconf 88' lang='lat' dir='ltr'>etiam</span> <span class='ocrx_word' id='word_1_270' title='bbox 480 1586 652 1632; x_wconf 87' lang='lat' dir='ltr'>praelatis</span> <span class='ocrx_word' id='word_1_271' title='bbox 676 1587 845 1621; x_wconf 90' lang='lat' dir='ltr'>librorum</span> <span class='ocrx_word' id='word_1_272' title='bbox 869 1587 1130 1622; x_wconf 88' lang='lat' dir='ltr'>haereticorum</span> <span class='ocrx_word' id='word_1_273' title='bbox 1149 1587 1379 1630; x_wconf 85' lang='lat' dir='ltr'>legendorum</span> <span class='ocrx_word' id='word_1_274' title='bbox 1398 1586 1553 1621; x_wconf 89' lang='lat' dir='ltr'>facultas</span> <span class='ocrx_word' id='word_1_275' title='bbox 1570 1597 1822 1630; x_wconf 88' lang='lat' dir='ltr'>nonnunquam</span> <span class='ocrx_word' id='word_1_276' title='bbox 1842 1585 1944 1620; x_wconf 90' lang='lat' dir='ltr'>dene-</span> 
     </span>
     <span class='ocr_line' id='line_1_27' title="bbox 187 1638 1943 1684; baseline -0.001 -10"><span class='ocrx_word' id='word_1_277' title='bbox 187 1640 339 1683; x_wconf 88' lang='lat' dir='ltr'>gabatur</span> <span class='ocrx_word' id='word_1_278' title='bbox 355 1639 469 1682; x_wconf 84' lang='lat'>(315).</span> <span class='ocrx_word' id='word_1_279' title='bbox 495 1640 582 1675; x_wconf 88' lang='lat' dir='ltr'>Cum</span> <span class='ocrx_word' id='word_1_280' title='bbox 599 1640 653 1674; x_wconf 91' lang='lat' dir='ltr'>vir</span> <span class='ocrx_word' id='word_1_281' title='bbox 667 1640 812 1684; x_wconf 88' lang='lat' dir='ltr'>quidam</span> <span class='ocrx_word' id='word_1_282' title='bbox 826 1639 964 1682; x_wconf 86' lang='lat' dir='ltr'>nobilis,</span> <span class='ocrx_word' id='word_1_283' title='bbox 980 1640 1117 1681; x_wconf 86' lang='lat' dir='ltr'>doctus,</span> <span class='ocrx_word' id='word_1_284' title='bbox 1132 1651 1217 1674; x_wconf 87' lang='lat' dir='ltr'>vere</span> <span class='ocrx_word' id='word_1_285' title='bbox 1232 1639 1440 1681; x_wconf 85' lang='lat' dir='ltr'>catholicus,</span> <span class='ocrx_word' id='word_1_286' title='bbox 1455 1639 1634 1674; x_wconf 91' lang='lat' dir='ltr'>Monachii</span> <span class='ocrx_word' id='word_1_287' title='bbox 1648 1640 1781 1683; x_wconf 87' lang='lat' dir='ltr'>degens</span> <span class='ocrx_word' id='word_1_288' title='bbox 1795 1638 1943 1673; x_wconf 88' lang='lat' dir='ltr'>eandem</span> 
     </span>
     <span class='ocr_line' id='line_1_28' title="bbox 186 1691 1944 1738; baseline -0.001 -10"><span class='ocrx_word' id='word_1_289' title='bbox 186 1693 398 1728; x_wconf 85' lang='lat' dir='ltr'>facultatem</span> <span class='ocrx_word' id='word_1_290' title='bbox 424 1694 586 1737; x_wconf 86' lang='lat' dir='ltr'>petisset,</span> <span class='ocrx_word' id='word_1_291' title='bbox 611 1693 699 1737; x_wconf 53' lang='lat' dir='ltr'>,Pius</span> <span class='ocrx_word' id='word_1_292' title='bbox 721 1693 915 1738; x_wconf 81' lang='lat' dir='ltr'>respondit,</span> <span class='ocrx_word' id='word_1_293' title='bbox 941 1705 980 1727; x_wconf 90' lang='lat' dir='ltr'>se</span> <span class='ocrx_word' id='word_1_294' title='bbox 998 1693 1042 1727; x_wconf 91' lang='lat' dir='ltr'>ob</span> <span class='ocrx_word' id='word_1_295' title='bbox 1059 1693 1094 1727; x_wconf 91' lang='lat' dir='ltr'>id</span> <span class='ocrx_word' id='word_1_296' title='bbox 1113 1694 1241 1738; x_wconf 89' lang='lat' dir='ltr'>ipsum,</span> <span class='ocrx_word' id='word_1_297' title='bbox 1267 1692 1359 1737; x_wconf 87' lang='lat' dir='ltr'>quod</span> <span class='ocrx_word' id='word_1_298' title='bbox 1378 1693 1488 1727; x_wconf 86' lang='lat' dir='ltr'>sciret</span> <span class='ocrx_word' id='word_1_299' title='bbox 1505 1704 1585 1727; x_wconf 92' lang='lat' dir='ltr'>eum</span> <span class='ocrx_word' id='word_1_300' title='bbox 1603 1692 1711 1738; x_wconf 91' lang='lat' dir='ltr'>probe</span> <span class='ocrx_word' id='word_1_301' title='bbox 1728 1691 1944 1727; x_wconf 84' lang='lat' dir='ltr'>catholicum</span> 
     </span>
     <span class='ocr_line' id='line_1_29' title="bbox 188 1745 1896 1790; baseline -0.001 -10"><span class='ocrx_word' id='word_1_302' title='bbox 188 1757 276 1787; x_wconf 90' lang='lat' dir='ltr'>esse,</span> <span class='ocrx_word' id='word_1_303' title='bbox 303 1746 511 1780; x_wconf 85' lang='lat' dir='ltr'>facultatem</span> <span class='ocrx_word' id='word_1_304' title='bbox 538 1758 607 1780; x_wconf 91' lang='lat' dir='ltr'>non</span> <span class='ocrx_word' id='word_1_305' title='bbox 625 1746 721 1788; x_wconf 85' lang='lat' dir='ltr'>dare,</span> <span class='ocrx_word' id='word_1_306' title='bbox 747 1747 809 1780; x_wconf 88' lang='lat' dir='ltr'>sed</span> <span class='ocrx_word' id='word_1_307' title='bbox 828 1746 974 1787; x_wconf 89' lang='lat' dir='ltr'>hortari,</span> <span class='ocrx_word' id='word_1_308' title='bbox 1001 1749 1042 1781; x_wconf 89' lang='lat' dir='ltr'>ut</span> <span class='ocrx_word' id='word_1_309' title='bbox 1063 1745 1259 1781; x_wconf 88' lang='lat' dir='ltr'>catholicos</span> <span class='ocrx_word' id='word_1_310' title='bbox 1277 1745 1386 1780; x_wconf 88' lang='lat' dir='ltr'>libros</span> <span class='ocrx_word' id='word_1_311' title='bbox 1404 1748 1539 1780; x_wconf 89' lang='lat' dir='ltr'>emeret</span> <span class='ocrx_word' id='word_1_312' title='bbox 1555 1746 1763 1790; x_wconf 90' lang='lat' dir='ltr'>legeretque</span> <span class='ocrx_word' id='word_1_313' title='bbox 1782 1745 1896 1788; x_wconf 88' lang='grc'>(222).</span> 
     </span>
    </p>

    <p class='ocr_par' dir='ltr' id='par_1_4' title="bbox 187 1797 1953 2795">
     <span class='ocr_line' id='line_1_30' title="bbox 306 1797 1945 1844; baseline -0.001 -11"><span class='ocrx_word' id='word_1_314' title='bbox 306 1799 346 1833; x_wconf 92' lang='lat' dir='ltr'>In</span> <span class='ocrx_word' id='word_1_315' title='bbox 372 1799 585 1834; x_wconf 87' lang='lat' dir='ltr'>oblivionem</span> <span class='ocrx_word' id='word_1_316' title='bbox 612 1811 724 1844; x_wconf 89' lang='lat' dir='ltr'>paene</span> <span class='ocrx_word' id='word_1_317' title='bbox 750 1800 849 1833; x_wconf 91' lang='lat' dir='ltr'>venit</span> <span class='ocrx_word' id='word_1_318' title='bbox 878 1800 1106 1840; x_wconf 88' lang='lat' dir='ltr'>mandatum,</span> <span class='ocrx_word' id='word_1_319' title='bbox 1142 1799 1235 1843; x_wconf 90' lang='lat' dir='ltr'>quod</span> <span class='ocrx_word' id='word_1_320' title='bbox 1262 1798 1295 1833; x_wconf 86' lang='lat' dir='ltr'>S.</span> <span class='ocrx_word' id='word_1_321' title='bbox 1325 1799 1410 1834; x_wconf 85' lang='lat' dir='ltr'>Pius</span> <span class='ocrx_word' id='word_1_322' title='bbox 1428 1798 1470 1833; x_wconf 89' lang='lat' dir='ltr'>V.</span> <span class='ocrx_word' id='word_1_323' title='bbox 1497 1798 1579 1833; x_wconf 82' lang='lat' dir='ltr'>fidei</span> <span class='ocrx_word' id='word_1_324' title='bbox 1605 1798 1802 1833; x_wconf 86' lang='lat' dir='ltr'>catholicae</span> <span class='ocrx_word' id='word_1_325' title='bbox 1827 1797 1945 1832; x_wconf 78' lang='lat' dir='ltr'>studio</span> 
     </span>
     <span class='ocr_line' id='line_1_31' title="bbox 188 1851 1945 1892; baseline -0.001 -6"><span class='ocrx_word' id='word_1_326' title='bbox 188 1854 305 1886; x_wconf 89' lang='lat' dir='ltr'>motus</span> <span class='ocrx_word' id='word_1_327' title='bbox 331 1863 362 1886; x_wconf 91' lang='lat' dir='ltr'>a.</span> <span class='ocrx_word' id='word_1_328' title='bbox 384 1852 473 1887; x_wconf 83' lang='lat'>1566</span> <span class='ocrx_word' id='word_1_329' title='bbox 500 1852 535 1886; x_wconf 89' lang='lat' dir='ltr'>in</span> <span class='ocrx_word' id='word_1_330' title='bbox 554 1852 783 1887; x_wconf 86' lang='lat' dir='ltr'>Germaniam</span> <span class='ocrx_word' id='word_1_331' title='bbox 806 1852 914 1888; x_wconf 88' lang='lat' dir='ltr'>misit.</span> <span class='ocrx_word' id='word_1_332' title='bbox 948 1852 1152 1886; x_wconf 88' lang='lat' dir='ltr'>Fridericus</span> <span class='ocrx_word' id='word_1_333' title='bbox 1169 1852 1221 1886; x_wconf 88' lang='grc' dir='ltr'>ΙΙΙ</span> <span class='ocrx_word' id='word_1_334' title='bbox 1247 1851 1380 1886; x_wconf 87' lang='lat' dir='ltr'>elector</span> <span class='ocrx_word' id='word_1_335' title='bbox 1405 1851 1601 1892; x_wconf 86' lang='lat' dir='ltr'>Palatinus,</span> <span class='ocrx_word' id='word_1_336' title='bbox 1628 1854 1669 1886; x_wconf 89' lang='lat' dir='ltr'>ut</span> <span class='ocrx_word' id='word_1_337' title='bbox 1686 1851 1945 1886; x_wconf 86' lang='lat' dir='ltr'>Calvinismum</span> 
     </span>
     <span class='ocr_line' id='line_1_32' title="bbox 188 1904 1947 1950; baseline -0.001 -11"><span class='ocrx_word' id='word_1_338' title='bbox 188 1917 292 1940; x_wconf 92' lang='lat' dir='ltr'>suum</span> <span class='ocrx_word' id='word_1_339' title='bbox 317 1905 353 1939; x_wconf 90' lang='lat' dir='ltr'>in</span> <span class='ocrx_word' id='word_1_340' title='bbox 378 1907 456 1939; x_wconf 88' lang='lat' dir='ltr'>tuto</span> <span class='ocrx_word' id='word_1_341' title='bbox 474 1905 675 1946; x_wconf 85' lang='lat' dir='ltr'>collocaret,</span> <span class='ocrx_word' id='word_1_342' title='bbox 701 1906 880 1950; x_wconf 86' lang='lat' dir='ltr'>principes</span> <span class='ocrx_word' id='word_1_343' title='bbox 905 1905 1114 1939; x_wconf 89' lang='lat' dir='ltr'>lutheranos</span> <span class='ocrx_word' id='word_1_344' title='bbox 1140 1905 1184 1939; x_wconf 86' lang='lat' dir='ltr'>ad</span> <span class='ocrx_word' id='word_1_345' title='bbox 1210 1905 1355 1939; x_wconf 88' lang='lat' dir='ltr'>comitia</span> <span class='ocrx_word' id='word_1_346' title='bbox 1380 1905 1554 1949; x_wconf 85' lang='lat' dir='ltr'>quaedam</span> <span class='ocrx_word' id='word_1_347' title='bbox 1572 1904 1758 1939; x_wconf 88' lang='lat' dir='ltr'>Erfordiae</span> <span class='ocrx_word' id='word_1_348' title='bbox 1783 1904 1947 1938; x_wconf 88' lang='lat' dir='ltr'>habenda</span> 
     </span>
     <span class='ocr_line' id='line_1_33' title="bbox 188 1957 1946 2003; baseline -0.001 -11"><span class='ocrx_word' id='word_1_349' title='bbox 188 1958 417 1995; x_wconf 80' lang='lat' dir='ltr'>invitaverat.</span> <span class='ocrx_word' id='word_1_350' title='bbox 443 1958 479 1992; x_wconf 92' lang='lat' dir='ltr'>in</span> <span class='ocrx_word' id='word_1_351' title='bbox 505 1958 634 2002; x_wconf 90' lang='lat' dir='ltr'>quibus</span> <span class='ocrx_word' id='word_1_352' title='bbox 660 1958 825 1993; x_wconf 85' lang='lat' dir='ltr'>effectum</span> <span class='ocrx_word' id='word_1_353' title='bbox 852 1958 894 1992; x_wconf 92' lang='lat' dir='ltr'>iri</span> <span class='ocrx_word' id='word_1_354' title='bbox 920 1958 1106 2002; x_wconf 86' lang='lat' dir='ltr'>sperabat,</span> <span class='ocrx_word' id='word_1_355' title='bbox 1142 1960 1182 1992; x_wconf 89' lang='lat' dir='ltr'>ut</span> <span class='ocrx_word' id='word_1_356' title='bbox 1216 1957 1269 1992; x_wconf 93' lang='lat' dir='ltr'>illi</span> <span class='ocrx_word' id='word_1_357' title='bbox 1303 1958 1421 2003; x_wconf 90' lang='lat' dir='ltr'>ipsum</span> <span class='ocrx_word' id='word_1_358' title='bbox 1446 1969 1587 2002; x_wconf 89' lang='lat' dir='ltr'>quoque</span> <span class='ocrx_word' id='word_1_359' title='bbox 1618 1959 1841 2002; x_wconf 87' lang='lat' dir='ltr'>augustanae</span> <span class='ocrx_word' id='word_1_360' title='bbox 1867 1968 1946 1991; x_wconf 92' lang='lat' dir='ltr'>con-</span> 
     </span>
     <span class='ocr_line' id='line_1_34' title="bbox 188 2011 1946 2056; baseline -0.001 -11"><span class='ocrx_word' id='word_1_361' title='bbox 188 2011 356 2046; x_wconf 89' lang='lat' dir='ltr'>fessionis</span> <span class='ocrx_word' id='word_1_362' title='bbox 382 2021 462 2045; x_wconf 88' lang='lat' dir='ltr'>esse</span> <span class='ocrx_word' id='word_1_363' title='bbox 496 2011 768 2056; x_wconf 87' lang='lat' dir='ltr'>profiterentur;</span> <span class='ocrx_word' id='word_1_364' title='bbox 805 2011 839 2045; x_wconf 91' lang='lat' dir='ltr'>id</span> <span class='ocrx_word' id='word_1_365' title='bbox 874 2011 967 2055; x_wconf 89' lang='lat' dir='ltr'>quod</span> <span class='ocrx_word' id='word_1_366' title='bbox 1003 2011 1133 2045; x_wconf 87' lang='lat' dir='ltr'>fuisset</span> <span class='ocrx_word' id='word_1_367' title='bbox 1167 2011 1259 2045; x_wconf 89' lang='lat' dir='ltr'>idem</span> <span class='ocrx_word' id='word_1_368' title='bbox 1285 2014 1393 2055; x_wconf 89' lang='lat' dir='ltr'>atque</span> <span class='ocrx_word' id='word_1_369' title='bbox 1427 2011 1583 2053; x_wconf 87' lang='lat' dir='ltr'>tutelae,</span> <span class='ocrx_word' id='word_1_370' title='bbox 1618 2022 1708 2055; x_wconf 88' lang='lat' dir='ltr'>quae</span> <span class='ocrx_word' id='word_1_371' title='bbox 1734 2022 1797 2055; x_wconf 91' lang='lat' dir='ltr'>per</span> <span class='ocrx_word' id='word_1_372' title='bbox 1823 2021 1946 2055; x_wconf 92' lang='lat' dir='ltr'>pacem</span> 
     </span>
     <span class='ocr_line' id='line_1_35' title="bbox 187 2063 1948 2108; baseline -0.001 -10"><span class='ocrx_word' id='word_1_373' title='bbox 187 2063 371 2108; x_wconf 85' lang='lat' dir='ltr'>religionis</span> <span class='ocrx_word' id='word_1_374' title='bbox 401 2066 638 2108; x_wconf 85' lang='lat' dir='ltr'>augustanam</span> <span class='ocrx_word' id='word_1_375' title='bbox 674 2064 760 2098; x_wconf 90' lang='lat' dir='ltr'>solis</span> <span class='ocrx_word' id='word_1_376' title='bbox 787 2064 982 2098; x_wconf 84' lang='lat' dir='ltr'>Catholicis</span> <span class='ocrx_word' id='word_1_377' title='bbox 1017 2066 1053 2098; x_wconf 89' lang='lat' dir='ltr'>et</span> <span class='ocrx_word' id='word_1_378' title='bbox 1078 2064 1293 2098; x_wconf 88' lang='lat' dir='ltr'>Lutheranis</span> <span class='ocrx_word' id='word_1_379' title='bbox 1327 2063 1566 2105; x_wconf 85' lang='lat' dir='ltr'>asserebatur,</span> <span class='ocrx_word' id='word_1_380' title='bbox 1601 2063 1831 2098; x_wconf 88' lang='lat' dir='ltr'>Calvinianos</span> <span class='ocrx_word' id='word_1_381' title='bbox 1864 2073 1948 2107; x_wconf 89' lang='lat' dir='ltr'>quo-</span> 
     </span>
     <span class='ocr_line' id='line_1_36' title="bbox 189 2115 1949 2162; baseline -0.001 -11"><span class='ocrx_word' id='word_1_382' title='bbox 189 2129 258 2162; x_wconf 90' lang='lat' dir='ltr'>que</span> <span class='ocrx_word' id='word_1_383' title='bbox 284 2117 478 2162; x_wconf 89' lang='lat' dir='ltr'>participes</span> <span class='ocrx_word' id='word_1_384' title='bbox 504 2117 672 2157; x_wconf 85' lang='lat' dir='ltr'>reddere;</span> <span class='ocrx_word' id='word_1_385' title='bbox 701 2118 829 2152; x_wconf 89' lang='lat' dir='ltr'>fuisset</span> <span class='ocrx_word' id='word_1_386' title='bbox 854 2118 961 2151; x_wconf 87' lang='lat' dir='ltr'>etiam</span> <span class='ocrx_word' id='word_1_387' title='bbox 988 2117 1081 2151; x_wconf 89' lang='lat' dir='ltr'>idem</span> <span class='ocrx_word' id='word_1_388' title='bbox 1107 2128 1149 2151; x_wconf 86' lang='lat' dir='ltr'>ac</span> <span class='ocrx_word' id='word_1_389' title='bbox 1176 2116 1408 2158; x_wconf 79' lang='lat' dir='ltr'>calvinianis,</span> <span class='ocrx_word' id='word_1_390' title='bbox 1437 2118 1497 2161; x_wconf 90' lang='lat' dir='ltr'>qui</span> <span class='ocrx_word' id='word_1_391' title='bbox 1525 2117 1568 2151; x_wconf 89' lang='lat' dir='ltr'>ab</span> <span class='ocrx_word' id='word_1_392' title='bbox 1594 2116 1747 2151; x_wconf 89' lang='lat' dir='ltr'>ecclesia</span> <span class='ocrx_word' id='word_1_393' title='bbox 1772 2115 1949 2151; x_wconf 85' lang='lat' dir='ltr'>catholica</span> 
     </span>
     <span class='ocr_line' id='line_1_37' title="bbox 190 2168 1947 2214; baseline -0.002 -9"><span class='ocrx_word' id='word_1_394' title='bbox 190 2169 302 2205; x_wconf 86' lang='lat' dir='ltr'>multo</span> <span class='ocrx_word' id='word_1_395' title='bbox 327 2171 443 2214; x_wconf 85' lang='lat' dir='ltr'>magis</span> <span class='ocrx_word' id='word_1_396' title='bbox 470 2181 574 2214; x_wconf 89' lang='lat' dir='ltr'>quam</span> <span class='ocrx_word' id='word_1_397' title='bbox 594 2169 787 2204; x_wconf 91' lang='lat' dir='ltr'>Lutherani</span> <span class='ocrx_word' id='word_1_398' title='bbox 815 2173 918 2205; x_wconf 86' lang='lat' dir='ltr'>erant</span> <span class='ocrx_word' id='word_1_399' title='bbox 943 2169 1061 2211; x_wconf 88' lang='lat' dir='ltr'>alieni,</span> <span class='ocrx_word' id='word_1_400' title='bbox 1089 2170 1226 2204; x_wconf 90' lang='lat' dir='ltr'>animos</span> <span class='ocrx_word' id='word_1_401' title='bbox 1252 2170 1419 2214; x_wconf 85' lang='lat' dir='ltr'>viresque</span> <span class='ocrx_word' id='word_1_402' title='bbox 1441 2170 1583 2204; x_wconf 88' lang='lat' dir='ltr'>addere.</span> <span class='ocrx_word' id='word_1_403' title='bbox 1617 2169 1818 2205; x_wconf 85' lang='lat' dir='ltr'>Cardinalis</span> <span class='ocrx_word' id='word_1_404' title='bbox 1835 2168 1947 2204; x_wconf 84' lang='lat' dir='ltr'>Gran-</span> 
     </span>
     <span class='ocr_line' id='line_1_38' title="bbox 192 2221 1947 2268; baseline -0.001 -10"><span class='ocrx_word' id='word_1_405' title='bbox 192 2223 375 2264; x_wconf 86' lang='lat' dir='ltr'>vellanus,</span> <span class='ocrx_word' id='word_1_406' title='bbox 410 2235 448 2257; x_wconf 90' lang='lat' dir='ltr'>re</span> <span class='ocrx_word' id='word_1_407' title='bbox 474 2223 636 2267; x_wconf 86' lang='lat' dir='ltr'>cognita,</span> <span class='ocrx_word' id='word_1_408' title='bbox 672 2223 874 2268; x_wconf 88' lang='lat' dir='ltr'>pontificem</span> <span class='ocrx_word' id='word_1_409' title='bbox 902 2223 944 2257; x_wconf 90' lang='lat' dir='ltr'>de</span> <span class='ocrx_word' id='word_1_410' title='bbox 979 2222 1137 2267; x_wconf 89' lang='lat' dir='ltr'>periculo</span> <span class='ocrx_word' id='word_1_411' title='bbox 1163 2223 1351 2257; x_wconf 86' lang='lat' dir='ltr'>certiorem</span> <span class='ocrx_word' id='word_1_412' title='bbox 1377 2223 1494 2258; x_wconf 88' lang='lat' dir='ltr'>effecit</span> <span class='ocrx_word' id='word_1_413' title='bbox 1520 2223 1623 2268; x_wconf 91' lang='lat' dir='ltr'>eique</span> <span class='ocrx_word' id='word_1_414' title='bbox 1648 2223 1780 2264; x_wconf 89' lang='lat' dir='ltr'>suasit,</span> <span class='ocrx_word' id='word_1_415' title='bbox 1812 2224 1853 2256; x_wconf 90' lang='lat' dir='ltr'>ut</span> <span class='ocrx_word' id='word_1_416' title='bbox 1885 2221 1947 2256; x_wconf 91' lang='lat' dir='ltr'>im-</span> 
     </span>
     <span class='ocr_line' id='line_1_39' title="bbox 191 2274 1949 2322; baseline -0.001 -12"><span class='ocrx_word' id='word_1_417' title='bbox 191 2277 348 2322; x_wconf 78' lang='lat' dir='ltr'>pediret,</span> <span class='ocrx_word' id='word_1_418' title='bbox 384 2276 573 2321; x_wconf 88' lang='lat' dir='ltr'>quominus</span> <span class='ocrx_word' id='word_1_419' title='bbox 600 2276 794 2310; x_wconf 89' lang='lat' dir='ltr'>Lutherani</span> <span class='ocrx_word' id='word_1_420' title='bbox 830 2288 909 2311; x_wconf 91' lang='lat' dir='ltr'>cum</span> <span class='ocrx_word' id='word_1_421' title='bbox 937 2275 1160 2311; x_wconf 88' lang='lat' dir='ltr'>Calvinianis</span> <span class='ocrx_word' id='word_1_422' title='bbox 1194 2287 1233 2310; x_wconf 92' lang='lat' dir='ltr'>se</span> <span class='ocrx_word' id='word_1_423' title='bbox 1268 2276 1536 2319; x_wconf 89' lang='lat' dir='ltr'>coniungerent.</span> <span class='ocrx_word' id='word_1_424' title='bbox 1587 2275 1730 2310; x_wconf 89' lang='lat' dir='ltr'>Placuit</span> <span class='ocrx_word' id='word_1_425' title='bbox 1762 2274 1949 2310; x_wconf 88' lang='lat' dir='ltr'>consilium</span> 
     </span>
     <span class='ocr_line' id='line_1_40' title="bbox 192 2329 1949 2373; baseline -0.001 -9"><span class='ocrx_word' id='word_1_426' title='bbox 192 2331 275 2371; x_wconf 90' lang='lat' dir='ltr'>Pio;</span> <span class='ocrx_word' id='word_1_427' title='bbox 310 2340 424 2373; x_wconf 90' lang='lat' dir='ltr'>neque</span> <span class='ocrx_word' id='word_1_428' title='bbox 449 2332 569 2364; x_wconf 90' lang='lat' dir='ltr'>tamen</span> <span class='ocrx_word' id='word_1_429' title='bbox 596 2329 667 2364; x_wconf 88' lang='lat' dir='ltr'>alia</span> <span class='ocrx_word' id='word_1_430' title='bbox 702 2330 860 2364; x_wconf 87' lang='lat' dir='ltr'>eiusdem</span> <span class='ocrx_word' id='word_1_431' title='bbox 887 2329 931 2363; x_wconf 86' lang='lat' dir='ltr'>ad</span> <span class='ocrx_word' id='word_1_432' title='bbox 958 2329 1124 2363; x_wconf 88' lang='lat' dir='ltr'>effectum</span> <span class='ocrx_word' id='word_1_433' title='bbox 1155 2329 1352 2363; x_wconf 89' lang='lat' dir='ltr'>adducendi</span> <span class='ocrx_word' id='word_1_434' title='bbox 1378 2330 1469 2364; x_wconf 89' lang='lat' dir='ltr'>ratio</span> <span class='ocrx_word' id='word_1_435' title='bbox 1495 2329 1527 2363; x_wconf 92' lang='lat' dir='ltr'>ei</span> <span class='ocrx_word' id='word_1_436' title='bbox 1553 2341 1592 2363; x_wconf 89' lang='lat' dir='ltr'>se</span> <span class='ocrx_word' id='word_1_437' title='bbox 1618 2329 1806 2370; x_wconf 83' lang='lat' dir='ltr'>offerebat,</span> <span class='ocrx_word' id='word_1_438' title='bbox 1842 2339 1949 2372; x_wconf 86' lang='lat' dir='ltr'>quam</span> 
     </span>
     <span class='ocr_line' id='line_1_41' title="bbox 192 2380 1950 2426; baseline -0.001 -9"><span class='ocrx_word' id='word_1_439' title='bbox 192 2385 232 2417; x_wconf 88' lang='lat' dir='ltr'>ut</span> <span class='ocrx_word' id='word_1_440' title='bbox 250 2382 394 2417; x_wconf 88' lang='lat' dir='ltr'>Iesuitis</span> <span class='ocrx_word' id='word_1_441' title='bbox 411 2382 446 2416; x_wconf 91' lang='lat' dir='ltr'>in</span> <span class='ocrx_word' id='word_1_442' title='bbox 466 2381 658 2417; x_wconf 87' lang='lat' dir='ltr'>Germania</span> <span class='ocrx_word' id='word_1_443' title='bbox 685 2382 912 2416; x_wconf 86' lang='lat' dir='ltr'>versantibus</span> <span class='ocrx_word' id='word_1_444' title='bbox 938 2383 1120 2426; x_wconf 84' lang='lat' dir='ltr'>negotium</span> <span class='ocrx_word' id='word_1_445' title='bbox 1140 2383 1389 2416; x_wconf 87' lang='lat' dir='ltr'>committeret.</span> <span class='ocrx_word' id='word_1_446' title='bbox 1433 2380 1550 2423; x_wconf 88' lang='lat' dir='ltr'>Quare</span> <span class='ocrx_word' id='word_1_447' title='bbox 1568 2382 1782 2416; x_wconf 87' lang='lat' dir='ltr'>Franciscus</span> <span class='ocrx_word' id='word_1_448' title='bbox 1800 2381 1950 2424; x_wconf 85' lang='lat' dir='ltr'>Borgias</span> 
     </span>
     <span class='ocr_line' id='line_1_42' title="bbox 193 2434 1950 2481; baseline -0.001 -11"><span class='ocrx_word' id='word_1_449' title='bbox 193 2435 417 2481; x_wconf 87' lang='lat' dir='ltr'>praepositus</span> <span class='ocrx_word' id='word_1_450' title='bbox 443 2435 621 2479; x_wconf 86' lang='lat' dir='ltr'>generalis</span> <span class='ocrx_word' id='word_1_451' title='bbox 648 2436 790 2470; x_wconf 89' lang='lat' dir='ltr'>Canisio</span> <span class='ocrx_word' id='word_1_452' title='bbox 816 2435 968 2479; x_wconf 89' lang='lat' dir='ltr'>aliisque</span> <span class='ocrx_word' id='word_1_453' title='bbox 995 2435 1107 2469; x_wconf 80' lang='lat' dir='ltr'>Sociis</span> <span class='ocrx_word' id='word_1_454' title='bbox 1133 2435 1288 2480; x_wconf 89' lang='lat' dir='ltr'>scripsit,</span> <span class='ocrx_word' id='word_1_455' title='bbox 1315 2438 1355 2469; x_wconf 90' lang='lat' dir='ltr'>ut</span> <span class='ocrx_word' id='word_1_456' title='bbox 1379 2435 1413 2469; x_wconf 94' lang='lat' dir='ltr'>id</span> <span class='ocrx_word' id='word_1_457' title='bbox 1432 2438 1599 2470; x_wconf 89' lang='lat' dir='ltr'>curarent</span> <span class='ocrx_word' id='word_1_458' title='bbox 1624 2435 1684 2469; x_wconf 87' lang='lat' dir='ltr'>vel</span> <span class='ocrx_word' id='word_1_459' title='bbox 1709 2435 1776 2480; x_wconf 91' lang='lat' dir='ltr'>ipsi</span> <span class='ocrx_word' id='word_1_460' title='bbox 1803 2434 1861 2468; x_wconf 89' lang='lat' dir='ltr'>vel</span> <span class='ocrx_word' id='word_1_461' title='bbox 1887 2446 1950 2479; x_wconf 87' lang='lat' dir='ltr'>per</span> 
     </span>
     <span class='ocr_line' id='line_1_43' title="bbox 193 2487 1950 2533; baseline -0.001 -10"><span class='ocrx_word' id='word_1_462' title='bbox 193 2489 345 2529; x_wconf 88' lang='lat' dir='ltr'>amicos;</span> <span class='ocrx_word' id='word_1_463' title='bbox 372 2491 412 2522; x_wconf 89' lang='lat' dir='ltr'>ut</span> <span class='ocrx_word' id='word_1_464' title='bbox 434 2489 464 2523; x_wconf 89' lang='lat' dir='ltr'>si</span> <span class='ocrx_word' id='word_1_465' title='bbox 483 2488 657 2523; x_wconf 84' lang='lat' dir='ltr'>Bavariae</span> <span class='ocrx_word' id='word_1_466' title='bbox 675 2489 747 2522; x_wconf 84' lang='lat' dir='ltr'>dux</span> <span class='ocrx_word' id='word_1_467' title='bbox 766 2487 823 2522; x_wconf 92' lang='lat' dir='ltr'>vel</span> <span class='ocrx_word' id='word_1_468' title='bbox 850 2487 1044 2522; x_wconf 87' lang='lat' dir='ltr'>cardinalis</span> <span class='ocrx_word' id='word_1_469' title='bbox 1061 2488 1296 2531; x_wconf 87' lang='lat' dir='ltr'>Augustanus</span> <span class='ocrx_word' id='word_1_470' title='bbox 1321 2487 1380 2522; x_wconf 92' lang='lat' dir='ltr'>vel</span> <span class='ocrx_word' id='word_1_471' title='bbox 1405 2487 1695 2533; x_wconf 86' lang='lat' dir='ltr'>archiepiscopus</span> <span class='ocrx_word' id='word_1_472' title='bbox 1719 2487 1950 2531; x_wconf 87' lang='lat' dir='ltr'>moguntinus</span> 
     </span>
     <span class='ocr_line' id='line_1_44' title="bbox 194 2540 1949 2586; baseline -0.001 -11"><span class='ocrx_word' id='word_1_473' title='bbox 194 2541 416 2576; x_wconf 88' lang='lat' dir='ltr'>Lutheranos</span> <span class='ocrx_word' id='word_1_474' title='bbox 443 2541 580 2586; x_wconf 90' lang='lat' dir='ltr'>aliquos</span> <span class='ocrx_word' id='word_1_475' title='bbox 605 2541 672 2576; x_wconf 90' lang='lat' dir='ltr'>sibi</span> <span class='ocrx_word' id='word_1_476' title='bbox 698 2540 856 2575; x_wconf 91' lang='lat' dir='ltr'>nonnihil</span> <span class='ocrx_word' id='word_1_477' title='bbox 882 2540 1079 2576; x_wconf 85' lang='lat' dir='ltr'>familiares</span> <span class='ocrx_word' id='word_1_478' title='bbox 1096 2542 1299 2581; x_wconf 85' lang='lat' dir='ltr'>monerent;</span> <span class='ocrx_word' id='word_1_479' title='bbox 1325 2552 1429 2585; x_wconf 87' lang='lat' dir='ltr'>posse</span> <span class='ocrx_word' id='word_1_480' title='bbox 1455 2541 1562 2575; x_wconf 87' lang='lat' dir='ltr'>etiam</span> <span class='ocrx_word' id='word_1_481' title='bbox 1590 2540 1814 2580; x_wconf 82' lang='lat' dir='ltr'>Lutheranis.</span> <span class='ocrx_word' id='word_1_482' title='bbox 1841 2551 1949 2584; x_wconf 89' lang='lat' dir='ltr'>quan-</span> 
     </span>
     <span class='ocr_line' id='line_1_45' title="bbox 194 2592 1950 2639; baseline -0.001 -11"><span class='ocrx_word' id='word_1_483' title='bbox 194 2597 269 2629; x_wconf 86' lang='lat' dir='ltr'>tum</span> <span class='ocrx_word' id='word_1_484' title='bbox 296 2594 496 2629; x_wconf 86' lang='lat' dir='ltr'>Calviniani</span> <span class='ocrx_word' id='word_1_485' title='bbox 522 2594 566 2629; x_wconf 88' lang='lat' dir='ltr'>ab</span> <span class='ocrx_word' id='word_1_486' title='bbox 592 2595 748 2639; x_wconf 89' lang='lat' dir='ltr'>ipsorum</span> <span class='ocrx_word' id='word_1_487' title='bbox 775 2593 937 2628; x_wconf 87' lang='lat' dir='ltr'>doctrina</span> <span class='ocrx_word' id='word_1_488' title='bbox 963 2593 1191 2635; x_wconf 86' lang='lat' dir='ltr'>aberrarent,</span> <span class='ocrx_word' id='word_1_489' title='bbox 1225 2594 1359 2638; x_wconf 88' lang='lat' dir='ltr'>scripto</span> <span class='ocrx_word' id='word_1_490' title='bbox 1391 2593 1510 2637; x_wconf 90' lang='lat' dir='ltr'>aliquo</span> <span class='ocrx_word' id='word_1_491' title='bbox 1536 2593 1595 2628; x_wconf 88' lang='lat' dir='ltr'>vel</span> <span class='ocrx_word' id='word_1_492' title='bbox 1622 2592 1775 2638; x_wconf 87' lang='lat' dir='ltr'>epistula</span> <span class='ocrx_word' id='word_1_493' title='bbox 1800 2593 1950 2634; x_wconf 83' lang='lat' dir='ltr'>ostendi,</span> 
     </span>
     <span class='ocr_line' id='line_1_46' title="bbox 196 2645 1951 2692; baseline -0.001 -11"><span class='ocrx_word' id='word_1_494' title='bbox 196 2659 287 2692; x_wconf 90' lang='lat' dir='ltr'>quae</span> <span class='ocrx_word' id='word_1_495' title='bbox 305 2647 362 2681; x_wconf 88' lang='lat' dir='ltr'>vel</span> <span class='ocrx_word' id='word_1_496' title='bbox 381 2648 457 2681; x_wconf 85' lang='lat' dir='ltr'>sine</span> <span class='ocrx_word' id='word_1_497' title='bbox 483 2647 624 2681; x_wconf 89' lang='lat' dir='ltr'>nomine</span> <span class='ocrx_word' id='word_1_498' title='bbox 650 2647 807 2682; x_wconf 86' lang='lat' dir='ltr'>auctoris</span> <span class='ocrx_word' id='word_1_499' title='bbox 826 2646 885 2681; x_wconf 91' lang='lat' dir='ltr'>vel</span> <span class='ocrx_word' id='word_1_500' title='bbox 910 2646 1051 2681; x_wconf 91' lang='lat' dir='ltr'>nomine</span> <span class='ocrx_word' id='word_1_501' title='bbox 1075 2645 1240 2681; x_wconf 81' lang='lat' dir='ltr'>catholici</span> <span class='ocrx_word' id='word_1_502' title='bbox 1266 2646 1419 2680; x_wconf 88' lang='lat' dir='ltr'>alicuius</span> <span class='ocrx_word' id='word_1_503' title='bbox 1439 2645 1651 2680; x_wconf 87' lang='lat' dir='ltr'>Lutheranis</span> <span class='ocrx_word' id='word_1_504' title='bbox 1676 2646 1793 2680; x_wconf 88' lang='lat' dir='ltr'>minus</span> <span class='ocrx_word' id='word_1_505' title='bbox 1818 2646 1951 2689; x_wconf 82' lang='lat' dir='ltr'>ingrati</span> 
     </span>
     <span class='ocr_line' id='line_1_47' title="bbox 196 2699 1953 2745; baseline -0.001 -11"><span class='ocrx_word' id='word_1_506' title='bbox 196 2701 358 2745; x_wconf 88' lang='lat' dir='ltr'>apposito</span> <span class='ocrx_word' id='word_1_507' title='bbox 378 2700 589 2744; x_wconf 88' lang='lat' dir='ltr'>vulgaretur</span> <span class='ocrx_word' id='word_1_508' title='bbox 608 2700 721 2744; x_wconf 86' lang='lat'>(311).</span> <span class='ocrx_word' id='word_1_509' title='bbox 756 2699 942 2734; x_wconf 86' lang='lat' dir='ltr'>Erfordiae</span> <span class='ocrx_word' id='word_1_510' title='bbox 967 2702 1085 2734; x_wconf 85' lang='lat' dir='ltr'>tamen</span> <span class='ocrx_word' id='word_1_511' title='bbox 1108 2702 1257 2733; x_wconf 88' lang='lat' dir='ltr'>conatus</span> <span class='ocrx_word' id='word_1_512' title='bbox 1283 2699 1476 2734; x_wconf 86' lang='lat' dir='ltr'>calviniani</span> <span class='ocrx_word' id='word_1_513' title='bbox 1502 2699 1588 2733; x_wconf 90' lang='lat' dir='ltr'>adeo</span> <span class='ocrx_word' id='word_1_514' title='bbox 1606 2710 1676 2733; x_wconf 88' lang='lat' dir='ltr'>non</span> <span class='ocrx_word' id='word_1_515' title='bbox 1700 2702 1953 2733; x_wconf 87' lang='lat' dir='ltr'>successerunt</span> 
     </span>
     <span class='ocr_line' id='line_1_48' title="bbox 196 2751 1365 2795; baseline -0.001 -8"><span class='ocrx_word' id='word_1_516' title='bbox 196 2753 324 2793; x_wconf 79' lang='lat' dir='ltr'>fauste,</span> <span class='ocrx_word' id='word_1_517' title='bbox 352 2756 391 2787; x_wconf 90' lang='lat' dir='ltr'>ut</span> <span class='ocrx_word' id='word_1_518' title='bbox 417 2753 582 2788; x_wconf 87' lang='lat' dir='ltr'>catholici</span> <span class='ocrx_word' id='word_1_519' title='bbox 609 2753 702 2788; x_wconf 89' lang='lat' dir='ltr'>omni</span> <span class='ocrx_word' id='word_1_520' title='bbox 729 2755 825 2787; x_wconf 90' lang='lat' dir='ltr'>metu</span> <span class='ocrx_word' id='word_1_521' title='bbox 852 2752 959 2786; x_wconf 91' lang='lat' dir='ltr'>facile</span> <span class='ocrx_word' id='word_1_522' title='bbox 985 2751 1224 2787; x_wconf 85' lang='lat' dir='ltr'>liberarentur</span> <span class='ocrx_word' id='word_1_523' title='bbox 1253 2752 1365 2795; x_wconf 82' lang='lat'>(350).</span> 
     </span>
    </p>

    <p class='ocr_par' dir='ltr' id='par_1_5' title="bbox 197 2804 1952 3009">
     <span class='ocr_line' id='line_1_49' title="bbox 315 2804 1950 2850; baseline -0.001 -11"><span class='ocrx_word' id='word_1_524' title='bbox 315 2806 421 2840; x_wconf 83' lang='lat' dir='ltr'>Aliud</span> <span class='ocrx_word' id='word_1_525' title='bbox 457 2806 511 2840; x_wconf 84' lang='lat' dir='ltr'>Pii</span> <span class='ocrx_word' id='word_1_526' title='bbox 539 2806 581 2841; x_wconf 88' lang='lat' dir='ltr'>V.</span> <span class='ocrx_word' id='word_1_527' title='bbox 617 2807 752 2841; x_wconf 89' lang='lat' dir='ltr'>factum</span> <span class='ocrx_word' id='word_1_528' title='bbox 787 2806 946 2841; x_wconf 90' lang='lat' dir='ltr'>breviter</span> <span class='ocrx_word' id='word_1_529' title='bbox 972 2805 1106 2846; x_wconf 89' lang='lat' dir='ltr'>indico,</span> <span class='ocrx_word' id='word_1_530' title='bbox 1142 2805 1225 2850; x_wconf 90' lang='lat' dir='ltr'>quia</span> <span class='ocrx_word' id='word_1_531' title='bbox 1260 2817 1366 2850; x_wconf 89' lang='lat' dir='ltr'>saepe</span> <span class='ocrx_word' id='word_1_532' title='bbox 1402 2807 1584 2839; x_wconf 85' lang='lat' dir='ltr'>narratum</span> <span class='ocrx_word' id='word_1_533' title='bbox 1614 2806 1680 2838; x_wconf 88' lang='lat' dir='ltr'>est.</span> <span class='ocrx_word' id='word_1_534' title='bbox 1730 2805 1832 2838; x_wconf 84' lang='lat' dir='ltr'>Anno</span> <span class='ocrx_word' id='word_1_535' title='bbox 1861 2804 1950 2838; x_wconf 85' lang='lat'>1567</span> 
     </span>
     <span class='ocr_line' id='line_1_50' title="bbox 197 2856 1951 2903; baseline -0.002 -10"><span class='ocrx_word' id='word_1_536' title='bbox 197 2859 357 2903; x_wconf 81' lang='lat' dir='ltr'>pontifex</span> <span class='ocrx_word' id='word_1_537' title='bbox 373 2859 565 2893; x_wconf 84' lang='lat' dir='ltr'>cardinalis</span> <span class='ocrx_word' id='word_1_538' title='bbox 584 2858 835 2893; x_wconf 89' lang='lat' dir='ltr'>Commendoni</span> <span class='ocrx_word' id='word_1_539' title='bbox 853 2869 963 2893; x_wconf 88' lang='lat' dir='ltr'>suasu</span> <span class='ocrx_word' id='word_1_540' title='bbox 979 2858 1120 2893; x_wconf 89' lang='lat' dir='ltr'>Canisio</span> <span class='ocrx_word' id='word_1_541' title='bbox 1139 2858 1333 2899; x_wconf 84' lang='lat' dir='ltr'>mandavit,</span> <span class='ocrx_word' id='word_1_542' title='bbox 1351 2860 1392 2892; x_wconf 90' lang='lat' dir='ltr'>ut</span> <span class='ocrx_word' id='word_1_543' title='bbox 1405 2858 1441 2892; x_wconf 91' lang='lat' dir='ltr'>in</span> <span class='ocrx_word' id='word_1_544' title='bbox 1456 2857 1630 2892; x_wconf 84' lang='lat' dir='ltr'>Alsatiam</span> <span class='ocrx_word' id='word_1_545' title='bbox 1648 2856 1716 2890; x_wconf 88' lang='lat' dir='ltr'>iret</span> <span class='ocrx_word' id='word_1_546' title='bbox 1734 2859 1768 2890; x_wconf 90' lang='lat' dir='ltr'>et</span> <span class='ocrx_word' id='word_1_547' title='bbox 1787 2856 1951 2901; x_wconf 90' lang='lat' dir='ltr'>episcopo</span> 
     </span>
     <span class='ocr_line' id='line_1_51' title="bbox 197 2909 1952 2956; baseline -0.002 -11"><span class='ocrx_word' id='word_1_548' title='bbox 197 2912 481 2954; x_wconf 85' lang='lat' dir='ltr'>argentoratensi</span> <span class='ocrx_word' id='word_1_549' title='bbox 508 2913 750 2956; x_wconf 83' lang='lat' dir='ltr'>persuaderet,</span> <span class='ocrx_word' id='word_1_550' title='bbox 785 2914 825 2946; x_wconf 90' lang='lat' dir='ltr'>ut</span> <span class='ocrx_word' id='word_1_551' title='bbox 851 2911 1091 2946; x_wconf 90' lang='lat' dir='ltr'>coadiutorem</span> <span class='ocrx_word' id='word_1_552' title='bbox 1116 2911 1264 2956; x_wconf 90' lang='lat' dir='ltr'>probum</span> <span class='ocrx_word' id='word_1_553' title='bbox 1297 2911 1365 2945; x_wconf 83' lang='lat' dir='ltr'>sibi</span> <span class='ocrx_word' id='word_1_554' title='bbox 1402 2909 1626 2954; x_wconf 82' lang='lat' dir='ltr'>adiungendo</span> <span class='ocrx_word' id='word_1_555' title='bbox 1660 2909 1873 2954; x_wconf 82' lang='lat' dir='ltr'>provideret,</span> <span class='ocrx_word' id='word_1_556' title='bbox 1908 2921 1952 2943; x_wconf 90' lang='lat' dir='ltr'>ne</span> 
     </span>
     <span class='ocr_line' id='line_1_52' title="bbox 199 2962 1952 3009; baseline -0.001 -11"><span class='ocrx_word' id='word_1_557' title='bbox 199 2968 278 3009; x_wconf 85' lang='lat' dir='ltr'>post</span> <span class='ocrx_word' id='word_1_558' title='bbox 304 2964 416 3009; x_wconf 87' lang='lat' dir='ltr'>ipsius</span> <span class='ocrx_word' id='word_1_559' title='bbox 442 2968 590 2999; x_wconf 87' lang='lat' dir='ltr'>mortem</span> <span class='ocrx_word' id='word_1_560' title='bbox 623 2965 783 3000; x_wconf 85' lang='lat' dir='ltr'>canonici</span> <span class='ocrx_word' id='word_1_561' title='bbox 818 2964 1038 2999; x_wconf 84' lang='lat' dir='ltr'>haereticum</span> <span class='ocrx_word' id='word_1_562' title='bbox 1075 2964 1249 3008; x_wconf 89' lang='lat' dir='ltr'>eligerent</span> <span class='ocrx_word' id='word_1_563' title='bbox 1283 2964 1508 3009; x_wconf 87' lang='lat' dir='ltr'>episcopum;</span> <span class='ocrx_word' id='word_1_564' title='bbox 1543 2973 1606 2997; x_wconf 87' lang='lat' dir='ltr'>suo</span> <span class='ocrx_word' id='word_1_565' title='bbox 1642 2965 1761 2996; x_wconf 89' lang='lat' dir='ltr'>tamen</span> <span class='ocrx_word' id='word_1_566' title='bbox 1787 2962 1952 2997; x_wconf 86' lang='lat' dir='ltr'>Canisius</span> 
     </span>
    </p>
   </div>
   <div class='ocr_carea' id='block_1_3' title="bbox 199 3015 1952 3113">
    <p class='ocr_par' dir='ltr' id='par_1_6' title="bbox 199 3015 1952 3113">
     <span class='ocr_line' id='line_1_53' title="bbox 199 3015 1952 3062; baseline -0.002 -11"><span class='ocrx_word' id='word_1_567' title='bbox 199 3018 350 3057; x_wconf 84' lang='lat' dir='ltr'>nomine,</span> <span class='ocrx_word' id='word_1_568' title='bbox 385 3029 453 3051; x_wconf 90' lang='lat' dir='ltr'>non</span> <span class='ocrx_word' id='word_1_569' title='bbox 479 3018 657 3062; x_wconf 86' lang='lat' dir='ltr'>pontificis</span> <span class='ocrx_word' id='word_1_570' title='bbox 683 3018 717 3052; x_wconf 92' lang='lat' dir='ltr'>id</span> <span class='ocrx_word' id='word_1_571' title='bbox 744 3018 1019 3058; x_wconf 86' lang='lat' dir='ltr'>commendaret,</span> <span class='ocrx_word' id='word_1_572' title='bbox 1053 3029 1153 3062; x_wconf 88' lang='lat' dir='ltr'>spem</span> <span class='ocrx_word' id='word_1_573' title='bbox 1189 3016 1295 3051; x_wconf 85' lang='lat' dir='ltr'>simul</span> <span class='ocrx_word' id='word_1_574' title='bbox 1330 3015 1530 3062; x_wconf 88' lang='lat' dir='ltr'>praebendo</span> <span class='ocrx_word' id='word_1_575' title='bbox 1561 3015 1636 3060; x_wconf 90' lang='lat' dir='ltr'>opis</span> <span class='ocrx_word' id='word_1_576' title='bbox 1661 3026 1724 3059; x_wconf 89' lang='lat' dir='ltr'>per</span> <span class='ocrx_word' id='word_1_577' title='bbox 1750 3015 1952 3059; x_wconf 88' lang='lat' dir='ltr'>pontificem</span> 
     </span>
     <span class='ocr_line' id='line_1_54' title="bbox 199 3070 781 3113; baseline 0 -9"><span class='ocrx_word' id='word_1_578' title='bbox 199 3070 447 3104; x_wconf 85' lang='lat' dir='ltr'>liberalissime</span> <span class='ocrx_word' id='word_1_579' title='bbox 472 3071 639 3104; x_wconf 84' lang='lat' dir='ltr'>ferendae</span> <span class='ocrx_word' id='word_1_580' title='bbox 668 3071 781 3113; x_wconf 81' lang='grc'><strong>(421).</strong></span> 
     </span>
    </p>
   </div>
   <div class='ocr_carea' id='block_1_4' title="bbox 201 3119 1952 3220">
    <p class='ocr_par' dir='ltr' id='par_1_7' title="bbox 201 3119 1952 3220">
     <span class='ocr_line' id='line_1_55' title="bbox 319 3119 1952 3168; baseline -0.002 -11"><span class='ocrx_word' id='word_1_581' title='bbox 319 3122 373 3157; x_wconf 82' lang='lat' dir='ltr'>Ex</span> <span class='ocrx_word' id='word_1_582' title='bbox 399 3123 466 3157; x_wconf 85' lang='lat' dir='ltr'>hac</span> <span class='ocrx_word' id='word_1_583' title='bbox 491 3135 530 3157; x_wconf 92' lang='lat' dir='ltr'>re</span> <span class='ocrx_word' id='word_1_584' title='bbox 556 3123 707 3167; x_wconf 85' lang='lat' dir='ltr'>intelligi</span> <span class='ocrx_word' id='word_1_585' title='bbox 735 3126 864 3168; x_wconf 82' lang='lat' dir='ltr'>potest,</span> <span class='ocrx_word' id='word_1_586' title='bbox 889 3135 957 3157; x_wconf 91' lang='lat' dir='ltr'>non</span> <span class='ocrx_word' id='word_1_587' title='bbox 985 3123 1019 3157; x_wconf 84' lang='lat' dir='ltr'>S.</span> <span class='ocrx_word' id='word_1_588' title='bbox 1039 3123 1092 3157; x_wconf 88' lang='lat' dir='ltr'>Pii</span> <span class='ocrx_word' id='word_1_589' title='bbox 1111 3122 1166 3163; x_wconf 85' lang='lat' dir='ltr'>V.‚</span> <span class='ocrx_word' id='word_1_590' title='bbox 1192 3123 1254 3157; x_wconf 90' lang='lat' dir='ltr'>sed</span> <span class='ocrx_word' id='word_1_591' title='bbox 1278 3121 1426 3156; x_wconf 87' lang='lat' dir='ltr'>aliorum</span> <span class='ocrx_word' id='word_1_592' title='bbox 1446 3120 1533 3155; x_wconf 84' lang='lat' dir='ltr'>vitio</span> <span class='ocrx_word' id='word_1_593' title='bbox 1551 3119 1683 3154; x_wconf 88' lang='lat' dir='ltr'>Romae</span> <span class='ocrx_word' id='word_1_594' title='bbox 1710 3119 1744 3154; x_wconf 90' lang='lat' dir='ltr'>id</span> <span class='ocrx_word' id='word_1_595' title='bbox 1770 3120 1952 3162; x_wconf 87' lang='lat' dir='ltr'>accidisse,</span> 
     </span>
     <span class='ocr_line' id='line_1_56' title="bbox 201 3172 1952 3220; baseline -0.002 -10"><span class='ocrx_word' id='word_1_596' title='bbox 201 3176 292 3220; x_wconf 86' lang='lat' dir='ltr'>quod</span> <span class='ocrx_word' id='word_1_597' title='bbox 331 3187 361 3209; x_wconf 83' lang='lat' dir='ltr'>a.</span> <span class='ocrx_word' id='word_1_598' title='bbox 392 3177 479 3210; x_wconf 76' lang='lat'><strong>1:367</strong></span> <span class='ocrx_word' id='word_1_599' title='bbox 516 3175 653 3210; x_wconf 86' lang='lat' dir='ltr'>Danieli</span> <span class='ocrx_word' id='word_1_600' title='bbox 681 3176 830 3210; x_wconf 86' lang='lat' dir='ltr'>Brendel</span> <span class='ocrx_word' id='word_1_601' title='bbox 865 3175 1132 3220; x_wconf 86' lang='lat' dir='ltr'>archiepiscopo</span> <span class='ocrx_word' id='word_1_602' title='bbox 1159 3175 1365 3219; x_wconf 84' lang='lat' dir='ltr'>moguntino</span> <span class='ocrx_word' id='word_1_603' title='bbox 1400 3177 1436 3208; x_wconf 90' lang='lat' dir='ltr'>et</span> <span class='ocrx_word' id='word_1_604' title='bbox 1468 3173 1603 3218; x_wconf 87' lang='lat' dir='ltr'>imperii</span> <span class='ocrx_word' id='word_1_605' title='bbox 1632 3173 1781 3217; x_wconf 88' lang='lat' dir='ltr'>principi</span> <span class='ocrx_word' id='word_1_606' title='bbox 1808 3172 1952 3207; x_wconf 86' lang='lat' dir='ltr'>electori</span> 
     </span>
    </p>
   </div>
  </div>
 </body>
</html>
