2045 3471
208 210 292 250 264
383 207 484 242 1325.
512 205 666 240 Sanctus
691 205 907 240 Franciscus
934 206 976 240 de
1002 205 1136 249 Borgia
1162 205 1317 240 Canisi'o.
1366 205 1479 240 Roma
1508 206 1560 240 16.
1579 206 1665 240 Maii
1693 206 1794 240 1566.

210 324 463 369 ,praedicari“,
500 324 649 358 eundem
678 324 869 359 Pfisterum
910 324 1111 367 „commode
1146 323 1282 368 perfrui
1318 324 1456 358 studi&
1486 325 1649 368 Borgiae,
1684 323 1970 367 Eisengreinium

206 389 346 422 quoque
364 377 518 420 Borgiae
544 377 670 411 laudes
697 378 925 422 praedicasse
951 377 1077 412 scribit
1096 376 1279 421 (leeiner‚
1308 376 1504 411 Schweden
1530 377 1562 410 Π
1591 377 1686 421 171).

327 430 412 464 Pius
429 429 472 465 V.
496 430 639 464 tandem
667 442 713 465 m.
733 430 921 465 Decembri
948 442 978 465 a.
1001 431 1091 465 1566
1117 430 1184 464 hac
1204 430 1263 464 via
1289 440 1334 463 ex
1362 430 1637 464 difficultatibus
1663 430 1770 465 exiit:
1801 430 1969 475 „Tempo-

206 483 328 524 ralia“,
364 494 456 528 quae
481 485 624 524 vocant,
656 484 817 525 Ernesto,
857 483 1133 528 „pontificalia“,
1170 484 1252 517 dum
1288 483 1319 517 is
1353 483 1485 517 iustam
1520 485 1676 518 aetatem
1703 483 1970 528 adipisceretur,

206 536 371 581 episcopo
405 536 573 570 auxiliari
609 537 686 571 sive
721 537 948 579 suffraganeo
976 535 1162 579 Frisingae
1189 536 1343 579 degenti,
1378 536 1660 571 iurisdictionem
1694 548 1834 570 sacram
1864 536 1972 570 simili

206 589 342 623 ratione
370 589 526 634 capitulo
554 589 752 624 cathedrali
789 589 968 624 commisit
1003 589 1286 623 administranda
1315 589 1474 632 (Lossen,
1501 589 1604 624 K'oln.
1624 589 1746 633 Krieg,
1772 589 1969 633 Vorgesch.

206 642 356 677 69—85.
408 643 543 687 Pfleyer
568 643 591 678 1.
611 655 640 677 c.
667 643 835 686 53—54).

206 756 359 794 1325.
469 756 776 794 SANCTUS
812 756 1241 794 FRANCISGUS
1280 756 1372 792 DE
1411 755 1707 799 BORGIA,
1746 757 1972 802 praepositus

372 812 552 855 generalis
578 811 769 846 Societatis
796 811 888 853 Iesu,
916 810 1116 846 CANISIO.
1485 810 1597 844 Roma
1626 811 1678 845 16.
1707 811 1793 845 Maii
1822 811 1923 845 1566.

324 877 378 910 Ex
406 876 602 922 archetypo
625 876 679 919 (2⁰
697 877 801 916 min.;
828 888 885 921 pp.
905 876 946 916 3;
973 877 1008 910 in
1034 888 1067 921 p.
1086 876 1109 909 4
1126 875 1234 909 inser.
1253 877 1289 909 et
1306 875 1477 919 reliquiae
1497 876 1594 919 sig),
1621 876 1712 920 quod
1738 878 1791 910 est
1810 875 1846 909 in
1869 875 1967 918 „EB‘

204 942 238 966 n.
275 930 353 964 178.
414 929 599 974 Epistulae
638 929 884 974 apographum
924 929 1047 963 eodem
1083 931 1243 973 tempore
1279 928 1452 973 scriptum
1492 931 1613 963 exstat
1651 929 1685 962 in
1727 928 1867 971 „Germ.
1904 929 1968 964 65⁴

206 984 230 1017 f.
252 983 481 1018 lile—112³.
532 983 679 1026 Integra
706 982 862 1027 epistula
888 994 934 1016 ex
960 982 1155 1027 archetypo
1191 982 1344 1026 primum
1380 982 1475 1016 edita
1506 984 1561 1016 est
1596 982 1632 1016 in
1658 982 1747 1027 Epp.
1774 983 1897 1016 Nadal
1921 982 1972 1016 III

208 1036 404 1070 125—129.
457 1036 676 1070 Particulam
703 1035 824 1080 posuit
853 1035 1088 1079 (germanice)
1116 1036 1231 1069 Kro'ss
1255 1035 1277 1070 l.
1306 1048 1333 1069 c.
1365 1036 1441 1069 177.

324 1102 377 1135 De
403 1101 442 1134 P.
462 1102 606 1134 Natalis
632 1102 831 1134 valetudine
857 1105 887 1134 et
912 1101 1184 1134 visitationibus.
1230 1102 1416 1134 Sociorum
1436 1112 1505 1143 per
1534 1101 1765 1133 Germaniam
1791 1102 1973 1134 missiones

207 1165 277 1188 non
303 1158 479 1197 urgentur
504 1166 526 1187 a
546 1155 735 1197 pontifice;
770 1156 827 1187 cui
857 1155 983 1197 placet,
1021 1155 1142 1187 Socios
1176 1154 1376 1186 ministeria
1411 1165 1516 1187 sacra
1550 1154 1646 1186 obire
1683 1156 1720 1187 in
1755 1155 1908 1196 colleqiis
1942 1158 1971 1186 et

205 1208 291 1241 locis
326 1208 461 1251 ricinis,
497 1208 590 1241 unde
624 1208 662 1240 in
698 1208 923 1250 disciplinam
958 1207 1160 1251 reliqiosanz
1195 1211 1430 1240 revertantur.
1485 1208 1708 1249 Oeuipontem
1745 1208 1782 1240 P.
1810 1207 1974 1240 Lanoius

207 1261 291 1302 ibim
328 1262 357 1293 is
392 1272 513 1294 nomen
553 1262 692 1304 quidem
717 1261 952 1304 provincialis
978 1261 1150 1293 Austriae
1176 1260 1347 1302 retinebit,
1380 1261 1725 1293 administrationem
1751 1265 1866 1293 (cutem
1889 1271 1971 1303 pro-

206 1314 342 1347 vinciae
367 1314 406 1347 P.
426 1314 549 1357 Mayio
571 1316 757 1357 permittet.
814 1315 944 1347 Tribus
973 1314 1230 1347 arcliiclneissis
1260 1313 1449 1356 Oeniponte
1486 1324 1578 1346 unus
1612 1315 1678 1346 erit
1713 1314 1972 1355 confessarium

205 1378 305 1410 quem
340 1368 497 1400 convenit
533 1378 602 1400 esse
630 1368 820 1401 Lanoium.
873 1368 970 1400 Socii
1006 1367 1078 1400 illis
1112 1377 1256 1409 operam
1282 1377 1354 1399 non
1384 1367 1620 1409 praestabunt
1647 1367 1694 1399 cul
1719 1368 1971 1400 monasterium

204 1421 532 1454 Franeiseauorimz
553 1421 833 1463 comparandum
847 1433 860 1461 ,·
887 1431 947 1453 nec
965 1420 1078 1453 sicubi
1094 1420 1349 1453 monasterium
1368 1420 1547 1462 viminum
1566 1420 1821 1463 constituerint,
1848 1430 1971 1453 earum

205 1475 438 1515 confessiones
472 1474 656 1516 excipient.
720 1474 772 1507 De
801 1474 965 1516 pecuniis
1000 1477 1100 1506 caute
1135 1477 1247 1514 agent.
1312 1473 1521 1506 Cardinalis
1555 1473 1723 1506 Amulius
1752 1484 1820 1516 per
1855 1474 1970 1516 ipsum

209 1527 394 1560 Canisium
420 1529 556 1560 moneri
581 1527 731 1567 debebat,
760 1528 882 1560 Socios
908 1538 979 1559 non
1005 1527 1125 1559 debere
1153 1527 1298 1568 negyotiis
1310 1526 1466 1569 publicis
1481 1537 1516 1559 se
1543 1527 1707 1559 inserere.
1753 1526 1971 1559 Colom'ensis

205 1580 403 1622 respublica
429 1582 468 1613 in
495 1582 629 1622 neyotio
660 1578 833 1622 „indulti“
862 1581 1050 1613 tractando
1077 1592 1099 1612 (ι
1126 1580 1241 1613 Sociis
1267 1580 1426 1613 romanis
1454 1580 1656 1621 iuvabitnr;
1681 1580 1836 1622 expediet
1853 1584 1969 1612 tamen

206 1633 249 1666 ab
275 1644 314 1666 eu
341 1634 492 1677 aliquem
519 1634 566 1666 acl
591 1634 629 1666 id
655 1635 769 1677 ipsum
795 1635 888 1666 mitti
914 1634 1073 1666 Romam.

323 1695 513 1732 Praefatio
549 1696 715 1732 editoris.
768 1699 803 1731 S.
823 1699 1043 1731 Franciscns
1068 1699 1222 1741 Bor-qius
1258 1697 1293 1730 in
1320 1696 1450 1730 litteris
1482 1696 1706 1731 brevissimis
1741 1708 1831 1741 quas
1857 1696 1969 1731 Roma

208 1751 260 1784 11.
280 1750 367 1784 Maii
395 1751 485 1785 1566
512 1751 714 1793 Augustam
751 1752 794 1784 ad
830 1751 869 1784 P.
898 1750 1156 1795 Hieronymum
1182 1749 1347 1784 Natalem
1384 1750 1499 1784 misit:
1540 1750 1604 1792 „Se
1639 1750 1881 1795 rispondera“‚
1918 1750 1967 1783 in-

205 1802 292 1846 quit,
332 1803 434 1847 „quel
469 1803 533 1837 che
569 1805 753 1837 occorrera
788 1803 822 1837 al
849 1803 887 1838 P.
909 1803 1071 1837 Canisio“
1105 1803 1209 1847 (Epp.
1236 1803 1359 1836 Nadal
1395 1802 1444 1836 III
1474 1802 1568 1846 124).
1619 1802 1718 1844 Quod
1753 1803 1967 1847 promissum

208 1856 357 1899 Borgias
391 1856 565 1901 persolvit
604 1857 656 1890 16.
676 1856 761 1890 Maii
790 1857 890 1898 1566,
926 1868 996 1890 non
1026 1856 1169 1900 quidem
1196 1867 1356 1889 seorsum
1382 1856 1426 1889 ad
1454 1855 1636 1890 Canisium
1672 1855 1869 1897 scribendo,
1904 1856 1967 1889 sed

206 1908 381 1953 epistulae
416 1909 461 1943 ad
497 1908 663 1943 Natalem
699 1909 829 1943 missae
865 1909 986 1953 aliqua
1021 1908 1218 1949 inserendo,
1256 1920 1347 1952 quae
1382 1909 1426 1942 ad
1462 1908 1604 1942 litteras
1638 1920 1659 1942 a
1686 1908 1827 1942 Canisio
1863 1908 1967 1942 datas

205 1962 419 2006 spectabant
447 1961 525 2005 („In
561 1964 689 2006 questa
723 1963 752 1996 si
789 1962 826 1996 fa
861 1962 973 1996 anche
1007 1962 1163 2006 risposta
1199 1961 1268 1994 alle
1303 1961 1429 1995 lettere
1465 1960 1521 1995 del
1556 1962 1595 1995 P.
1623 1961 1818 2005 Canisio“).
1868 1961 1967 1995 Haec

204 2016 345 2049 tantum
372 2026 438 2058 ego
472 2014 531 2048 hic
566 2026 675 2059 pono:
712 2026 793 2048 nam
820 2015 961 2057 integra
988 2014 1139 2058 Borgiae
1166 2013 1322 2058 epistula
1350 2014 1490 2057 longior
1516 2017 1572 2048 est
1597 2016 1704 2058 atque
1740 2016 1861 2049 exstat
1886 2014 1910 2049 l.
1936 2026 1965 2049 c.

324 2128 507 2182 Boryias
539 2129 674 2170 Roma
707 2130 774 2170 16.
805 2129 899 2169 Mai·
927 2130 1043 2170 1566
1074 2128 1124 2170 P.
1157 2128 1415 2183 Hieronymo
1446 2128 1598 2170 Natali
1627 2129 1843 2183 Auyustae
1875 2142 1966 2169 cum

208 2193 379 2234 Canisio
411 2194 596 2234 versanti
627 2194 741 2245 haec,
774 2198 943 2247 praeter
975 2194 1076 2246 alia,
1109 2194 1301 2247 scripsit:

328 2257 396 2299 Ηὸ
429 2257 624 2299 riceuuto
658 2258 800 2310 quella
834 2257 875 2298 di
909 2257 974 2299 .V.
1008 2258 1260 2299 Reuerenza
1302 2260 1346 2299 et
1387 2257 1455 2299 del
1487 2257 1627 2299 Padre
1660 2256 1842 2307 Canisio,
1884 2256 1965 2298 Le-

206 2322 366 2372 desma,
402 2324 446 2364 et
477 2322 682 2364 Ximenez
715 2321 757 2363 di
790 2324 873 2365 27.
908 2322 975 2363 del
1008 2324 1184 2376 passato
1220 2324 1272 2364 ,4.
1301 2324 1345 2364 et
1378 2322 1530 2374 cinque
1563 2322 1631 2363 del
1663 2324 1886 2375 presente;
1921 2324 1965 2364 et

206 2388 367 2440 quanto
401 2387 486 2429 alle
518 2400 616 2429 cose
657 2401 734 2441 per
775 2387 815 2429 le
857 2386 974 2440 quali
1005 2390 1027 2428 e
1061 2389 1220 2428 uenuto
1261 2387 1287 2428 l’
1313 2387 1497 2429 Auditor
1538 2387 1635 2428 dell’
1669 2386 1964 2428 Illustrissimo

205 2452 399 2504 Legato1
431 2451 468 2493 si
500 2451 681 2494 scriuira
714 2452 766 2493 de
797 2452 1003 2505 aparte2:
1037 2453 1103 2493 De
1135 2453 1373 2494 valetudine
1395 2453 1447 2494 R.
1472 2453 1517 2494 V.
1540 2452 1744 2493 medicum
1777 2452 1965 2493 consulat

207 2521 242 2556 et
275 2516 440 2569 deinde,
474 2518 584 2572 quod
615 2518 708 2570 ipsa
743 2518 959 2568 censuerit,
993 2517 1122 2558 libere
1150 2516 1300 2569 faciat,
1334 2531 1432 2558 neve
1464 2518 1513 2558 cle.
1536 2517 1796 2570 colleyiorunz
1819 2517 1964 2557 visita-

205 2582 313 2622 tione
344 2586 538 2635 praestet,
574 2583 659 2622 nisi
691 2596 797 2636 quae
829 2582 1036 2623 commode
1064 2587 1286 2636 praestare
1314 2583 1476 2636 poterit.
1503 2616 1510 2623 .
1537 2615 1545 2623 .
1571 2615 1579 2623 .

324 2645 448 2687 Delle
489 2644 711 2687 missioni3
742 2660 827 2687 non
861 2647 896 2687 c'
931 2647 953 2686 e
985 2645 1124 2688 fretta
1156 2646 1197 2687 di
1239 2648 1402 2688 trattar
1432 2646 1520 2687 'col’
1554 2643 1849 2686 Illustrissimo
1882 2645 1963 2686 Le-

206 2712 332 2761 gato:
371 2710 444 2763 gia
476 2709 512 2751 si
545 2710 643 2752 dete
677 2711 810 2760 auiso,
854 2724 974 2752 come
1004 2710 1239 2752 informato
1273 2710 1360 2752 Sua
1392 2710 1564 2752 Santita
1596 2709 1648 2750 de
1681 2709 1831 2751 alcune
1864 2723 1964 2751 cose

205 2787 290 2814 non
321 2774 473 2816 insiste
505 2774 650 2817 niente
681 2775 725 2816 in
749 2778 899 2827 queste
922 2774 1126 2824 missioni,
1160 2775 1254 2817 anzi
1277 2775 1434 2829 lipare
1455 2776 1577 2822 bene,
1609 2773 1686 2815 che
1718 2774 1748 2814 li
1777 2773 1961 2827 operarij

207 2837 283 2878 che
316 2839 356 2879 ui
389 2852 575 2880 saranno
608 2853 792 2881 seruano
825 2853 903 2893 per
934 2840 965 2880 li
987 2839 1164 2893 Collegij
1198 2839 1336 2881 nostri
1360 2842 1403 2882 et
1428 2838 1574 2892 luoghi
1597 2837 1738 2888 uicini,
1770 2838 1813 2879 in
1837 2838 1961 2880 modo

207 2900 284 2942 che
325 2903 496 2955 possino
537 2906 714 2946 tornare
747 2918 772 2945 a
805 2904 914 2946 detti
946 2904 1122 2958 Collegij
1165 2918 1243 2958 per
1275 2904 1421 2945 uiuere
1463 2905 1579 2945 sotto
1622 2902 1846 2956 disciplina
1877 2903 1962 2944 Re-

207 2964 374 3017 ligiosa.
401 3001 408 3008 .
435 3001 442 3009 .
469 3002 477 3009 .

329 3082 338 3100 ¹
364 3081 514 3116 Ioannes
541 3083 702 3118 Andreas
729 3083 940 3127 caligarius,
967 3095 987 3118 a
1014 3084 1184 3118 cardinali
1212 3083 1471 3117 Commendono
1498 3082 1646 3116 Romam
1672 3082 1814 3117 missus.

326 3132 339 3152 2
366 3133 440 3166 Has
465 3133 616 3177 litteras,
646 3137 699 3170 18.
719 3136 804 3170 Maii
834 3137 923 3170 1566
951 3137 993 3170 ad
1021 3136 1186 3170 Natalem
1215 3137 1329 3176 datas,
1356 3135 1438 3168 vide
1463 3146 1572 3179 supra
1598 3146 1630 3179 p.
1651 3134 1849 3170 254—255.

330 3185 342 3204 3
368 3184 458 3218 Vide
485 3197 593 3230 supra
618 3199 652 3231 p.
682 3188 864 3222 166—167
892 3188 1090 3223 208—209.
