2045 3471
589 205 684 241 Mon.
702 205 770 240 822
796 205 875 240 sive
900 205 940 240 it.
961 205 1049 250 (29).
1092 205 1121 239 1.
1139 205 1236 250 Sept.
1259 206 1358 240 1565.
1769 207 1852 248 759

211 321 277 356 Die
303 323 336 357 3.
363 322 583 369 Septembris
613 324 713 365 1565,
750 323 890 358 actione
916 324 984 363 23..
1020 324 1163 358 decreto
1189 323 1234 357 63
1263 323 1315 365 (in
1342 324 1486 357 excusis
1512 323 1573 366 45)
1602 323 1686 357 huic
1712 322 1855 357 decreto

93 375 182 410 haec
216 376 412 411 moderatio
447 376 607 411 adhibita
632 379 707 412 est:
748 377 985 419 „Jntercessit
1016 377 1147 421 aliquis
1173 388 1218 411 ex
1245 376 1414 411 Patribus
1440 377 1536 411 circa
1562 377 1746 411 decretum
1773 376 1855 410 56.nx

92 429 136 463 de
163 428 395 464 dissolutione
415 429 724 474 Gongregationis,
752 433 788 464 et
814 431 930 465 uisum
958 432 1022 472 est,
1049 430 1143 475 quod
1169 429 1283 471 hodie,
1311 429 1451 464 scilicet
1477 429 1586 464 tertia
1612 429 1667 464 die
1693 428 1855 474 Septem-

92 482 166 516 bris
192 481 299 516 simul
326 482 575 527 Congregatio.
611 485 648 517 et
673 483 906 517 diffinitorum
932 485 1094 528 potestas
1120 482 1267 517 deberet
1292 483 1468 527 expirare,
1506 483 1599 516 uude
1625 482 1656 516 si
1682 481 1766 526 quid
1794 493 1855 515 ex—

93 534 307 579 pediendum
334 538 430 570 esset
454 535 522 570 hoc
549 536 625 581 ipso
652 536 708 570 die
735 536 897 580 expediri
924 538 1098 581 oportere,
1126 535 1184 569 uel
1210 535 1254 570 ad
1281 535 1485 579 generalem
1504 535 1767 580 Praepositum,
1793 536 1855 568 aut

90 586 200 621 aliam
228 587 549 632 congregationem
575 588 695 634 reijci“
728 589 827 632 (Cod.
850 589 950 630 „Aot.
970 588 1079 624 Gen.“
1109 591 1176 623 etc.
1195 600 1229 634 p.
1248 589 1304 624 69.
1346 590 1553 622 Institutmn
1579 588 1612 622 11
1637 587 1735 631 204).

92 709 200 746 822
226 711 305 746 sive
331 710 394 747 it.
415 710 549 756 (29).
624 710 648 747 l.
668 709 892 758 Septembris
918 709 1012 746 1565.

212 787 266 822 Ex
292 788 582 832 congregationis
608 788 710 822 Actis
736 799 842 822 manu
868 788 1031 833 scriptis;
1063 789 1160 830 „Act
1191 787 1278 822 Gen.
1303 787 1342 822 T.
1370 787 1460 821 P.¹¹⁵“
1490 798 1524 832 p.
1552 787 1608 822 68.
1650 785 1853 826 Decretum,

89 841 248 886 ascripto
274 853 306 875 n.
325 841 382 882 40,
410 842 530 875 exstat
556 841 591 875 in
615 841 797 883 „Decretis
819 841 998 875 secundae
1018 841 1315 884 Congregationis
1341 842 1423 886 post
1449 839 1680 874 electionem“
1711 839 1853 873 excusis

92 893 314 938 (Instinctam
345 894 378 927 ΙΙ
403 894 502 937 203).

210 965 380 998 Pete‘tione
399 965 597 998 cardinalis
615 966 820 1008 Auffltstani
838 967 931 1009 (qui,
950 970 988 998 ut
1005 965 1182 1009 theoloyus
1199 965 1240 998 de
1255 965 1423 998 Societate
1439 975 1552 997 secum
1572 967 1664 1007 esset,
1683 974 1705 995 a
1719 963 1852 1006 Boryza

85 1029 155 1062 per
184 1018 368 1051 Cam'sium
389 1019 562 1060 petierat)
585 1020 783 1062 proposita,
811 1019 1033 1062 corvyr·eyatio
1056 1018 1234 1061 yeneralis
1259 1018 1381 1052 Socios
1408 1018 1534 1061 „aulas
1558 1014 1678 1060 sequi“
1706 1020 1804 1049 vetat.

208 1095 263 1137 In
302 1096 486 1137 secunda
527 1098 839 1152 conyreqatione
877 1098 1065 1150 ‚qeneralc'
1101 1097 1318 1139 Societatis
1349 1097 1507 1138 Romae
1539 1097 1578 1137 1.
1603 1094 1854 1150 Septembris

92 1155 220 1213 1565,
266 1161 452 1213 „actione
483 1161 598 1214 :2252
641 1163 806 1203 decreto
833 1162 904 1204 57.
937 1166 1138 1203 statutmn
1171 1166 1252 1203 est:
1293 1160 1396 1202 Cum
1434 1159 1702 1214 propositum
1736 1162 1852 1200 esset

89 1239 144 1267 an
187 1225 493 1267 Jllustrissimo
535 1225 752 1268 Cardinali
793 1227 1073 1280 Augustano,
1117 1225 1363 1279 Theologus
1404 1227 1579 1267 nostrae
1621 1223 1852 1267 Societatis

91 1289 186 1332 dari
207 1293 368 1343 posset,
402 1290 474 1343 qui
497 1290 588 1332 eius
611 1290 910 1332 Confessiones
933 1290 1115 1340 audiret,
1151 1292 1195 1332 et
1217 1290 1361 1331 aulam
1384 1291 1651 1342 sequeretur.
1699 1288 1852 1330 Visum

87 1356 158 1396 est
190 1354 538 1408 Congregationi,
571 1369 650 1396 nec
682 1355 964 1410 Principibus,
998 1369 1076 1397 nec
1108 1354 1302 1396 Dominis
1335 1353 1431 1408 alijs
1463 1352 1742 1403 secularibus,
1776 1354 1852 1394 aut

91 1419 411 1462 Ecclesiasticis
443 1419 658 1473 assignari
690 1420 847 1462 debere
879 1419 1066 1473 aliquem
1093 1433 1148 1461 ex
1180 1419 1340 1462 nostris
1372 1418 1599 1472 religiosis,
1634 1417 1705 1470 qui
1728 1417 1851 1459 aulas

89 1497 239 1525 eorum
280 1487 547 1537 sequeretur,
590 1488 634 1527 et
674 1484 717 1525 in
760 1484 822 1526 eis
853 1484 1086 1533 habitaret,
1128 1486 1177 1526 ut
1209 1482 1483 1537 Confessarij‚
1526 1483 1595 1524 uel
1627 1480 1849 1535 Theologi‚

87 1551 166 1591 aut
207 1548 292 1591 alio
334 1548 486 1602 quouis
527 1563 704 1591 munere
746 1549 1014 1603 fungeretur,
1057 1548 1140 1590 nisi
1181 1548 1294 1591 forte
1335 1548 1390 1590 ad
1430 1547 1639 1602 perbreue
1679 1550 1851 1601 tempus

89 1613 214 1656 unius
246 1614 316 1655 uel
348 1614 529 1656 duorum
561 1614 785 1657 mensium.

210 1700 251 1734 In
277 1700 451 1735 cardinali
470 1699 602 1734 Ottone
620 1699 820 1734 Truchsess
846 1700 917 1734 iam
943 1700 1002 1734 diu
1029 1699 1095 1734 hoc
1113 1700 1328 1735 desiderium
1347 1699 1505 1743 vigebat.
1544 1700 1722 1733 Polancus
1739 1698 1852 1732 Roma

89 1753 146 1789 20.
174 1753 331 1788 Ianuarii
360 1754 446 1787 1561
475 1754 520 1788 ad
546 1753 585 1787 P.
613 1753 871 1798 Hieronymum
898 1753 1065 1787 Natalem
1091 1754 1126 1787 in
1153 1753 1328 1798 Hispania
1355 1754 1558 1787 versantem
1585 1752 1749 1796 scripsit:
1787 1750 1849 1793 „El

89 1806 258 1840 cardenal
285 1806 327 1840 de
354 1807 520 1850 Augusta
546 1806 633 1840 haze
660 1806 789 1841 mucha
815 1806 988 1841 instantia
1013 1818 1101 1851 para
1127 1809 1228 1841 tener
1254 1806 1399 1850 consigo
1425 1818 1495 1840 uno
1521 1805 1564 1840 de
1590 1805 1625 1839 la
1644 1804 1848 1849 Compaffia,

89 1859 263 1893 tornando
297 1871 340 1893 en
367 1859 577 1903 Alemagna,
612 1871 712 1894 como
746 1860 918 1904 pretende
952 1861 1087 1901 tornar,
1121 1871 1185 1894 con
1213 1860 1319 1904 quien
1354 1871 1392 1894 se
1419 1860 1563 1903 querria
1595 1858 1790 1898 confessar,
1824 1868 1849 1901 y

90 1913 270 1957 ayudarse
296 1924 339 1946 en
366 1912 419 1947 las
445 1924 548 1947 cosas
573 1912 783 1958 spirituales
809 1924 852 1947 en
878 1923 921 1947 su
947 1924 1109 1957 persona,
1135 1925 1159 1958 y
1186 1924 1279 1955 casa,
1306 1924 1330 1958 y
1349 1912 1538 1957 obispado;
1565 1923 1589 1956 y
1608 1914 1742 1955 quanto
1768 1911 1789 1945 a
1814 1909 1849 1944 la

90 1966 227 2007 nacion,
262 1965 424 2008 holgaria
459 1966 580 2000 fuesse
614 1965 752 2010 spafiol.
803 1967 879 2000 Aca
913 1977 959 2000 no
993 1965 1026 2000 le
1052 1968 1213 2000 1011011103
1233 1966 1298 2001 .V.
1325 1966 1367 2000 R.
1393 1964 1508 2010 puede
1533 1976 1598 1998 uer
1632 1976 1696 2008 por
1721 1962 1792 1998 alla
1818 1964 1848 1997 si

86 2020 191 2053 avria
226 2018 357 2062 alguno
394 2018 428 2053 al
462 2018 654 2064 proposito,
689 2031 714 2064 y
739 2018 770 2053 si
796 2030 841 2053 no
867 2018 971 2053 dela
997 2018 1202 2064 Compafiia‚
1238 2019 1280 2053 de
1315 2019 1417 2052 fuera
1448 2017 1572 2052 della.“
1626 2017 1692 2051 Die
1727 2018 1848 2050 tamen

93 2071 145 2106 18.
172 2072 306 2116 Aprilis
336 2073 422 2106 1561
451 2073 627 2106 Polancus
652 2071 764 2106 Roma
789 2072 834 2106 ad
859 2071 1028 2106 Natalem
1055 2072 1218 2117 scripsit:
1249 2071 1322 2114 „No
1349 2083 1387 2106 se
1414 2083 1497 2105 cure
1520 2070 1565 2104 V.
1583 2070 1625 2104 R.
1650 2069 1779 2104 muoho
1805 2069 1848 2103 de

89 2124 206 2159 hallar
240 2125 406 2168 theologo
441 2136 528 2170 para
555 2125 587 2159 el
614 2123 781 2159 cardenal
806 2125 849 2159 de
877 2126 1026 2168 Agusta,
1061 2137 1130 2170 que
1166 2127 1186 2159 a
1212 2125 1370 2159 Maesti-o
1397 2125 1553 2158 Fuentes
1588 2134 1686 2157 emos
1720 2125 1847 2167 puesto

87 2189 154 2212 con
180 2178 224 2219 01,
249 2190 273 2223 y
300 2180 377 2212 esta
403 2180 569 2212 contento
596 2178 629 2212 el
647 2177 846 2212 cardenaw
883 2177 995 2220 Quem
1019 2178 1252 2222 „magistrum
1271 2178 1445 2212 Fuentes“
1468 2178 1511 2211 de
1529 2176 1707 2211 Societate
1734 2176 1847 2210 fuisse

89 2233 212 2265 censet
238 2231 353 2265 editor
379 2231 613 2276 epistularum
634 2231 671 2266 P.
691 2231 832 2265 Natalis
852 2230 957 2276 (Epp.
976 2232 1099 2266 Nadal
1116 2232 1131 2265 I
1150 2231 1336 2266 376—377
1355 2232 1424 2266 439
1442 2230 1541 2273 839).
1580 2229 1685 2264 Certe
1703 2241 1733 2264 a.
1756 2229 1847 2263 1562

86 2283 281 2318 cardinalis
308 2284 393 2318 Otto
419 2283 552 2318 Romae
587 2296 607 2318 a
637 2284 671 2319 S.
698 2284 888 2318 Francisco
914 2285 1046 2328 Borgia
1080 2284 1269 2319 Societatis
1304 2283 1558 2324 commissario,
1592 2281 1715 2317 Lainio
1747 2293 1846 2327 prae-

88 2337 204 2382 posito
230 2337 390 2381 generali
415 2337 564 2372 absente
591 2341 626 2371 et
651 2337 701 2371 rei
728 2337 852 2378 inscio,
879 2336 1098 2382 impetravit,
1125 2340 1166 2372 ut
1183 2338 1223 2373 P.
1243 2337 1446 2372 Ludovicus
1465 2336 1667 2381 (Aloysius)
1688 2335 1729 2369 de
1749 2335 1845 2369 Men-

87 2390 175 2424 doza
202 2389 235 2424 S.
263 2390 295 2425 J.
322 2390 390 2424 sibi
426 2390 461 2424 in
488 2390 698 2435 Hispaniam
734 2393 770 2424 et
796 2389 1025 2424 Germaniam
1060 2390 1265 2435 profecturo
1301 2389 1543 2424 confessarius
1579 2391 1615 2424 et
1640 2399 1759 2422 comes
1785 2388 1846 2422 ad-

88 2443 315 2487 iungeretur;
351 2443 411 2487 qui
447 2443 591 2487 Dilinga
626 2455 672 2477 m.
699 2442 899 2486 Septembri
935 2455 965 2477 a.
997 2444 1087 2478 1564
1120 2443 1269 2478 Romam
1309 2443 1414 2477 rediit
1442 2442 1547 2486 (Can.
1576 2442 1625 2476 IV
1652 2441 1720 2476 313
1747 2441 1845 2484 690).

88 2496 232 2540 Dilinga
267 2499 386 2530 autem
416 2495 469 2530 18.
497 2496 582 2530 Maii
611 2497 701 2530 1565
736 2496 775 2530 Ρ.
808 2497 1044 2530 Theodoriczcs
1073 2498 1250 2541 Cam‘sius,
1285 2495 1598 2541 viceprovincialis
1633 2493 1846 2529 Germaniae

86 2550 280 2594 superioris
315 2552 352 2583 et
376 2553 494 2583 rector
519 2549 661 2592 collegii
687 2550 1008 2594 universitatisque
1035 2549 1250 2593 dilinganae,
1289 2549 1439 2584 Romam
1465 2548 1509 2583 ad
1535 2548 1703 2592 Borgiam
1730 2547 1845 2582 Socie-

87 2603 174 2637 tatis
192 2603 366 2637 vicarium
385 2602 588 2646 generalem
616 2602 658 2636 de
684 2602 806 2636 eodem
834 2602 1006 2636 cardinali
1025 2603 1216 2648 *scripsit:
1248 2603 1381 2647 „Saepe
1399 2602 1614 2636 mentionem
1641 2600 1729 2635 facit
1751 2601 1844 2646 apud

87 2667 151 2690 nos
169 2655 503 2690 Reuerendissimus
529 2655 713 2689 cuiusdam
741 2655 907 2699 desiderij
933 2655 1130 2699 singularis
1156 2667 1224 2700 quo
1250 2656 1365 2690 fertur
1390 2655 1434 2689 ad
1460 2654 1662 2688 habendum
1689 2653 1844 2698 aliquem

86 2721 131 2743 ex
166 2709 340 2743 societate
366 2709 481 2742 virum
509 2719 655 2751 grauem
693 2708 752 2752 qui
788 2708 822 2742 S.
851 2708 888 2742 C.
916 2711 1013 2742 esset
1047 2720 1068 2742 a
1095 2709 1388 2743 Confessionibus
1424 2710 1460 2742 et
1486 2719 1604 2742 comes
1629 2706 1844 2743 indiuiduus.

87 2765 263 2806 vrgetque
290 2761 382 2795 hanc
407 2773 481 2795 rem
508 2762 602 2806 apud
629 2761 761 2795 multos
788 2772 831 2794 ex
858 2761 990 2795 nostris
1017 2761 1229 2806 importune.
1272 2761 1497 2796 Excusamus
1515 2763 1557 2795 vt
1582 2771 1781 2805 possumus,
1809 2762 1843 2794 et

86 2816 131 2850 ad
166 2815 369 2860 superiores
404 2826 468 2848 nos
502 2814 729 2855 remittimus,
768 2814 992 2858 explicantes
1030 2814 1137 2848 simul
1172 2826 1405 2859 personarum
1445 2813 1618 2848 eiusmodi
1656 2813 1841 2847 raritatem

87 2879 263 2911 magnam,
302 2868 337 2901 in
377 2870 477 2901 tanta
504 2867 645 2901 Domini
672 2868 807 2901 messe‘
852 2868 912 2910 (ex
951 2870 1090 2910 autogr.
1143 2867 1226 2902 Cod.
1270 2868 1332 2910 „G.
1361 2867 1423 2912 Ep.
1453 2866 1521 2900 V1“
1550 2867 1576 2902 f.
1604 2866 1693 2909 99³).
1746 2866 1841 2900 ldem

85 2921 230 2956 Ottonis
265 2920 480 2955 desiderium
508 2920 637 2954 Petrus
664 2920 828 2955 Canisius
862 2921 975 2965 ipsius
1009 2921 1181 2954 mandatu
1216 2920 1368 2964 Borgiae
1395 2920 1516 2955 verbis
1550 2919 1717 2964 exposuit
1744 2919 1842 2963 (vide

86 2974 180 3008 infra
205 2986 298 3008 mon.
324 2974 423 3016 823).
474 2974 649 3007 Polancus
674 2975 794 3007 autem
820 2973 961 3007 nomine
987 2973 1140 3016 Borgiae
1167 2972 1279 3007 Roma
1307 2973 1361 3008 12.
1389 2973 1479 3007 Iunii
1507 2973 1596 3007 1565
1623 2972 1843 3006 Theodorico

86 3027 229 3062 Canisio
255 3027 463 3061 *scribenst
495 3026 551 3069 „Si
579 3027 788 3070 cognosce“‚
816 3026 941 3070 inquit,
973 3026 1185 3070 „l'ingegno
1212 3025 1268 3060 del
1284 3026 1473 3060 Cardinale
1500 3025 1633 3070 ilquale
1659 3037 1724 3060 con
1751 3025 1841 3060 diffi-

85 3080 184 3115 culta
200 3080 312 3115 lascia
330 3080 413 3124 ogni
431 3091 495 3114 suo
514 3091 649 3124 parere,
676 3082 712 3113 et
730 3079 979 3113 inehnatione‘
1005 3079 1066 3121 (ex
1085 3090 1206 3124 apogr.
1227 3079 1338 3113 eiusd.
1359 3082 1485 3124 temp.;
1506 3079 1590 3114 Cod.
1613 3078 1752 3121 ⁷,Germ
1772 3079 1837 3113 61³

84 3133 111 3168 f.
138 3133 250 3176 294³).
293 3134 376 3167 ideo
403 3133 478 3177 ipse
504 3133 655 3176 Borgias
682 3132 951 3176 congregationi
978 3132 1138 3175 generali
1164 3143 1238 3166 rem
1265 3133 1450 3177 proposuit
1476 3132 1730 3172 definiendani;
1759 3132 1841 3166 vide

86 3187 178 3221 infra
204 3198 295 3221 mon.
322 3186 402 3221 823.
