<?xml version="1.0" encoding="UTF-8"?>
<!DOCTYPE html PUBLIC "-//W3C//DTD XHTML 1.0 Transitional//EN"
    "http://www.w3.org/TR/xhtml1/DTD/xhtml1-transitional.dtd">
<html xmlns="http://www.w3.org/1999/xhtml" xml:lang="en" lang="en">
 <head>
  <title>
</title>
<meta http-equiv="Content-Type" content="text/html;charset=utf-8" />
  <meta name='ocr-system' content='tesseract 3.04.00' />
  <meta name='ocr-capabilities' content='ocr_page ocr_carea ocr_par ocr_line ocrx_word'/>
</head>
<body>
  <div class='ocr_page' id='page_1' title='image "beatipetricanisi05cani_0582.png"; bbox 0 0 2045 3471; ppageno 0'>
   <div class='ocr_carea' id='block_1_1' title="bbox 235 175 1783 221">
    <p class='ocr_par' dir='ltr' id='par_1_1' title="bbox 235 175 1783 221">
     <span class='ocr_line' id='line_1_1' title="bbox 235 175 1783 221; baseline 0.001 -11"><span class='ocrx_word' id='word_1_1' title='bbox 235 179 320 220; x_wconf 83' lang='lat'>494</span> <span class='ocrx_word' id='word_1_2' title='bbox 468 176 570 210; x_wconf 76' lang='lat'>1455.</span> <span class='ocrx_word' id='word_1_3' title='bbox 598 175 764 210; x_wconf 85' lang='lat' dir='ltr'>Canisius</span> <span class='ocrx_word' id='word_1_4' title='bbox 790 175 824 211; x_wconf 82' lang='lat' dir='ltr'>S.</span> <span class='ocrx_word' id='word_1_5' title='bbox 843 175 1035 210; x_wconf 87' lang='lat' dir='ltr'>Francisco</span> <span class='ocrx_word' id='word_1_6' title='bbox 1060 176 1103 211; x_wconf 91' lang='lat' dir='ltr'>de</span> <span class='ocrx_word' id='word_1_7' title='bbox 1130 176 1272 220; x_wconf 88' lang='lat' dir='ltr'>Borgia.</span> <span class='ocrx_word' id='word_1_8' title='bbox 1321 176 1468 221; x_wconf 86' lang='lat' dir='ltr'>Dilinga</span> <span class='ocrx_word' id='word_1_9' title='bbox 1495 176 1548 211; x_wconf 82' lang='lat'>12.</span> <span class='ocrx_word' id='word_1_10' title='bbox 1569 177 1783 212; x_wconf 85' lang='grc' dir='ltr'><strong>Ι1111111567.</strong></span> 
     </span>
    </p>
   </div>
   <div class='ocr_carea' id='block_1_2' title="bbox 230 293 1998 2414">
    <p class='ocr_par' dir='ltr' id='par_1_2' title="bbox 232 293 1996 543">
     <span class='ocr_line' id='line_1_2' title="bbox 233 293 1996 349; baseline 0 -13"><span class='ocrx_word' id='word_1_11' title='bbox 233 293 414 349; x_wconf 89' lang='lat' dir='ltr'>bi[mus]</span> <span class='ocrx_word' id='word_1_12' title='bbox 458 294 610 345; x_wconf 90' lang='lat' dir='ltr'>adhuc,</span> <span class='ocrx_word' id='word_1_13' title='bbox 651 294 845 349; x_wconf 76' lang='lat' dir='ltr'>possitne</span> <span class='ocrx_word' id='word_1_14' title='bbox 878 294 1280 337; x_wconf 88' lang='lat' dir='ltr'>Reuerendissimus</span> <span class='ocrx_word' id='word_1_15' title='bbox 1312 294 1581 336; x_wconf 83' lang='lat' dir='ltr'>Cardinalis¹</span> <span class='ocrx_word' id='word_1_16' title='bbox 1622 295 1702 337; x_wconf 92' lang='lat' dir='ltr'>hoc</span> <span class='ocrx_word' id='word_1_17' title='bbox 1735 295 1996 349; x_wconf 89' lang='lat' dir='ltr'>persuadere</span> 
     </span>
     <span class='ocr_line' id='line_1_3' title="bbox 233 358 1995 414; baseline 0.001 -13"><span class='ocrx_word' id='word_1_18' title='bbox 233 360 354 410; x_wconf 86' lang='lat' dir='ltr'>Duci,</span> <span class='ocrx_word' id='word_1_19' title='bbox 387 360 469 401; x_wconf 93' lang='lat' dir='ltr'>huc</span> <span class='ocrx_word' id='word_1_20' title='bbox 500 359 749 413; x_wconf 79' lang='lat' dir='ltr'>propediem</span> <span class='ocrx_word' id='word_1_21' title='bbox 781 362 977 410; x_wconf 87' lang='lat' dir='ltr'>uenturo,</span> <span class='ocrx_word' id='word_1_22' title='bbox 1010 361 1059 402; x_wconf 93' lang='lat' dir='ltr'>ut</span> <span class='ocrx_word' id='word_1_23' title='bbox 1090 359 1206 402; x_wconf 88' lang='lat' dir='ltr'>dicta</span> <span class='ocrx_word' id='word_1_24' title='bbox 1238 359 1449 414; x_wconf 82' lang='lat' dir='ltr'><strong>professio</strong></span> <span class='ocrx_word' id='word_1_25' title='bbox 1483 373 1579 401; x_wconf 92' lang='lat' dir='ltr'>cum</span> <span class='ocrx_word' id='word_1_26' title='bbox 1600 358 1843 402; x_wconf 89' lang='lat' dir='ltr'>iuramento</span> <span class='ocrx_word' id='word_1_27' title='bbox 1875 362 1995 413; x_wconf 89' lang='lat' dir='ltr'>post—</span> 
     </span>
     <span class='ocr_line' id='line_1_4' title="bbox 232 423 1994 478; baseline -0.001 -11"><span class='ocrx_word' id='word_1_28' title='bbox 232 425 313 467; x_wconf 88' lang='lat' dir='ltr'>hac</span> <span class='ocrx_word' id='word_1_29' title='bbox 345 424 610 478; x_wconf 82' lang='lat' dir='ltr'>Jngolstadij</span> <span class='ocrx_word' id='word_1_30' title='bbox 643 424 804 466; x_wconf 89' lang='lat' dir='ltr'>habeat</span> <span class='ocrx_word' id='word_1_31' title='bbox 835 425 989 467; x_wconf 90' lang='lat' dir='ltr'>locum.</span> <span class='ocrx_word' id='word_1_32' title='bbox 1043 424 1164 474; x_wconf 84' lang='lat' dir='ltr'>Quod</span> <span class='ocrx_word' id='word_1_33' title='bbox 1196 424 1233 466; x_wconf 92' lang='lat' dir='ltr'>si</span> <span class='ocrx_word' id='word_1_34' title='bbox 1263 438 1349 466; x_wconf 91' lang='lat' dir='ltr'>non</span> <span class='ocrx_word' id='word_1_35' title='bbox 1381 424 1652 476; x_wconf 77' lang='lat' dir='ltr'>successerit,</span> <span class='ocrx_word' id='word_1_36' title='bbox 1685 424 1849 466; x_wconf 88' lang='lat' dir='ltr'>Romae</span> <span class='ocrx_word' id='word_1_37' title='bbox 1881 423 1994 466; x_wconf 89' lang='lat' dir='ltr'>uiam</span> 
     </span>
     <span class='ocr_line' id='line_1_5' title="bbox 233 488 1407 543; baseline 0.001 -12"><span class='ocrx_word' id='word_1_38' title='bbox 233 489 362 531; x_wconf 87' lang='lat' dir='ltr'>aliam</span> <span class='ocrx_word' id='word_1_39' title='bbox 396 489 527 531; x_wconf 91' lang='lat' dir='ltr'>Ducis</span> <span class='ocrx_word' id='word_1_40' title='bbox 560 488 819 531; x_wconf 87' lang='lat' dir='ltr'>admonendi</span> <span class='ocrx_word' id='word_1_41' title='bbox 853 489 1161 543; x_wconf 85' lang='lat' dir='ltr'>experiendam</span> <span class='ocrx_word' id='word_1_42' title='bbox 1194 491 1407 543; x_wconf 84' lang='lat' dir='ltr'>putarem.</span> 
     </span>
    </p>

    <p class='ocr_par' dir='ltr' id='par_1_3' title="bbox 230 552 1998 2414">
     <span class='ocr_line' id='line_1_6' title="bbox 352 552 1996 608; baseline -0.001 -12"><span class='ocrx_word' id='word_1_43' title='bbox 352 554 603 597; x_wconf 86' lang='lat' dir='ltr'>Offeruntur</span> <span class='ocrx_word' id='word_1_44' title='bbox 630 554 753 596; x_wconf 90' lang='lat' dir='ltr'>nobis</span> <span class='ocrx_word' id='word_1_45' title='bbox 775 555 1001 607; x_wconf 77' lang='lat' dir='ltr'>Augustae</span> <span class='ocrx_word' id='word_1_46' title='bbox 1025 554 1206 596; x_wconf 88' lang='lat' dir='ltr'>diuitum</span> <span class='ocrx_word' id='word_1_47' title='bbox 1229 556 1274 596; x_wconf 90' lang='lat' dir='ltr'>et</span> <span class='ocrx_word' id='word_1_48' title='bbox 1296 553 1499 596; x_wconf 89' lang='lat' dir='ltr'>nobilium</span> <span class='ocrx_word' id='word_1_49' title='bbox 1522 554 1611 608; x_wconf 85' lang='lat' dir='ltr'>filij,</span> <span class='ocrx_word' id='word_1_50' title='bbox 1646 568 1753 607; x_wconf 89' lang='lat' dir='ltr'>quos</span> <span class='ocrx_word' id='word_1_51' title='bbox 1784 553 1828 596; x_wconf 91' lang='lat' dir='ltr'>in</span> <span class='ocrx_word' id='word_1_52' title='bbox 1859 552 1996 596; x_wconf 90' lang='lat' dir='ltr'>literis</span> 
     </span>
     <span class='ocr_line' id='line_1_7' title="bbox 231 617 1997 674; baseline 0 -14"><span class='ocrx_word' id='word_1_53' title='bbox 231 621 436 674; x_wconf 89' lang='lat' dir='ltr'>parentes</span> <span class='ocrx_word' id='word_1_54' title='bbox 469 619 646 673; x_wconf 89' lang='lat' dir='ltr'>cupiunt</span> <span class='ocrx_word' id='word_1_55' title='bbox 677 619 869 661; x_wconf 85' lang='lat' dir='ltr'>institui:</span> <span class='ocrx_word' id='word_1_56' title='bbox 902 633 981 661; x_wconf 90' lang='lat' dir='ltr'>nec</span> <span class='ocrx_word' id='word_1_57' title='bbox 1012 619 1133 661; x_wconf 89' lang='lat' dir='ltr'>locus</span> <span class='ocrx_word' id='word_1_58' title='bbox 1165 619 1344 661; x_wconf 91' lang='lat' dir='ltr'>docendi</span> <span class='ocrx_word' id='word_1_59' title='bbox 1377 619 1624 661; x_wconf 91' lang='lat' dir='ltr'>commodus</span> <span class='ocrx_word' id='word_1_60' title='bbox 1657 619 1779 661; x_wconf 87' lang='lat' dir='ltr'>deest</span> <span class='ocrx_word' id='word_1_61' title='bbox 1809 618 1852 660; x_wconf 92' lang='lat' dir='ltr'>in</span> <span class='ocrx_word' id='word_1_62' title='bbox 1875 617 1997 660; x_wconf 87' lang='lat' dir='ltr'>nouis</span> 
     </span>
     <span class='ocr_line' id='line_1_8' title="bbox 232 682 1997 738; baseline -0.001 -13"><span class='ocrx_word' id='word_1_63' title='bbox 232 686 276 725; x_wconf 92' lang='lat' dir='ltr'>et</span> <span class='ocrx_word' id='word_1_64' title='bbox 309 683 464 738; x_wconf 91' lang='lat' dir='ltr'>amplis</span> <span class='ocrx_word' id='word_1_65' title='bbox 496 683 686 734; x_wconf 89' lang='lat' dir='ltr'>aedibus,</span> <span class='ocrx_word' id='word_1_66' title='bbox 722 686 766 725; x_wconf 91' lang='lat' dir='ltr'>et</span> <span class='ocrx_word' id='word_1_67' title='bbox 799 683 916 737; x_wconf 88' lang='lat' dir='ltr'>cupit</span> <span class='ocrx_word' id='word_1_68' title='bbox 949 683 1379 726; x_wconf 83' lang='lat' dir='ltr'>Reuerendissimus2</span> <span class='ocrx_word' id='word_1_69' title='bbox 1411 684 1523 726; x_wconf 91' lang='lat' dir='ltr'>hunc</span> <span class='ocrx_word' id='word_1_70' title='bbox 1556 683 1704 726; x_wconf 89' lang='lat' dir='ltr'>utilem</span> <span class='ocrx_word' id='word_1_71' title='bbox 1727 682 1997 736; x_wconf 88' lang='lat' dir='ltr'>Augustanis</span> 
     </span>
     <span class='ocr_line' id='line_1_9' title="bbox 230 748 1997 803; baseline -0.001 -13"><span class='ocrx_word' id='word_1_72' title='bbox 230 748 421 790; x_wconf 88' lang='lat' dir='ltr'>laborem</span> <span class='ocrx_word' id='word_1_73' title='bbox 464 762 490 790; x_wconf 87' lang='lat' dir='ltr'>a</span> <span class='ocrx_word' id='word_1_74' title='bbox 521 749 644 790; x_wconf 89' lang='lat' dir='ltr'>nobis</span> <span class='ocrx_word' id='word_1_75' title='bbox 685 748 856 802; x_wconf 85' lang='lat' dir='ltr'>suscipi.</span> <span class='ocrx_word' id='word_1_76' title='bbox 921 749 1083 790; x_wconf 90' lang='lat' dir='ltr'>Verum</span> <span class='ocrx_word' id='word_1_77' title='bbox 1116 762 1222 802; x_wconf 90' lang='lat' dir='ltr'>quos</span> <span class='ocrx_word' id='word_1_78' title='bbox 1254 748 1341 790; x_wconf 92' lang='lat' dir='ltr'>illic</span> <span class='ocrx_word' id='word_1_79' title='bbox 1381 749 1650 803; x_wconf 84' lang='lat' dir='ltr'>professores</span> <span class='ocrx_word' id='word_1_80' title='bbox 1683 748 1997 790; x_wconf 86' lang='lat' dir='ltr'>constituamus</span> 
     </span>
     <span class='ocr_line' id='line_1_10' title="bbox 232 812 1995 868; baseline -0.001 -13"><span class='ocrx_word' id='word_1_81' title='bbox 232 813 406 855; x_wconf 86' lang='lat' dir='ltr'>difficile</span> <span class='ocrx_word' id='word_1_82' title='bbox 439 813 495 856; x_wconf 89' lang='lat' dir='ltr'>sit</span> <span class='ocrx_word' id='word_1_83' title='bbox 527 813 731 868; x_wconf 87' lang='lat' dir='ltr'>reperire,</span> <span class='ocrx_word' id='word_1_84' title='bbox 766 827 845 856; x_wconf 91' lang='lat' dir='ltr'>nec</span> <span class='ocrx_word' id='word_1_85' title='bbox 877 815 1113 867; x_wconf 91' lang='lat' dir='ltr'>suppetunt</span> <span class='ocrx_word' id='word_1_86' title='bbox 1134 813 1343 856; x_wconf 87' lang='lat' dir='ltr'>hactenus</span> <span class='ocrx_word' id='word_1_87' title='bbox 1366 814 1420 855; x_wconf 90' lang='lat' dir='ltr'>ad</span> <span class='ocrx_word' id='word_1_88' title='bbox 1443 813 1805 856; x_wconf 81' lang='lat' dir='ltr'>sustentationem</span> <span class='ocrx_word' id='word_1_89' title='bbox 1826 812 1995 854; x_wconf 92' lang='lat' dir='ltr'>illorum</span> 
     </span>
     <span class='ocr_line' id='line_1_11' title="bbox 231 877 1995 933; baseline -0.001 -13"><span class='ocrx_word' id='word_1_90' title='bbox 231 881 428 933; x_wconf 90' lang='lat' dir='ltr'>sumptus</span> <span class='ocrx_word' id='word_1_91' title='bbox 460 878 781 921; x_wconf 89' lang='lat' dir='ltr'>conuenientes.</span> <span class='ocrx_word' id='word_1_92' title='bbox 845 879 1079 921; x_wconf 87' lang='lat' dir='ltr'>Praeterea</span> <span class='ocrx_word' id='word_1_93' title='bbox 1117 893 1202 920; x_wconf 90' lang='lat' dir='ltr'>non</span> <span class='ocrx_word' id='word_1_94' title='bbox 1234 878 1359 920; x_wconf 90' lang='lat' dir='ltr'>modo</span> <span class='ocrx_word' id='word_1_95' title='bbox 1393 878 1625 932; x_wconf 82' lang='lat' dir='ltr'>Canonicj3</span> <span class='ocrx_word' id='word_1_96' title='bbox 1657 891 1778 920; x_wconf 91' lang='lat' dir='ltr'>suam</span> <span class='ocrx_word' id='word_1_97' title='bbox 1812 877 1995 920; x_wconf 85' lang='lat' dir='ltr'>uicinam</span> 
     </span>
     <span class='ocr_line' id='line_1_12' title="bbox 232 942 1996 997; baseline -0.001 -12"><span class='ocrx_word' id='word_1_98' title='bbox 232 943 423 985; x_wconf 91' lang='lat' dir='ltr'>scholam</span> <span class='ocrx_word' id='word_1_99' title='bbox 457 943 632 994; x_wconf 90' lang='lat' dir='ltr'>habent,</span> <span class='ocrx_word' id='word_1_100' title='bbox 666 958 794 997; x_wconf 88' lang='lat' dir='ltr'>quam</span> <span class='ocrx_word' id='word_1_101' title='bbox 817 957 930 985; x_wconf 90' lang='lat' dir='ltr'>nunc</span> <span class='ocrx_word' id='word_1_102' title='bbox 954 943 1231 985; x_wconf 87' lang='lat' dir='ltr'>celebriorem</span> <span class='ocrx_word' id='word_1_103' title='bbox 1255 943 1399 985; x_wconf 88' lang='lat' dir='ltr'>facere</span> <span class='ocrx_word' id='word_1_104' title='bbox 1426 946 1649 993; x_wconf 85' lang='lat' dir='ltr'>conantur,</span> <span class='ocrx_word' id='word_1_105' title='bbox 1683 956 1832 984; x_wconf 93' lang='lat' dir='ltr'>uerum</span> <span class='ocrx_word' id='word_1_106' title='bbox 1865 942 1996 984; x_wconf 88' lang='lat' dir='ltr'>etiam</span> 
     </span>
     <span class='ocr_line' id='line_1_13' title="bbox 231 1007 1995 1062; baseline -0.002 -11"><span class='ocrx_word' id='word_1_107' title='bbox 231 1008 422 1062; x_wconf 88' lang='lat' dir='ltr'>sectarij,</span> <span class='ocrx_word' id='word_1_108' title='bbox 466 1023 646 1062; x_wconf 90' lang='lat' dir='ltr'>quorum</span> <span class='ocrx_word' id='word_1_109' title='bbox 689 1011 756 1051; x_wconf 89' lang='lat' dir='ltr'>est</span> <span class='ocrx_word' id='word_1_110' title='bbox 797 1008 936 1050; x_wconf 84' lang='lat' dir='ltr'>maior</span> <span class='ocrx_word' id='word_1_111' title='bbox 967 1023 1096 1062; x_wconf 90' lang='lat' dir='ltr'>quam</span> <span class='ocrx_word' id='word_1_112' title='bbox 1129 1007 1447 1051; x_wconf 90' lang='lat' dir='ltr'>Catholicorum</span> <span class='ocrx_word' id='word_1_113' title='bbox 1480 1009 1707 1061; x_wconf 81' lang='lat' dir='ltr'>Augustae</span> <span class='ocrx_word' id='word_1_114' title='bbox 1739 1007 1995 1057; x_wconf 73' lang='lat' dir='ltr'>authoritas,</span> 
     </span>
     <span class='ocr_line' id='line_1_14' title="bbox 231 1072 1998 1128; baseline -0.001 -13"><span class='ocrx_word' id='word_1_115' title='bbox 231 1073 329 1116; x_wconf 91' lang='lat' dir='ltr'>huic</span> <span class='ocrx_word' id='word_1_116' title='bbox 368 1073 543 1116; x_wconf 88' lang='lat' dir='ltr'>scholae</span> <span class='ocrx_word' id='word_1_117' title='bbox 583 1076 760 1116; x_wconf 88' lang='lat' dir='ltr'>nostrae</span> <span class='ocrx_word' id='word_1_118' title='bbox 800 1073 1001 1116; x_wconf 87' lang='lat' dir='ltr'>instituto</span> <span class='ocrx_word' id='word_1_119' title='bbox 1044 1088 1090 1115; x_wconf 92' lang='lat' dir='ltr'>se</span> <span class='ocrx_word' id='word_1_120' title='bbox 1132 1073 1371 1128; x_wconf 87' lang='lat' dir='ltr'>opposituri</span> <span class='ocrx_word' id='word_1_121' title='bbox 1413 1073 1657 1116; x_wconf 76' lang='lat' dir='ltr'>uidentur4.</span> <span class='ocrx_word' id='word_1_122' title='bbox 1718 1072 1779 1114; x_wconf 89' lang='lat' dir='ltr'>At</span> <span class='ocrx_word' id='word_1_123' title='bbox 1818 1074 1998 1126; x_wconf 88' lang='lat' dir='ltr'>possent</span> 
     </span>
     <span class='ocr_line' id='line_1_15' title="bbox 232 1138 1998 1192; baseline -0.001 -12"><span class='ocrx_word' id='word_1_124' title='bbox 232 1138 405 1181; x_wconf 84' lang='lat' dir='ltr'>interim</span> <span class='ocrx_word' id='word_1_125' title='bbox 439 1138 611 1181; x_wconf 85' lang='lat' dir='ltr'>admitti</span> <span class='ocrx_word' id='word_1_126' title='bbox 652 1139 840 1182; x_wconf 88' lang='lat' dir='ltr'>fortasse</span> <span class='ocrx_word' id='word_1_127' title='bbox 877 1138 1028 1181; x_wconf 91' lang='lat' dir='ltr'>selecti</span> <span class='ocrx_word' id='word_1_128' title='bbox 1061 1138 1233 1192; x_wconf 89' lang='lat' dir='ltr'>quidam</span> <span class='ocrx_word' id='word_1_129' title='bbox 1266 1138 1400 1192; x_wconf 89' lang='lat' dir='ltr'>pueri,</span> <span class='ocrx_word' id='word_1_130' title='bbox 1443 1138 1515 1191; x_wconf 90' lang='lat' dir='ltr'>qui</span> <span class='ocrx_word' id='word_1_131' title='bbox 1548 1138 1602 1180; x_wconf 88' lang='lat' dir='ltr'>ab</span> <span class='ocrx_word' id='word_1_132' title='bbox 1634 1151 1718 1180; x_wconf 91' lang='lat' dir='ltr'>uno</span> <span class='ocrx_word' id='word_1_133' title='bbox 1750 1140 1921 1180; x_wconf 83' lang='lat' dir='ltr'>tantum</span> <span class='ocrx_word' id='word_1_134' title='bbox 1953 1139 1998 1179; x_wconf 91' lang='lat' dir='ltr'>et</span> 
     </span>
     <span class='ocr_line' id='line_1_16' title="bbox 234 1202 1997 1258; baseline -0.002 -12"><span class='ocrx_word' id='word_1_135' title='bbox 234 1203 373 1246; x_wconf 88' lang='lat' dir='ltr'>altero</span> <span class='ocrx_word' id='word_1_136' title='bbox 415 1206 698 1258; x_wconf 81' lang='lat' dir='ltr'>praeceptore</span> <span class='ocrx_word' id='word_1_137' title='bbox 737 1204 1033 1254; x_wconf 67' lang='lat' dir='ltr'>docerentu1=³‚</span> <span class='ocrx_word' id='word_1_138' title='bbox 1075 1203 1112 1245; x_wconf 89' lang='lat' dir='ltr'>si</span> <span class='ocrx_word' id='word_1_139' title='bbox 1144 1203 1192 1246; x_wconf 89' lang='lat' dir='ltr'>P.</span> <span class='ocrx_word' id='word_1_140' title='bbox 1225 1203 1342 1245; x_wconf 84' lang='lat' dir='ltr'>Tuae</span> <span class='ocrx_word' id='word_1_141' title='bbox 1383 1202 1445 1245; x_wconf 90' lang='lat' dir='ltr'>ita</span> <span class='ocrx_word' id='word_1_142' title='bbox 1486 1202 1623 1244; x_wconf 90' lang='lat' dir='ltr'>uisum</span> <span class='ocrx_word' id='word_1_143' title='bbox 1655 1202 1800 1253; x_wconf 86' lang='lat' dir='ltr'>fuerit,</span> <span class='ocrx_word' id='word_1_144' title='bbox 1844 1205 1888 1244; x_wconf 89' lang='lat' dir='ltr'>et</span> <span class='ocrx_word' id='word_1_145' title='bbox 1918 1215 1997 1243; x_wconf 90' lang='lat' dir='ltr'>nos</span> 
     </span>
     <span class='ocr_line' id='line_1_17' title="bbox 233 1266 1996 1323; baseline -0.002 -13"><span class='ocrx_word' id='word_1_146' title='bbox 233 1271 540 1323; x_wconf 86' lang='lat' dir='ltr'>praeceptores</span> <span class='ocrx_word' id='word_1_147' title='bbox 582 1268 684 1310; x_wconf 90' lang='lat' dir='ltr'>dare</span> <span class='ocrx_word' id='word_1_148' title='bbox 725 1268 1007 1322; x_wconf 88' lang='lat' dir='ltr'>potuerimus.</span> <span class='ocrx_word' id='word_1_149' title='bbox 1072 1268 1192 1318; x_wconf 87' lang='lat' dir='ltr'>Quod</span> <span class='ocrx_word' id='word_1_150' title='bbox 1225 1268 1280 1310; x_wconf 90' lang='lat' dir='ltr'>ad</span> <span class='ocrx_word' id='word_1_151' title='bbox 1313 1267 1550 1310; x_wconf 85' lang='lat' dir='ltr'>Canonicos</span> <span class='ocrx_word' id='word_1_152' title='bbox 1583 1267 1756 1318; x_wconf 86' lang='lat' dir='ltr'>attinet,</span> <span class='ocrx_word' id='word_1_153' title='bbox 1799 1266 1903 1309; x_wconf 92' lang='lat' dir='ltr'>nihil</span> <span class='ocrx_word' id='word_1_154' title='bbox 1934 1266 1996 1308; x_wconf 90' lang='lat' dir='ltr'>illi</span> 
     </span>
     <span class='ocr_line' id='line_1_18' title="bbox 236 1330 1998 1388; baseline -0.002 -13"><span class='ocrx_word' id='word_1_155' title='bbox 236 1347 261 1375; x_wconf 89' lang='lat' dir='ltr'>a</span> <span class='ocrx_word' id='word_1_156' title='bbox 304 1333 426 1374; x_wconf 91' lang='lat' dir='ltr'>nobis</span> <span class='ocrx_word' id='word_1_157' title='bbox 466 1333 690 1388; x_wconf 89' lang='lat' dir='ltr'>postulant</span> <span class='ocrx_word' id='word_1_158' title='bbox 732 1333 860 1383; x_wconf 89' lang='lat' dir='ltr'>aliud,</span> <span class='ocrx_word' id='word_1_159' title='bbox 907 1347 1046 1387; x_wconf 87' lang='lat' dir='ltr'>neque</span> <span class='ocrx_word' id='word_1_160' title='bbox 1087 1333 1350 1387; x_wconf 88' lang='lat' dir='ltr'>postulaturi</span> <span class='ocrx_word' id='word_1_161' title='bbox 1391 1333 1606 1383; x_wconf 87' lang='lat' dir='ltr'>uidentur,</span> <span class='ocrx_word' id='word_1_162' title='bbox 1650 1332 1731 1373; x_wconf 90' lang='lat' dir='ltr'>nisi</span> <span class='ocrx_word' id='word_1_163' title='bbox 1772 1334 1820 1374; x_wconf 90' lang='lat' dir='ltr'>ut</span> <span class='ocrx_word' id='word_1_164' title='bbox 1861 1330 1998 1373; x_wconf 84' lang='lat' dir='ltr'>nostri</span> 
     </span>
     <span class='ocr_line' id='line_1_19' title="bbox 236 1395 1997 1452; baseline -0.002 -12"><span class='ocrx_word' id='word_1_165' title='bbox 236 1398 463 1452; x_wconf 86' lang='lat' dir='ltr'>Augustae</span> <span class='ocrx_word' id='word_1_166' title='bbox 496 1398 813 1441; x_wconf 89' lang='lat' dir='ltr'>concionentur.</span> <span class='ocrx_word' id='word_1_167' title='bbox 868 1398 988 1448; x_wconf 86' lang='lat' dir='ltr'>Quod</span> <span class='ocrx_word' id='word_1_168' title='bbox 1021 1398 1057 1439; x_wconf 91' lang='lat' dir='ltr'>si</span> <span class='ocrx_word' id='word_1_169' title='bbox 1089 1401 1330 1440; x_wconf 86' lang='lat' dir='ltr'>moreretur</span> <span class='ocrx_word' id='word_1_170' title='bbox 1362 1397 1726 1439; x_wconf 82' lang='lat' dir='ltr'>Reuerendissimi</span> <span class='ocrx_word' id='word_1_171' title='bbox 1759 1395 1997 1439; x_wconf 89' lang='lat' dir='ltr'>Cardinalis</span> 
     </span>
     <span class='ocr_line' id='line_1_20' title="bbox 236 1460 1994 1517; baseline -0.002 -12"><span class='ocrx_word' id='word_1_172' title='bbox 236 1477 383 1517; x_wconf 85' lang='lat' dir='ltr'>nepos,</span> <span class='ocrx_word' id='word_1_173' title='bbox 417 1462 489 1516; x_wconf 90' lang='lat' dir='ltr'>qui</span> <span class='ocrx_word' id='word_1_174' title='bbox 521 1477 622 1505; x_wconf 90' lang='lat' dir='ltr'>suas</span> <span class='ocrx_word' id='word_1_175' title='bbox 655 1463 784 1505; x_wconf 90' lang='lat' dir='ltr'>aedes</span> <span class='ocrx_word' id='word_1_176' title='bbox 817 1477 843 1505; x_wconf 89' lang='lat' dir='ltr'>a</span> <span class='ocrx_word' id='word_1_177' title='bbox 866 1462 1091 1505; x_wconf 90' lang='lat' dir='ltr'>Canonicis</span> <span class='ocrx_word' id='word_1_178' title='bbox 1124 1465 1293 1517; x_wconf 86' lang='lat' dir='ltr'>emptas</span> <span class='ocrx_word' id='word_1_179' title='bbox 1325 1462 1486 1504; x_wconf 87' lang='lat' dir='ltr'>nostris</span> <span class='ocrx_word' id='word_1_180' title='bbox 1511 1461 1815 1505; x_wconf 87' lang='lat' dir='ltr'>inhabitandas</span> <span class='ocrx_word' id='word_1_181' title='bbox 1838 1460 1994 1511; x_wconf 84' lang='lat' dir='ltr'>dedit5,</span> 
     </span>
     <span class='ocr_line' id='line_1_21' title="bbox 236 1525 1997 1581; baseline -0.002 -11"><span class='ocrx_word' id='word_1_182' title='bbox 236 1527 428 1570; x_wconf 88' lang='lat' dir='ltr'>redirent</span> <span class='ocrx_word' id='word_1_183' title='bbox 469 1528 598 1570; x_wconf 90' lang='lat' dir='ltr'>aedes</span> <span class='ocrx_word' id='word_1_184' title='bbox 639 1528 692 1570; x_wconf 88' lang='lat' dir='ltr'>ad</span> <span class='ocrx_word' id='word_1_185' title='bbox 726 1528 976 1579; x_wconf 88' lang='lat' dir='ltr'>Canonicos,</span> <span class='ocrx_word' id='word_1_186' title='bbox 1018 1527 1263 1581; x_wconf 88' lang='lat' dir='ltr'>nostrisque</span> <span class='ocrx_word' id='word_1_187' title='bbox 1300 1527 1572 1580; x_wconf 90' lang='lat' dir='ltr'>migrandum</span> <span class='ocrx_word' id='word_1_188' title='bbox 1604 1527 1730 1578; x_wconf 85' lang='lat' dir='ltr'>foret,</span> <span class='ocrx_word' id='word_1_189' title='bbox 1773 1540 1868 1569; x_wconf 91' lang='lat' dir='ltr'>cum</span> <span class='ocrx_word' id='word_1_190' title='bbox 1899 1525 1997 1568; x_wconf 90' lang='lat' dir='ltr'>illas</span> 
     </span>
     <span class='ocr_line' id='line_1_22' title="bbox 235 1592 1997 1647; baseline -0.001 -13"><span class='ocrx_word' id='word_1_191' title='bbox 235 1593 345 1647; x_wconf 91' lang='lat' dir='ltr'>alijs,</span> <span class='ocrx_word' id='word_1_192' title='bbox 379 1597 427 1635; x_wconf 88' lang='lat' dir='ltr'>ut</span> <span class='ocrx_word' id='word_1_193' title='bbox 458 1594 519 1643; x_wconf 83' lang='lat' dir='ltr'>fit,</span> <span class='ocrx_word' id='word_1_194' title='bbox 554 1593 759 1635; x_wconf 67' lang='lat' dir='ltr'>elocentb.</span> <span class='ocrx_word' id='word_1_195' title='bbox 813 1593 961 1646; x_wconf 82' lang='lat' dir='ltr'>Jgitur</span> <span class='ocrx_word' id='word_1_196' title='bbox 992 1592 1204 1635; x_wconf 87' lang='lat' dir='ltr'>habitatio</span> <span class='ocrx_word' id='word_1_197' title='bbox 1228 1594 1351 1634; x_wconf 87' lang='lat' dir='ltr'>firma</span> <span class='ocrx_word' id='word_1_198' title='bbox 1372 1593 1599 1645; x_wconf 84' lang='lat' dir='ltr'>Augustae</span> <span class='ocrx_word' id='word_1_199' title='bbox 1631 1592 1753 1633; x_wconf 88' lang='lat' dir='ltr'>nobis</span> <span class='ocrx_word' id='word_1_200' title='bbox 1784 1605 1869 1633; x_wconf 91' lang='lat' dir='ltr'>non</span> <span class='ocrx_word' id='word_1_201' title='bbox 1896 1604 1997 1632; x_wconf 91' lang='lat' dir='ltr'>con-</span> 
     </span>
     <span class='ocr_line' id='line_1_23' title="bbox 235 1655 1994 1712; baseline -0.002 -11"><span class='ocrx_word' id='word_1_202' title='bbox 235 1658 348 1711; x_wconf 85' lang='lat' dir='ltr'>tigit,</span> <span class='ocrx_word' id='word_1_203' title='bbox 392 1672 469 1699; x_wconf 90' lang='lat' dir='ltr'>nec</span> <span class='ocrx_word' id='word_1_204' title='bbox 501 1658 629 1699; x_wconf 88' lang='lat' dir='ltr'>facile</span> <span class='ocrx_word' id='word_1_205' title='bbox 662 1658 884 1712; x_wconf 88' lang='lat' dir='ltr'>impetrari</span> <span class='ocrx_word' id='word_1_206' title='bbox 918 1661 1076 1712; x_wconf 88' lang='lat' dir='ltr'>potest,</span> <span class='ocrx_word' id='word_1_207' title='bbox 1119 1672 1170 1700; x_wconf 90' lang='grc'>30</span> <span class='ocrx_word' id='word_1_208' title='bbox 1202 1658 1337 1700; x_wconf 91' lang='lat' dir='ltr'>multo</span> <span class='ocrx_word' id='word_1_209' title='bbox 1371 1657 1542 1710; x_wconf 90' lang='lat' dir='ltr'>quidem</span> <span class='ocrx_word' id='word_1_210' title='bbox 1575 1657 1714 1698; x_wconf 90' lang='lat' dir='ltr'>minus</span> <span class='ocrx_word' id='word_1_211' title='bbox 1747 1655 1994 1709; x_wconf 85' lang='lat' dir='ltr'>Collegium.</span> 
     </span>
     <span class='ocr_line' id='line_1_24' title="bbox 236 1721 1997 1776; baseline -0.002 -11"><span class='ocrx_word' id='word_1_212' title='bbox 236 1724 330 1765; x_wconf 92' lang='lat' dir='ltr'>Hoc</span> <span class='ocrx_word' id='word_1_213' title='bbox 374 1737 505 1765; x_wconf 92' lang='lat' dir='ltr'>unum</span> <span class='ocrx_word' id='word_1_214' title='bbox 549 1723 726 1773; x_wconf 85' lang='lat' dir='ltr'>addam,</span> <span class='ocrx_word' id='word_1_215' title='bbox 778 1723 922 1765; x_wconf 86' lang='lat' dir='ltr'>uarias</span> <span class='ocrx_word' id='word_1_216' title='bbox 967 1723 1234 1766; x_wconf 86' lang='lat' dir='ltr'>tentationes</span> <span class='ocrx_word' id='word_1_217' title='bbox 1277 1723 1438 1765; x_wconf 86' lang='lat' dir='ltr'>nostris</span> <span class='ocrx_word' id='word_1_218' title='bbox 1478 1722 1705 1776; x_wconf 89' lang='lat' dir='ltr'>Augustae</span> <span class='ocrx_word' id='word_1_219' title='bbox 1749 1721 1997 1774; x_wconf 87' lang='lat' dir='ltr'>frequentes</span> 
     </span>
     <span class='ocr_line' id='line_1_25' title="bbox 237 1785 1996 1842; baseline -0.002 -12"><span class='ocrx_word' id='word_1_220' title='bbox 237 1802 345 1839; x_wconf 89' lang='lat' dir='ltr'>esse,</span> <span class='ocrx_word' id='word_1_221' title='bbox 379 1802 486 1841; x_wconf 90' lang='lat' dir='ltr'>quas</span> <span class='ocrx_word' id='word_1_222' title='bbox 509 1791 641 1841; x_wconf 90' lang='lat' dir='ltr'>auget</span> <span class='ocrx_word' id='word_1_223' title='bbox 673 1802 954 1842; x_wconf 88' lang='lat' dir='ltr'>personarum</span> <span class='ocrx_word' id='word_1_224' title='bbox 979 1788 1336 1829; x_wconf 87' lang='lat' dir='ltr'>commorantium</span> <span class='ocrx_word' id='word_1_225' title='bbox 1368 1787 1454 1829; x_wconf 93' lang='lat' dir='ltr'>illic</span> <span class='ocrx_word' id='word_1_226' title='bbox 1486 1786 1682 1840; x_wconf 88' lang='lat' dir='ltr'>paucitas</span> <span class='ocrx_word' id='word_1_227' title='bbox 1715 1788 1759 1828; x_wconf 89' lang='lat' dir='ltr'>et</span> <span class='ocrx_word' id='word_1_228' title='bbox 1790 1785 1996 1827; x_wconf 86' lang='lat' dir='ltr'>nonnulla</span> 
     </span>
     <span class='ocr_line' id='line_1_26' title="bbox 235 1850 1996 1906; baseline -0.002 -11"><span class='ocrx_word' id='word_1_229' title='bbox 235 1853 428 1903; x_wconf 87' lang='lat' dir='ltr'>libertas,</span> <span class='ocrx_word' id='word_1_230' title='bbox 471 1853 570 1894; x_wconf 91' lang='lat' dir='ltr'>dum</span> <span class='ocrx_word' id='word_1_231' title='bbox 604 1867 688 1894; x_wconf 90' lang='lat' dir='ltr'>non</span> <span class='ocrx_word' id='word_1_232' title='bbox 720 1867 868 1906; x_wconf 86' lang='lat' dir='ltr'>aeque,</span> <span class='ocrx_word' id='word_1_233' title='bbox 912 1853 1024 1894; x_wconf 89' lang='lat' dir='ltr'>sicut</span> <span class='ocrx_word' id='word_1_234' title='bbox 1055 1853 1098 1894; x_wconf 91' lang='lat' dir='ltr'>in</span> <span class='ocrx_word' id='word_1_235' title='bbox 1131 1852 1366 1906; x_wconf 78' lang='lat' dir='ltr'>Collegijs⁰,</span> <span class='ocrx_word' id='word_1_236' title='bbox 1409 1851 1611 1905; x_wconf 88' lang='lat' dir='ltr'>religiosa</span> <span class='ocrx_word' id='word_1_237' title='bbox 1653 1850 1878 1905; x_wconf 83' lang='lat' dir='ltr'>disciplina</span> <span class='ocrx_word' id='word_1_238' title='bbox 1910 1850 1996 1892; x_wconf 89' lang='lat' dir='ltr'>illic</span> 
     </span>
     <span class='ocr_line' id='line_1_27' title="bbox 235 1915 1996 1973; baseline -0.002 -13"><span class='ocrx_word' id='word_1_239' title='bbox 235 1921 381 1973; x_wconf 89' lang='lat' dir='ltr'>potest</span> <span class='ocrx_word' id='word_1_240' title='bbox 403 1917 625 1960; x_wconf 87' lang='lat' dir='ltr'>obseruari</span> <span class='ocrx_word' id='word_1_241' title='bbox 638 1918 666 1962; x_wconf 75' lang='grc'>6.</span> <span class='ocrx_word' id='word_1_242' title='bbox 699 1917 893 1968; x_wconf 86' lang='lat' dir='ltr'>Accedit,</span> <span class='ocrx_word' id='word_1_243' title='bbox 918 1918 1030 1971; x_wconf 90' lang='lat' dir='ltr'>quod</span> <span class='ocrx_word' id='word_1_244' title='bbox 1053 1917 1274 1971; x_wconf 90' lang='lat' dir='ltr'>praecipui</span> <span class='ocrx_word' id='word_1_245' title='bbox 1291 1931 1369 1959; x_wconf 91' lang='lat' dir='ltr'>nec</span> <span class='ocrx_word' id='word_1_246' title='bbox 1391 1920 1542 1967; x_wconf 87' lang='lat' dir='ltr'>artem,</span> <span class='ocrx_word' id='word_1_247' title='bbox 1567 1930 1645 1958; x_wconf 91' lang='lat' dir='ltr'>nec</span> <span class='ocrx_word' id='word_1_248' title='bbox 1662 1930 1786 1958; x_wconf 92' lang='lat' dir='ltr'>usum</span> <span class='ocrx_word' id='word_1_249' title='bbox 1807 1915 1996 1957; x_wconf 88' lang='lat' dir='ltr'>habeant</span> 
     </span>
     <span class='ocr_line' id='line_1_28' title="bbox 234 1979 1995 2036; baseline -0.003 -11"><span class='ocrx_word' id='word_1_250' title='bbox 234 1985 353 2025; x_wconf 90' lang='lat' dir='ltr'>recte</span> <span class='ocrx_word' id='word_1_251' title='bbox 384 1982 674 2036; x_wconf 86' lang='lat' dir='ltr'>gubernandi:</span> <span class='ocrx_word' id='word_1_252' title='bbox 708 1982 832 2024; x_wconf 88' lang='lat' dir='ltr'>Vnde</span> <span class='ocrx_word' id='word_1_253' title='bbox 854 1996 933 2024; x_wconf 91' lang='lat' dir='ltr'>nec</span> <span class='ocrx_word' id='word_1_254' title='bbox 965 1996 1116 2036; x_wconf 90' lang='lat' dir='ltr'>parum</span> <span class='ocrx_word' id='word_1_255' title='bbox 1139 1982 1281 2025; x_wconf 90' lang='lat' dir='ltr'>solent</span> <span class='ocrx_word' id='word_1_256' title='bbox 1314 1981 1464 2035; x_wconf 85' lang='lat' dir='ltr'>affligi,</span> <span class='ocrx_word' id='word_1_257' title='bbox 1499 1984 1543 2023; x_wconf 89' lang='lat' dir='ltr'>et</span> <span class='ocrx_word' id='word_1_258' title='bbox 1576 1982 1627 2023; x_wconf 93' lang='lat' dir='ltr'>de</span> <span class='ocrx_word' id='word_1_259' title='bbox 1659 1981 1755 2034; x_wconf 87' lang='lat' dir='ltr'>alijs</span> <span class='ocrx_word' id='word_1_260' title='bbox 1787 1979 1995 2022; x_wconf 84' lang='lat' dir='ltr'>fratribus</span> 
     </span>
     <span class='ocr_line' id='line_1_29' title="bbox 235 2043 1995 2101; baseline -0.002 -12"><span class='ocrx_word' id='word_1_261' title='bbox 235 2047 452 2101; x_wconf 88' lang='lat' dir='ltr'>conqueri,</span> <span class='ocrx_word' id='word_1_262' title='bbox 495 2050 540 2090; x_wconf 90' lang='lat' dir='ltr'>et</span> <span class='ocrx_word' id='word_1_263' title='bbox 580 2046 781 2089; x_wconf 90' lang='lat' dir='ltr'>meliores</span> <span class='ocrx_word' id='word_1_264' title='bbox 813 2046 952 2088; x_wconf 92' lang='lat' dir='ltr'>socios</span> <span class='ocrx_word' id='word_1_265' title='bbox 986 2047 1243 2089; x_wconf 88' lang='lat' dir='ltr'>desiderare.</span> <span class='ocrx_word' id='word_1_266' title='bbox 1309 2047 1497 2089; x_wconf 86' lang='lat' dir='ltr'>Putabat</span> <span class='ocrx_word' id='word_1_267' title='bbox 1530 2060 1696 2088; x_wconf 91' lang='lat' dir='ltr'>mecum</span> <span class='ocrx_word' id='word_1_268' title='bbox 1728 2046 1888 2087; x_wconf 86' lang='lat' dir='ltr'>Rector</span> <span class='ocrx_word' id='word_1_269' title='bbox 1920 2043 1995 2085; x_wconf 90' lang='lat' dir='ltr'>Di-</span> 
     </span>
     <span class='ocr_line' id='line_1_30' title="bbox 235 2109 1993 2166; baseline -0.002 -12"><span class='ocrx_word' id='word_1_270' title='bbox 235 2112 455 2166; x_wconf 85' lang='lat' dir='ltr'>lingensiS,</span> <span class='ocrx_word' id='word_1_271' title='bbox 499 2111 571 2165; x_wconf 89' lang='lat' dir='ltr'>qui</span> <span class='ocrx_word' id='word_1_272' title='bbox 613 2112 777 2153; x_wconf 90' lang='lat' dir='ltr'>duobus</span> <span class='ocrx_word' id='word_1_273' title='bbox 819 2111 903 2153; x_wconf 89' lang='lat' dir='ltr'>iam</span> <span class='ocrx_word' id='word_1_274' title='bbox 946 2111 1164 2153; x_wconf 89' lang='lat' dir='ltr'>mensibus</span> <span class='ocrx_word' id='word_1_275' title='bbox 1205 2112 1432 2165; x_wconf 88' lang='lat' dir='ltr'>Augustae</span> <span class='ocrx_word' id='word_1_276' title='bbox 1474 2111 1598 2161; x_wconf 80' lang='lat' dir='ltr'>uixit,</span> <span class='ocrx_word' id='word_1_277' title='bbox 1645 2109 1993 2165; x_wconf 89' lang='lat' dir='ltr'>operaeprecium</span> 
     </span>
     <span class='ocr_line' id='line_1_31' title="bbox 233 2174 1992 2230; baseline -0.003 -11"><span class='ocrx_word' id='word_1_278' title='bbox 233 2177 339 2229; x_wconf 88' lang='lat' dir='ltr'>fore,</span> <span class='ocrx_word' id='word_1_279' title='bbox 372 2177 408 2219; x_wconf 91' lang='lat' dir='ltr'>si</span> <span class='ocrx_word' id='word_1_280' title='bbox 441 2176 569 2219; x_wconf 91' lang='lat' dir='ltr'>Vitus</span> <span class='ocrx_word' id='word_1_281' title='bbox 600 2176 740 2218; x_wconf 87' lang='lat' dir='ltr'>frater</span> <span class='ocrx_word' id='word_1_282' title='bbox 773 2176 1014 2219; x_wconf 81' lang='lat' dir='ltr'>Germanus</span> <span class='ocrx_word' id='word_1_283' title='bbox 1047 2177 1118 2230; x_wconf 89' lang='lat' dir='ltr'>qui</span> <span class='ocrx_word' id='word_1_284' title='bbox 1151 2177 1315 2218; x_wconf 86' lang='lat' dir='ltr'>Romae</span> <span class='ocrx_word' id='word_1_285' title='bbox 1347 2180 1414 2218; x_wconf 91' lang='lat' dir='ltr'>est</span> <span class='ocrx_word' id='word_1_286' title='bbox 1428 2177 1457 2226; x_wconf 83' lang='lat'>7,</span> <span class='ocrx_word' id='word_1_287' title='bbox 1490 2176 1717 2229; x_wconf 88' lang='lat' dir='ltr'>Augustae</span> <span class='ocrx_word' id='word_1_288' title='bbox 1749 2174 1992 2217; x_wconf 89' lang='lat' dir='ltr'>Ministrum</span> 
     </span>
     <span class='ocr_line' id='line_1_32' title="bbox 233 2239 1991 2297; baseline -0.003 -12"><span class='ocrx_word' id='word_1_289' title='bbox 233 2246 399 2297; x_wconf 84' lang='lat' dir='ltr'>ageret,</span> <span class='ocrx_word' id='word_1_290' title='bbox 427 2256 522 2284; x_wconf 91' lang='lat' dir='ltr'>cum</span> <span class='ocrx_word' id='word_1_291' title='bbox 545 2241 592 2284; x_wconf 88' lang='lat' dir='ltr'>P.</span> <span class='ocrx_word' id='word_1_292' title='bbox 618 2241 851 2294; x_wconf 81' lang='lat' dir='ltr'>Gregorius</span> <span class='ocrx_word' id='word_1_293' title='bbox 874 2244 918 2284; x_wconf 92' lang='lat' dir='ltr'>et</span> <span class='ocrx_word' id='word_1_294' title='bbox 944 2240 1061 2296; x_wconf 73' lang='lat' dir='ltr'>[R]d</span> <span class='ocrx_word' id='word_1_295' title='bbox 1085 2242 1395 2284; x_wconf 80' lang='lat' dir='ltr'>WendelinusS</span> <span class='ocrx_word' id='word_1_296' title='bbox 1423 2241 1569 2283; x_wconf 88' lang='lat' dir='ltr'>uarias</span> <span class='ocrx_word' id='word_1_297' title='bbox 1600 2241 1668 2282; x_wconf 91' lang='lat' dir='ltr'>hic</span> <span class='ocrx_word' id='word_1_298' title='bbox 1700 2239 1991 2289; x_wconf 85' lang='lat' dir='ltr'>difficultates,</span> 
     </span>
     <span class='ocr_line' id='line_1_33' title="bbox 234 2305 1993 2361; baseline -0.002 -12"><span class='ocrx_word' id='word_1_299' title='bbox 234 2321 341 2360; x_wconf 89' lang='lat' dir='ltr'>quas</span> <span class='ocrx_word' id='word_1_300' title='bbox 373 2321 504 2360; x_wconf 88' lang='lat' dir='ltr'>aegre</span> <span class='ocrx_word' id='word_1_301' title='bbox 536 2307 815 2361; x_wconf 89' lang='lat' dir='ltr'>superabunt,</span> <span class='ocrx_word' id='word_1_302' title='bbox 858 2307 1028 2349; x_wconf 90' lang='lat' dir='ltr'>soleant</span> <span class='ocrx_word' id='word_1_303' title='bbox 1059 2306 1261 2361; x_wconf 85' lang='lat' dir='ltr'>experiri.</span> <span class='ocrx_word' id='word_1_304' title='bbox 1325 2307 1389 2348; x_wconf 91' lang='lat' dir='ltr'>De</span> <span class='ocrx_word' id='word_1_305' title='bbox 1421 2306 1522 2348; x_wconf 86' lang='lat' dir='ltr'>Vito</span> <span class='ocrx_word' id='word_1_306' title='bbox 1556 2309 1701 2348; x_wconf 89' lang='lat' dir='ltr'>autem</span> <span class='ocrx_word' id='word_1_307' title='bbox 1734 2305 1816 2346; x_wconf 92' lang='grc'><strong>11110</strong></span> <span class='ocrx_word' id='word_1_308' title='bbox 1848 2307 1993 2346; x_wconf 88' lang='lat' dir='ltr'>trans-</span> 
     </span>
     <span class='ocr_line' id='line_1_34' title="bbox 233 2372 820 2414; baseline -0.002 0"><span class='ocrx_word' id='word_1_309' title='bbox 233 2372 411 2414; x_wconf 86' lang='lat' dir='ltr'>ferendo</span> <span class='ocrx_word' id='word_1_310' title='bbox 443 2372 603 2414; x_wconf 90' lang='lat' dir='ltr'>iudicet</span> <span class='ocrx_word' id='word_1_311' title='bbox 634 2372 681 2414; x_wconf 91' lang='lat' dir='ltr'>P.</span> <span class='ocrx_word' id='word_1_312' title='bbox 715 2372 820 2414; x_wconf 88' lang='lat' dir='ltr'>Tua.</span> 
     </span>
    </p>
   </div>
   <div class='ocr_carea' id='block_1_3' title="bbox 234 2466 1992 2661">
    <p class='ocr_par' dir='ltr' id='par_1_4' title="bbox 234 2466 1992 2661">
     <span class='ocr_line' id='line_1_35' title="bbox 353 2466 1992 2499; baseline -0.002 -5"><span class='ocrx_word' id='word_1_313' title='bbox 353 2470 381 2499; x_wconf 81' lang='lat' dir='ltr'>a)</span> <span class='ocrx_word' id='word_1_314' title='bbox 403 2470 450 2494; x_wconf 82' lang='lat' dir='ltr'>Ita</span> <span class='ocrx_word' id='word_1_315' title='bbox 472 2471 499 2494; x_wconf 89' lang='lat' dir='ltr'>C.</span> <span class='ocrx_word' id='word_1_316' title='bbox 519 2470 646 2494; x_wconf 73' lang='lat' dir='ltr'>correxit</span> <span class='ocrx_word' id='word_1_317' title='bbox 667 2477 702 2494; x_wconf 64' lang='lat' dir='ltr'>ea:</span> <span class='ocrx_word' id='word_1_318' title='bbox 722 2468 878 2494; x_wconf 87' lang='lat' dir='ltr'>docentur.</span> <span class='ocrx_word' id='word_1_319' title='bbox 970 2467 1000 2499; x_wconf 84' lang='lat' dir='ltr'>b)</span> <span class='ocrx_word' id='word_1_320' title='bbox 1022 2470 1068 2493; x_wconf 83' lang='lat' dir='ltr'>Ita</span> <span class='ocrx_word' id='word_1_321' title='bbox 1091 2472 1120 2493; x_wconf 60' lang='lat' dir='ltr'>(J.</span> <span class='ocrx_word' id='word_1_322' title='bbox 1140 2468 1267 2493; x_wconf 50' lang='lat' dir='ltr'>carrea-it</span> <span class='ocrx_word' id='word_1_323' title='bbox 1288 2475 1322 2492; x_wconf 68' lang='lat' dir='ltr'>ea:</span> <span class='ocrx_word' id='word_1_324' title='bbox 1342 2466 1496 2492; x_wconf 81' lang='lat' dir='ltr'>elocarent</span> <span class='ocrx_word' id='word_1_325' title='bbox 1521 2467 1562 2491; x_wconf 76' lang='lat' dir='ltr'>rel</span> <span class='ocrx_word' id='word_1_326' title='bbox 1581 2467 1672 2491; x_wconf 83' lang='lat' dir='ltr'>simili</span> <span class='ocrx_word' id='word_1_327' title='bbox 1694 2474 1716 2491; x_wconf 75' lang='lat' dir='ltr'>r.</span> <span class='ocrx_word' id='word_1_328' title='bbox 1808 2466 1833 2496; x_wconf 86' lang='grc'>0)</span> <span class='ocrx_word' id='word_1_329' title='bbox 1855 2466 1992 2498; x_wconf 76' lang='lat' dir='ltr'>Sequitur</span> 
     </span>
     <span class='ocr_line' id='line_1_36' title="bbox 234 2509 1064 2542; baseline 0 -8"><span class='ocrx_word' id='word_1_330' title='bbox 234 2509 303 2541; x_wconf 81' lang='lat' dir='ltr'>illic,</span> <span class='ocrx_word' id='word_1_331' title='bbox 324 2511 412 2535; x_wconf 77' lang='lat' dir='ltr'>oblitt.</span> <span class='ocrx_word' id='word_1_332' title='bbox 487 2509 515 2539; x_wconf 72' lang='lat' dir='ltr'>d)</span> <span class='ocrx_word' id='word_1_333' title='bbox 537 2511 731 2542; x_wconf 73' lang='lat' dir='ltr'>Archetypum</span> <span class='ocrx_word' id='word_1_334' title='bbox 753 2511 798 2534; x_wconf 71' lang='lat' dir='ltr'>hic</span> <span class='ocrx_word' id='word_1_335' title='bbox 818 2510 950 2534; x_wconf 77' lang='lat' dir='ltr'>lacunam</span> <span class='ocrx_word' id='word_1_336' title='bbox 972 2510 1064 2534; x_wconf 73' lang='lat' dir='ltr'>habet.</span> 
     </span>
     <span class='ocr_line' id='line_1_37' title="bbox 359 2624 1226 2661; baseline -0.002 0"><span class='ocrx_word' id='word_1_337' title='bbox 359 2629 367 2647; x_wconf 84' lang='lat'><em>¹</em></span> <span class='ocrx_word' id='word_1_338' title='bbox 394 2627 603 2661; x_wconf 86' lang='lat' dir='ltr'>Truchsess.</span> <span class='ocrx_word' id='word_1_339' title='bbox 750 2627 763 2647; x_wconf 75' lang='lat'><strong>²</strong></span> <span class='ocrx_word' id='word_1_340' title='bbox 790 2626 990 2661; x_wconf 87' lang='lat' dir='ltr'>Cardinalis</span> <span class='ocrx_word' id='word_1_341' title='bbox 1016 2624 1226 2659; x_wconf 89' lang='lat' dir='ltr'>Truchsess.</span> 
     </span>
    </p>
   </div>
   <div class='ocr_carea' id='block_1_4' title="bbox 236 2679 1991 3197">
    <p class='ocr_par' dir='ltr' id='par_1_5' title="bbox 355 2679 1054 2725">
     <span class='ocr_line' id='line_1_38' title="bbox 355 2679 1054 2725; baseline -0.001 -11"><span class='ocrx_word' id='word_1_342' title='bbox 355 2681 367 2700; x_wconf 79' lang='lat'>³</span> <span class='ocrx_word' id='word_1_343' title='bbox 394 2680 597 2725; x_wconf 87' lang='lat' dir='ltr'>Capitulum</span> <span class='ocrx_word' id='word_1_344' title='bbox 625 2680 799 2714; x_wconf 83' lang='lat' dir='ltr'>ecclesiae</span> <span class='ocrx_word' id='word_1_345' title='bbox 826 2679 1054 2714; x_wconf 85' lang='lat' dir='ltr'>cathedralis.</span> 
     </span>
    </p>

    <p class='ocr_par' dir='ltr' id='par_1_6' title="bbox 236 2729 1990 2829">
     <span class='ocr_line' id='line_1_39' title="bbox 354 2729 1990 2778; baseline -0.003 -11"><span class='ocrx_word' id='word_1_346' title='bbox 354 2735 367 2753; x_wconf 68' lang='lat'>⁴</span> <span class='ocrx_word' id='word_1_347' title='bbox 393 2733 642 2767; x_wconf 86' lang='lat' dir='ltr'>Protestantes</span> <span class='ocrx_word' id='word_1_348' title='bbox 668 2733 898 2778; x_wconf 83' lang='lat' dir='ltr'>gymnasium</span> <span class='ocrx_word' id='word_1_349' title='bbox 925 2732 958 2767; x_wconf 80' lang='lat' dir='ltr'>S.</span> <span class='ocrx_word' id='word_1_350' title='bbox 982 2733 1107 2766; x_wconf 85' lang='lat' dir='ltr'>Annae</span> <span class='ocrx_word' id='word_1_351' title='bbox 1133 2731 1324 2772; x_wconf 84' lang='lat' dir='ltr'>habebant,</span> <span class='ocrx_word' id='word_1_352' title='bbox 1351 2731 1407 2765; x_wconf 92' lang='lat' dir='ltr'>cui</span> <span class='ocrx_word' id='word_1_353' title='bbox 1434 2732 1601 2775; x_wconf 86' lang='lat' dir='ltr'>praeerat</span> <span class='ocrx_word' id='word_1_354' title='bbox 1626 2729 1867 2773; x_wconf 81' lang='lat' dir='ltr'>Hieronymus</span> <span class='ocrx_word' id='word_1_355' title='bbox 1880 2729 1990 2771; x_wconf 87' lang='lat' dir='ltr'>Wolf,</span> 
     </span>
     <span class='ocr_line' id='line_1_40' title="bbox 236 2781 1843 2829; baseline -0.001 -11"><span class='ocrx_word' id='word_1_356' title='bbox 236 2785 290 2818; x_wconf 77' lang='lat' dir='ltr'>vir</span> <span class='ocrx_word' id='word_1_357' title='bbox 319 2788 353 2819; x_wconf 85' lang='lat' dir='ltr'>et</span> <span class='ocrx_word' id='word_1_358' title='bbox 380 2786 527 2820; x_wconf 91' lang='lat' dir='ltr'>docendi</span> <span class='ocrx_word' id='word_1_359' title='bbox 554 2789 630 2820; x_wconf 87' lang='lat' dir='ltr'>arte</span> <span class='ocrx_word' id='word_1_360' title='bbox 657 2790 692 2820; x_wconf 90' lang='lat' dir='ltr'>et</span> <span class='ocrx_word' id='word_1_361' title='bbox 719 2797 928 2829; x_wconf 86' lang='lat' dir='ltr'>graecarum</span> <span class='ocrx_word' id='word_1_362' title='bbox 955 2785 1157 2819; x_wconf 86' lang='lat' dir='ltr'>litterarum</span> <span class='ocrx_word' id='word_1_363' title='bbox 1182 2784 1334 2819; x_wconf 84' lang='lat' dir='ltr'>scientia</span> <span class='ocrx_word' id='word_1_364' title='bbox 1359 2783 1512 2827; x_wconf 85' lang='lat' dir='ltr'>insignis</span> <span class='ocrx_word' id='word_1_365' title='bbox 1539 2782 1643 2825; x_wconf 77' lang='lat' dir='ltr'>(Can.</span> <span class='ocrx_word' id='word_1_366' title='bbox 1670 2781 1719 2815; x_wconf 89' lang='lat' dir='ltr'>IV</span> <span class='ocrx_word' id='word_1_367' title='bbox 1745 2782 1843 2825; x_wconf 79' lang='lat'>43³).</span> 
     </span>
    </p>

    <p class='ocr_par' dir='ltr' id='par_1_7' title="bbox 356 2835 1990 2879">
     <span class='ocr_line' id='line_1_41' title="bbox 356 2835 1990 2879; baseline -0.004 -6"><span class='ocrx_word' id='word_1_368' title='bbox 356 2840 368 2858; x_wconf 84' lang='lat'>⁵</span> <span class='ocrx_word' id='word_1_369' title='bbox 395 2839 607 2873; x_wconf 74' lang='lat' dir='ltr'>Gebhardus</span> <span class='ocrx_word' id='word_1_370' title='bbox 633 2851 653 2873; x_wconf 85' lang='lat' dir='ltr'>a</span> <span class='ocrx_word' id='word_1_371' title='bbox 671 2839 880 2879; x_wconf 84' lang='lat' dir='ltr'>Truchsess,</span> <span class='ocrx_word' id='word_1_372' title='bbox 908 2838 1125 2873; x_wconf 85' lang='lat' dir='ltr'>cathedralis</span> <span class='ocrx_word' id='word_1_373' title='bbox 1152 2837 1324 2871; x_wconf 84' lang='lat' dir='ltr'>ecclesiae</span> <span class='ocrx_word' id='word_1_374' title='bbox 1352 2836 1542 2870; x_wconf 89' lang='lat' dir='ltr'>canonicus</span> <span class='ocrx_word' id='word_1_375' title='bbox 1571 2835 1669 2878; x_wconf 86' lang='lat' dir='ltr'>(vide</span> <span class='ocrx_word' id='word_1_376' title='bbox 1694 2846 1802 2879; x_wconf 86' lang='lat' dir='ltr'>supra</span> <span class='ocrx_word' id='word_1_377' title='bbox 1828 2847 1860 2879; x_wconf 90' lang='lat' dir='ltr'>p.</span> <span class='ocrx_word' id='word_1_378' title='bbox 1877 2835 1990 2877; x_wconf 79' lang='lat'>325⁶).</span> 
     </span>
    </p>

    <p class='ocr_par' dir='ltr' id='par_1_8' title="bbox 236 2888 1991 3094">
     <span class='ocr_line' id='line_1_42' title="bbox 357 2888 1991 2935; baseline -0.004 -9"><span class='ocrx_word' id='word_1_379' title='bbox 357 2892 369 2911; x_wconf 73' lang='lat'><strong>⁶</strong></span> <span class='ocrx_word' id='word_1_380' title='bbox 395 2892 577 2926; x_wconf 83' lang='lat' dir='ltr'>Sociorum</span> <span class='ocrx_word' id='word_1_381' title='bbox 613 2894 894 2935; x_wconf 87' lang='lat' dir='ltr'>augustanorum</span> <span class='ocrx_word' id='word_1_382' title='bbox 929 2892 1073 2925; x_wconf 87' lang='lat' dir='ltr'>nomina</span> <span class='ocrx_word' id='word_1_383' title='bbox 1111 2893 1147 2925; x_wconf 86' lang='lat' dir='ltr'>et</span> <span class='ocrx_word' id='word_1_384' title='bbox 1185 2890 1304 2924; x_wconf 84' lang='lat' dir='ltr'>officia</span> <span class='ocrx_word' id='word_1_385' title='bbox 1342 2902 1376 2924; x_wconf 90' lang='lat' dir='ltr'>v.</span> <span class='ocrx_word' id='word_1_386' title='bbox 1412 2900 1521 2933; x_wconf 87' lang='lat' dir='ltr'>supra</span> <span class='ocrx_word' id='word_1_387' title='bbox 1555 2900 1588 2932; x_wconf 93' lang='lat' dir='ltr'>p.</span> <span class='ocrx_word' id='word_1_388' title='bbox 1621 2888 1721 2921; x_wconf 77' lang='lat'>3772.</span> <span class='ocrx_word' id='word_1_389' title='bbox 1782 2888 1820 2921; x_wconf 92' lang='grc' dir='ltr'>Ρ.</span> <span class='ocrx_word' id='word_1_390' title='bbox 1857 2889 1991 2921; x_wconf 80' lang='lat' dir='ltr'>Paulus</span> 
     </span>
     <span class='ocr_line' id='line_1_43' title="bbox 236 2940 1986 2986; baseline -0.001 -11"><span class='ocrx_word' id='word_1_391' title='bbox 236 2944 407 2986; x_wconf 76' lang='lat' dir='ltr'>Hoffaens</span> <span class='ocrx_word' id='word_1_392' title='bbox 449 2944 483 2978; x_wconf 77' lang='lat' dir='ltr'>S.</span> <span class='ocrx_word' id='word_1_393' title='bbox 519 2945 552 2979; x_wconf 80' lang='lat' dir='ltr'>J.</span> <span class='ocrx_word' id='word_1_394' title='bbox 594 2945 783 2979; x_wconf 84' lang='lat' dir='ltr'>Monachio</span> <span class='ocrx_word' id='word_1_395' title='bbox 825 2945 881 2979; x_wconf 78' lang='lat'>20.</span> <span class='ocrx_word' id='word_1_396' title='bbox 924 2944 1106 2978; x_wconf 82' lang='lat' dir='ltr'>Februarii</span> <span class='ocrx_word' id='word_1_397' title='bbox 1152 2944 1241 2978; x_wconf 80' lang='lat'>1568</span> <span class='ocrx_word' id='word_1_398' title='bbox 1283 2943 1317 2977; x_wconf 82' lang='lat' dir='ltr'>S.</span> <span class='ocrx_word' id='word_1_399' title='bbox 1359 2942 1550 2976; x_wconf 87' lang='lat' dir='ltr'>Francisco</span> <span class='ocrx_word' id='word_1_400' title='bbox 1599 2940 1752 2983; x_wconf 85' lang='lat' dir='ltr'>Borgiae</span> <span class='ocrx_word' id='word_1_401' title='bbox 1794 2941 1986 2985; x_wconf 80' lang='lat' dir='ltr'>*scripsit:</span> 
     </span>
     <span class='ocr_line' id='line_1_44' title="bbox 239 2993 1983 3042; baseline -0.001 -14"><span class='ocrx_word' id='word_1_402' title='bbox 239 2995 296 3036; x_wconf 68' lang='lat' dir='ltr'>„R</span> <span class='ocrx_word' id='word_1_403' title='bbox 327 2996 820 3042; x_wconf 67' lang='grc' dir='ltr'><strong>3311113531·[ὃ311111131ογ01]</strong></span> <span class='ocrx_word' id='word_1_404' title='bbox 859 2997 982 3031; x_wconf 87' lang='lat' dir='ltr'>mallet</span> <span class='ocrx_word' id='word_1_405' title='bbox 1020 3009 1038 3031; x_wconf 89' lang='lat' dir='ltr'>e</span> <span class='ocrx_word' id='word_1_406' title='bbox 1073 2996 1251 3031; x_wconf 78' lang='lat' dir='ltr'>Societate</span> <span class='ocrx_word' id='word_1_407' title='bbox 1286 2995 1416 3029; x_wconf 86' lang='lat' dir='ltr'>dimitti</span> <span class='ocrx_word' id='word_1_408' title='bbox 1452 3005 1558 3038; x_wconf 87' lang='lat' dir='ltr'>quam</span> <span class='ocrx_word' id='word_1_409' title='bbox 1593 2993 1629 3027; x_wconf 91' lang='lat' dir='ltr'>in</span> <span class='ocrx_word' id='word_1_410' title='bbox 1664 3004 1705 3027; x_wconf 86' lang='lat' dir='ltr'>ea</span> <span class='ocrx_word' id='word_1_411' title='bbox 1739 2993 1905 3027; x_wconf 85' lang='lat' dir='ltr'>retineri:</span> <span class='ocrx_word' id='word_1_412' title='bbox 1944 3004 1983 3026; x_wconf 91' lang='lat' dir='ltr'>eo</span> 
     </span>
     <span class='ocr_line' id='line_1_45' title="bbox 236 3047 1382 3094; baseline 0.002 -14"><span class='ocrx_word' id='word_1_413' title='bbox 236 3047 387 3081; x_wconf 79' lang='lat' dir='ltr'>libenter</span> <span class='ocrx_word' id='word_1_414' title='bbox 414 3050 632 3083; x_wconf 78' lang='lat' dir='ltr'>carebimus“</span> <span class='ocrx_word' id='word_1_415' title='bbox 667 3050 726 3092; x_wconf 84' lang='lat' dir='ltr'>(ex</span> <span class='ocrx_word' id='word_1_416' title='bbox 754 3052 913 3093; x_wconf 82' lang='lat' dir='ltr'>autogr.;</span> <span class='ocrx_word' id='word_1_417' title='bbox 946 3050 1006 3091; x_wconf 82' lang='lat' dir='ltr'>„G.</span> <span class='ocrx_word' id='word_1_418' title='bbox 1035 3049 1098 3094; x_wconf 84' lang='lat' dir='ltr'>Ep.</span> <span class='ocrx_word' id='word_1_419' title='bbox 1125 3048 1195 3082; x_wconf 69' lang='lat' dir='ltr'>1X“</span> <span class='ocrx_word' id='word_1_420' title='bbox 1225 3049 1248 3082; x_wconf 87' lang='lat' dir='ltr'>f.</span> <span class='ocrx_word' id='word_1_421' title='bbox 1271 3048 1382 3090; x_wconf 68' lang='lat'>16812).</span> 
     </span>
    </p>

    <p class='ocr_par' dir='ltr' id='par_1_9' title="bbox 358 3100 1107 3147">
     <span class='ocr_line' id='line_1_46' title="bbox 358 3100 1107 3147; baseline 0.003 -14"><span class='ocrx_word' id='word_1_422' title='bbox 358 3101 370 3120; x_wconf 69' lang='lat'>7</span> <span class='ocrx_word' id='word_1_423' title='bbox 396 3100 502 3134; x_wconf 72' lang='lat' dir='ltr'>Vitus</span> <span class='ocrx_word' id='word_1_424' title='bbox 528 3102 649 3143; x_wconf 85' lang='lat' dir='ltr'>Liner;</span> <span class='ocrx_word' id='word_1_425' title='bbox 678 3103 720 3136; x_wconf 89' lang='lat' dir='ltr'>de</span> <span class='ocrx_word' id='word_1_426' title='bbox 747 3114 816 3146; x_wconf 88' lang='lat' dir='ltr'>quo</span> <span class='ocrx_word' id='word_1_427' title='bbox 842 3114 951 3147; x_wconf 87' lang='lat' dir='ltr'>supra</span> <span class='ocrx_word' id='word_1_428' title='bbox 976 3115 1008 3147; x_wconf 92' lang='lat' dir='ltr'>p.</span> <span class='ocrx_word' id='word_1_429' title='bbox 1029 3103 1107 3136; x_wconf 76' lang='lat'>337.</span> 
     </span>
    </p>

    <p class='ocr_par' dir='ltr' id='par_1_10' title="bbox 360 3153 1368 3197">
     <span class='ocr_line' id='line_1_47' title="bbox 360 3153 1368 3197; baseline -0.001 -11"><span class='ocrx_word' id='word_1_430' title='bbox 360 3153 372 3172; x_wconf 73' lang='lat'><strong>⁸</strong></span> <span class='ocrx_word' id='word_1_431' title='bbox 397 3153 531 3193; x_wconf 41' lang='lat' dir='ltr'>Volcis:</span> <span class='ocrx_word' id='word_1_432' title='bbox 559 3155 617 3197; x_wconf 89' lang='lat' dir='ltr'>qui</span> <span class='ocrx_word' id='word_1_433' title='bbox 645 3155 769 3189; x_wconf 86' lang='lat' dir='ltr'>domus</span> <span class='ocrx_word' id='word_1_434' title='bbox 801 3155 1041 3197; x_wconf 71' lang='lat' dir='ltr'>„ministrian</span> <span class='ocrx_word' id='word_1_435' title='bbox 1072 3155 1190 3197; x_wconf 82' lang='lat' dir='ltr'>egisse</span> <span class='ocrx_word' id='word_1_436' title='bbox 1216 3153 1368 3187; x_wconf 85' lang='lat' dir='ltr'>videtur.</span> 
     </span>
    </p>
   </div>
  </div>
 </body>
</html>
