2045 3471
1118 54 1131 70 t

283 199 378 234 Mon.
397 198 570 245 8501sive
596 200 672 236 wis.
695 201 760 245 (3).
805 201 858 236 Ab
879 204 1018 236 aestate
1044 213 1075 236 a.
1098 202 1186 237 1566
1213 203 1257 237 ad
1284 205 1460 238 aestatem
1486 215 1516 238 a.
1539 204 1641 239 1567.
1755 207 1839 248 ’783

77 330 216 370 neque
248 320 412 373 templa
444 319 611 373 ingredi
643 321 1001 374 permitterentur
1015 324 1041 366 ¹.
1104 322 1262 364 Mirum
1304 326 1370 366 est
1411 324 1524 377 quod
1557 324 1609 366 de
1641 323 1727 365 filio
1760 324 1840 366 Co-

77 381 193 425 mitis
226 382 380 425 huius2
403 387 597 435 narrant,
632 399 726 427 011111
760 390 862 429 ante
885 386 1138 428 decennium
1162 387 1346 438 circiter,
1381 390 1588 442 templum
1612 388 1655 430 in
1678 388 1840 430 ditione

76 446 253 489 Comitis
295 451 431 499 esset,
478 450 532 491 ad
574 451 686 502 quod
727 451 879 503 ingens
920 451 1088 505 piorum
1129 452 1346 494 hominum
1389 453 1620 495 multitudo
1661 456 1840 508 propter

75 510 296 562 miracula,
340 527 450 565 quae
490 514 592 556 inibi
631 516 805 567 fiebant,
849 516 979 558 certis
1016 516 1117 558 anni
1157 517 1434 571 temporibus,
1478 518 1839 572 peregrinationis

76 588 180 628 ergo
223 578 502 630 conflueret-3,
545 580 718 621 zelum
762 581 998 622 habens4
1039 582 1212 632 Comes,
1258 583 1351 624 sed
1396 597 1498 624 non
1543 584 1838 625 secundum

75 639 408 693 scientiam5,
444 644 668 686 consilium
702 645 818 699 capit
849 646 1058 700 templum
1090 646 1195 687 illud
1218 661 1243 688 a
1276 646 1568 690 fundamentis
1601 648 1837 692 euertendi.

73 704 246 747 Euertit
277 706 423 760 igitur.
469 709 576 750 Tum
598 709 710 751 filius
733 711 920 752 nondum
944 711 1233 763 quadriennis,
1268 713 1357 753 tam
1382 712 1643 754 horrendum
1665 716 1836 767 specta-

72 769 213 811 culum
256 771 513 823 detestatus,
560 774 705 825 Pater,
750 775 902 828 inquit,
945 789 1066 817 meus
1109 776 1267 818 euertit
1309 778 1485 830 templa,
1529 780 1574 819 at
1615 791 1696 831 ego
1737 782 1837 832 post

71 837 256 876 mortem
289 836 427 889 patris
460 852 614 880 euersa
646 839 943 882 reaedificabo.
997 841 1200 883 Habebat
1232 841 1345 882 idem
1379 856 1485 895 puer
1516 856 1593 896 pro
1626 857 1759 892 more,
1792 843 1835 884 in

72 899 187 940 omni
228 901 388 954 angulo
430 902 594 954 domus,
638 904 796 946 altaria
828 909 1091 955 construere,
1138 906 1256 948 Patri
1296 907 1338 948 in
1371 907 1525 949 faciem
1559 908 1834 961 respondere,

71 964 294 1018 Papistam
328 979 423 1008 esse
455 981 501 1009 se
534 968 616 1021 (ita
647 969 758 1010 enim
792 972 836 1012 et
868 970 1132 1012 Catholicum
1166 971 1322 1024 vulgus
1362 972 1404 1013 in
1437 972 1555 1014 111300
1587 972 1835 1025 regionibus

71 1028 280 1082 loquitur)
322 1045 401 1072 nec
445 1032 694 1086 cuiusquam
738 1035 975 1077 Lutherani
1018 1036 1144 1077 fidem
1189 1036 1348 1079 sectari
1393 1037 1517 1080 velle.
1591 1037 1834 1091 Aliquoties

72 1093 207 1147 virgis
249 1097 294 1137 et
337 1097 609 1148 verberibus,
656 1113 751 1140 011111
792 1099 980 1142 eiusdem
1022 1100 1232 1155 propositi
1273 1103 1450 1143 sorore6
1489 1105 1668 1156 propter
1708 1103 1832 1145 Gom-

72 1158 316 1201 munionem
350 1161 428 1202 sub
461 1176 547 1204 vna
579 1164 734 1216 specie,
778 1178 803 1206 a
835 1166 960 1218 patre
1001 1179 1166 1216 caesuS,
1209 1180 1427 1220 nunquam
1469 1170 1641 1209 tamen⁸
1673 1181 1698 1208 a
1731 1181 1831 1209 con-

70 1226 196 1277 cepta
228 1224 450 1278 religione,
485 1227 567 1269 etsi
599 1229 785 1270 tenellus
817 1229 984 1271 animus
1016 1230 1158 1284 potuit
1190 1231 1437 1275 absterreri.
1485 1233 1535 1273 Js
1567 1246 1674 1286 puer
1705 1232 1830 1274 modo

70 1289 154 1330 .14.
190 1302 326 1331 annos
361 1293 503 1342 natus,
546 1306 632 1334 vna
665 1307 761 1335 cum
792 1294 957 1336 iuniore
989 1294 1128 1337 fratre
1170 1310 1261 1346 suo,
1305 1296 1410 1337 nihil
1453 1297 1592 1350 magis
1634 1300 1829 1351 exoptat,

71 1365 198 1405 quam
239 1354 294 1396 ad
335 1369 414 1397 nos
446 1356 664 1410 Dilingam
697 1358 858 1409 venire,
902 1361 946 1400 et
986 1359 1193 1414 literarijs
1235 1361 1422 1411 artibus,
1465 1363 1543 1403 sub
1586 1364 1830 1404 nostrorum

69 1417 296 1472 disciplina
329 1420 432 1461 dare
456 1435 629 1474 operam
644 1423 673 1466 7.
717 1423 871 1465 Aderit
902 1424 1151 1478 propediem
1183 1429 1232 1468 vt
1265 1426 1541 1476 arbitramur,
1575 1426 1829 1480 iampridem

70 1482 182 1524 enim
224 1483 375 1526 domus
417 1485 497 1539 ipsi
539 1489 582 1529 et
624 1487 813 1530 familiae
851 1489 942 1530 eius
984 1492 1051 1531 est
1092 1490 1337 1533 conducta.
1362 1491 1445 1534 Sed
1479 1495 1526 1534 vt
1567 1492 1621 1533 ad
1655 1492 1830 1534 Patrem

67 1547 276 1590 redeam:
302 1549 598 1593 Decumbebat
638 1552 674 1593 is
717 1553 975 1606 grauissima
1017 1555 1208 1608 corporis
1249 1556 1543 1609 aegritudine,
1589 1571 1684 1598 cum
1729 1570 1829 1598 ecce

67 1612 180 1654 serio
211 1613 274 1655 illi
306 1614 348 1655 in
380 1618 567 1658 mentem
592 1616 723 1667 venit,
758 1618 885 1659 credo
918 1618 1128 1671 equidem,
1162 1634 1218 1661 ex
1249 1621 1491 1674 praesentis
1522 1621 1700 1675 periculi
1726 1635 1826 1663 con-

68 1678 366 1732 templatione,
408 1694 494 1722 non
526 1682 653 1723 modo
686 1696 807 1724 suam
840 1682 974 1737 ipsius
1006 1684 1208 1736 animam,
1251 1686 1326 1727 sed
1360 1689 1405 1729 et
1436 1687 1702 1729 subditorum
1736 1700 1827 1728 om—

67 1741 197 1793 nium,
232 1744 384 1796 quibus
417 1748 569 1788 auctor
601 1748 759 1789 erroris
792 1748 1038 1799 exstiterat,
1073 1749 1126 1790 ab
1159 1753 1338 1792 aeterna
1361 1751 1502 1804 quoad
1534 1751 1707 1805 possetb
1729 1765 1826 1805 per-

67 1806 228 1849 ditione
262 1809 493 1852 vindicare.
557 1811 794 1853 Parochum
829 1826 932 1866 ergo
965 1815 1188 1867 proximae
1226 1815 1416 1858 ciuitatis
1448 1816 1694 1858 Catholicae
1709 1818 1736 1866 3,
1771 1816 1826 1858 ad

66 1886 112 1913 se
145 1874 450 1916 accersendum
492 1879 628 1926 curat,
670 1877 743 1929 qui
775 1877 827 1919 ad
862 1878 1069 1921 Comitem
1101 1880 1335 1934 profectus,
1378 1884 1478 1935 post
1510 1881 1702 1924 auditam
1735 1881 1825 1922 eius

66 1937 377 1980 confessionem
390 1945 412 1988 ⁰,
447 1941 902 1984 excommunicationis
934 1946 978 1985 et
1009 1948 1282 1999 peccatorum
1306 1946 1500 1996 vinculis,
1534 1947 1587 1988 ob
1619 1960 1825 2000 praesens

67 2001 184 2044 vitae
216 2003 466 2057 periculum,
500 2006 680 2047 eundem
714 2007 856 2057 soluit,
890 2008 1175 2062 hortaturque
1208 2012 1257 2052 vt
1288 2015 1539 2064 perseueret
1572 2014 1666 2053 ‚etc
1725 2011 1823 2052 Non

186 2084 212 2113 a)
235 2084 357 2108 (vn-reri
377 2092 412 2108 §.r
431 2085 542 2110 tanem.
634 2085 664 2119 b)
685 2088 744 2111 Hor
766 2096 787 2112 r.
807 2096 900 2120 supra
921 2096 1035 2113 versum
1055 2091 1195 2121 scriptum
1217 2094 1267 2115 est.
1341 2092 1366 2123 c)
1388 2092 1525 2123 Sequitur
1545 2099 1594 2123 ex,
1614 2093 1703 2118 oblitt.

188 2179 197 2199 ¹
224 2179 289 2213 Die
315 2180 370 2213 25.
399 2181 532 2225 Aprilis
558 2182 602 2215 iis
628 2185 857 2227 praeceptum
885 2183 1047 2225 abeundi,
1075 2185 1143 2219 nisi
1170 2186 1215 2219 ad
1241 2186 1455 2221 catholicam
1483 2187 1672 2221 ecclesiam
1699 2199 1738 2221 se
1764 2189 1822 2222 ad-

65 2230 212 2274 iungere
241 2232 387 2274 vellent,
426 2235 548 2268 datum
587 2246 666 2269 esse
692 2236 874 2270 affirmant
900 2238 1141 2282 Veesemneyer
1168 2239 1206 2281 (l.
1234 2251 1263 2273 0.
1294 2240 1351 2283 19)
1380 2242 1416 2274 et
1441 2241 1572 2274 Kerler
1600 2241 1638 2284 (l.
1666 2252 1694 2275 0.
1726 2242 1820 2283 147).

64 2284 119 2317 Ad
138 2284 337 2319 abeundum
365 2291 483 2321 tamen
511 2291 653 2332 tempus
672 2291 727 2323 est
752 2292 929 2323 statutum
955 2291 1046 2325 satis
1072 2292 1240 2336 amplum,
1267 2305 1381 2337 usque
1407 2294 1450 2327 ad
1478 2295 1613 2328 exitum
1642 2306 1686 2328 m.
1708 2295 1817 2330 Iunii:

65 2337 147 2370 vide
174 2338 267 2371 infra
294 2350 384 2374 mon.
413 2340 492 2374 8:31.
637 2341 650 2361 ²
677 2340 843 2376 Udalrieo
873 2342 931 2385 (V.
958 2344 1036 2378 sive
1062 2344 1231 2388 XV111.);
1258 2346 1300 2380 de
1327 2358 1396 2390 quo
1423 2347 1525 2391 plura
1552 2346 1655 2382 infra.

185 2391 197 2410 ³
224 2390 310 2424 Post
336 2393 488 2426 medium
524 2394 708 2428 saeculum
734 2394 811 2429 XV.
838 2395 1048 2440 Deggingae
1078 2397 1322 2442 (Deggingen)
1365 2400 1399 2433 in
1426 2400 1598 2434 comitatu
1627 2401 1821 2435 wisenstei-

65 2443 167 2485 gensi
192 2444 299 2478 aedes
318 2446 451 2480 Beatae
470 2447 604 2481 Mariae
623 2448 759 2490 Virgini
778 2459 891 2488 sacra,
918 2461 1009 2492 quae
1032 2451 1129 2491 „Ave
1149 2452 1282 2485 Maria“
1305 2453 1512 2493 vocabatur,
1533 2456 1720 2487 exstructa
1745 2457 1820 2495 est;

65 2495 157 2539 apud
185 2507 289 2539 quam
317 2498 520 2533 Fridericus
548 2500 606 2534 IV.
634 2513 752 2534 comes
778 2501 821 2535 ab
848 2501 1074 2537 Helfenstein
1101 2505 1339 2539 sacerdotium
1368 2507 1545 2549 quoddam
1576 2507 1654 2541 sive
1683 2508 1821 2552 „capel-

64 2548 218 2582 lanian1“
236 2550 403 2585 fundavit
423 2552 568 2594 (Kerler
586 2554 607 2587 l.
624 2566 652 2587 c.
672 2555 766 2597 123).
795 2554 882 2588 Erat
899 2556 1005 2590 etiam
1026 2569 1134 2602 prope
1153 2558 1320 2602 oppidum
1334 2559 1628 2601 wisensteigense
1646 2561 1819 2605 templum

70 2602 203 2643 „Maria
230 2603 414 2647 Dozburg“
446 2606 479 2639 in
509 2618 577 2649 quo
604 2607 834 2641 simulacrum
852 2608 986 2643 Beatae
1006 2610 1142 2644 Mariae
1160 2611 1328 2654 Virginis,
1354 2612 1383 2645 si
1410 2624 1478 2646 non
1506 2615 1599 2653 ante,
1626 2616 1723 2647 certe
1748 2615 1819 2648 iam

64 2666 95 2690 a.
126 2656 214 2690 1389
241 2657 441 2693 colebatur:
469 2659 536 2693 1100
562 2671 701 2704 quoque
728 2661 899 2706 templum
926 2662 1108 2697 hominum
1136 2664 1257 2698 eodem
1286 2665 1589 2710 peregrinantium
1618 2667 1820 2711 frequentia

65 2712 142 2742 erat
180 2709 315 2744 clarum
345 2712 402 2751 (F.
429 2714 462 2746 J.
493 2714 694 2757 Li'powslcjs,
734 2715 949 2749 Geschichte
988 2716 1049 2750 der
1075 2717 1239 2751 Jesuiten
1277 2719 1311 2752 in
1352 2718 1549 2753 Schwaben
1579 2720 1600 2760 l,
1640 2721 1817 2755 Miinchen

66 2761 167 2802 1819,
195 2763 250 2797 (ΞΟ.
288 2765 323 2798 P.
344 2766 508 2809 Kepffler,
536 2766 838 2811 Wurttemberg’s
865 2768 1062 2803 kirchliche
1088 2770 1455 2813 Kunstalterthiimer,
1482 2772 1707 2817 Rottenburg
1725 2785 1755 2808 a.
1774 2774 1818 2809 N.

183 2871 196 2888 ¹
226 2871 239 2902 l
270 2869 374 2903 Mach
402 2871 433 2911 2,
459 2871 514 2905 27.
566 2872 625 2906 Iac
652 2873 683 2912 3,
712 2874 764 2907 14.
817 2874 870 2908 Cf.
898 2874 985 2909 Rom
1015 2876 1068 2916 10,
1096 2877 1127 2910 2.
1274 2878 1287 2897 ⁵
1313 2877 1400 2912 Rom
1431 2879 1484 2920 10,
1511 2879 1543 2912 2.

183 2922 195 2940 ⁶
223 2922 397 2963 Barbara;
426 2935 516 2967 quae
543 2936 573 2959 a.
593 2925 681 2959 1552
708 2929 802 2965 nata,
829 2939 860 2960 a.
890 2928 978 2962 1578
1006 2928 1156 2973 [158722]
1184 2930 1338 2964 Antonio
1366 2931 1529 2975 Fuggem
1555 2932 1666 2966 libero
1693 2932 1816 2968 baroni

64 2974 98 3007 in
126 2974 325 3018 Kirchberg
352 2979 387 3010 et
408 2976 662 3012 Weissenborn
689 2980 914 3014 matrimonio
941 2981 1061 3015 iuncta
1088 2994 1167 3016 esse
1194 2983 1348 3017 traditur
1376 2986 1520 3026 (Kerler
1545 2985 1567 3019 l.
1586 2997 1615 3020 c.
1645 2986 1740 3030 151).

183 3028 195 3048 ⁷
223 3028 411 3063 Udalricus
434 3029 508 3072 (V.)
537 3033 571 3064 et
591 3031 798 3076 Rudolphus
819 3032 910 3075 (VI.)
943 3034 995 3068 18.
1019 3034 1232 3070 Novembris
1262 3038 1348 3071 1567
1377 3037 1586 3072 matriculae
1612 3039 1814 3083 dilinganae

64 3078 228 3125 inscripti
261 3085 345 3115 sunt
383 3083 465 3123 (Th.
493 3084 628 3127 Spa-ht,
663 3084 727 3118 Die
754 3085 922 3120 Matrikel
949 3086 1011 3121 der
1039 3088 1263 3122 Universitiit
1288 3090 1480 3133 Dillingen,
1511 3091 1544 3124 in
1575 3092 1731 3133 „Archiv
1757 3093 1815 3127 fiir

64 3133 120 3167 die
147 3134 362 3169 Geschichte
389 3135 451 3169 des
478 3136 680 3171 Hochstifts
707 3138 920 3182 Augsburg“
953 3140 994 3180 11,
1020 3140 1201 3184 Dillingen
1232 3143 1330 3183 1909,
1357 3144 1432 3187 59).

183 3188 196 3208 Β
221 3188 433 3222 Michaelem
459 3189 627 3231 Zeckher,
653 3191 845 3235 pai-ochum
872 3193 905 3226 in
934 3192 1212 3235 Drachenstein;
1241 3196 1322 3229 vide
1349 3208 1457 3241 supra
1484 3210 1516 3242 p.
1544 3198 1742 3234 453—454.
