2045 3471
223 226 308 267 458
391 223 493 258 1438.
521 221 685 257 Canisius
712 221 746 256 S.
765 220 955 255 Francisco
982 220 1024 255 de
1050 220 1193 264 Borgia.
1236 219 1381 263 Dilinga
1406 220 1500 254 inter
1528 219 1556 253 1.
1584 221 1619 252 et
1645 219 1678 253 9.
1696 218 1781 252 Maii
1806 218 1907 253 1567.

222 342 428 397 postulat.
476 341 575 382 Non
608 340 763 382 addam
789 339 928 394 plura,
963 339 1076 393 quod
1097 341 1245 394 putem
1266 339 1374 380 haec
1396 351 1490 380 esse
1513 337 1620 379 satis
1643 337 1696 379 ad
1717 336 1978 391 prouintiam

223 408 417 449 nostram
449 408 666 458 utcunque
699 404 1024 446 describendam
1057 407 1100 446 et
1133 403 1444 446 ostendendam
1476 402 1522 446 P.
1546 403 1598 445 V.
1633 401 1701 443 cui
1731 401 1855 455 cupio
1888 406 1979 442 me¹³

224 485 317 513 cum
359 471 487 512 rebus
528 470 688 512 nostris
730 469 925 511 omnibus
959 471 1109 523 aperte
1145 471 1356 517 constare,
1399 469 1448 509 vt
1480 467 1640 509 rectius
1673 466 1871 508 consulat
1902 479 1979 519 pro

223 535 438 578 charitate
470 538 515 577 et
547 534 806 577 discretione
839 547 917 576 sua
949 534 1109 576 nostris
1140 536 1232 576 tum
1275 531 1616 582 difficultatibus,
1659 534 1752 574 tum
1793 529 1980 572 necessi-

222 600 400 644 tatibus.
453 600 632 643 Vtinam
654 599 697 640 hi
719 598 856 640 morbi
878 598 1099 640 meliorem
1122 599 1334 640 medicum
1358 600 1402 640 et
1424 596 1734 639 Prouintialem
1755 595 1978 644 haberent,

224 666 295 719 qui
333 679 409 708 suo
450 664 616 707 muneri
649 667 693 707 et
724 663 1039 706 tentationibus
1071 663 1252 705 aliorum
1284 663 1449 704 faceret
1481 661 1600 704 satis.
1666 660 1772 703 Oret
1803 673 1880 714 pro
1912 673 1980 702 me

224 731 268 773 P.
303 731 351 774 T.
384 730 614 773 Dominum
646 742 828 783 semper,
863 730 907 770 et
939 743 1015 783 per
1047 742 1093 770 se
1125 728 1367 770 consideret
1399 741 1559 781 quaeso
1591 726 1773 779 singula.

508 813 554 856 P.
583 813 630 855 T.
1116 811 1276 854 Seruus
1309 813 1353 853 et
1385 810 1496 852 filius
1529 810 1574 852 P.
1609 805 1861 862 Canisiu[s].

345 913 372 965 †
412 912 655 955 Admodum
700 910 954 953 Reuerendo
1004 910 1048 952 in
1092 910 1260 952 Christo
1308 909 1429 952 Patri
1469 908 1700 951 Francisco
1742 921 1768 949 a
1808 905 1980 959 Borgia,

226 977 454 1021 Societatis
486 977 584 1019 Iesu
617 976 832 1019 Generali.
895 975 963 1017 Ad
995 989 1147 1017 manus
1179 975 1390 1029 proprias.
1452 974 1630 1016 Romae.

344 1075 530 1120 Epistulae
556 1075 639 1109 huic
664 1086 730 1116 nec
755 1074 854 1108 locus
880 1084 946 1107 nec
971 1075 1114 1117 tempus
1140 1073 1297 1117 ascripta
1323 1074 1417 1106 sunt.
1470 1073 1640 1105 Attamen
1676 1082 1720 1104 ex
1750 1069 1837 1114 ipsis
1862 1068 1980 1109 rebus,

226 1140 317 1172 quae
342 1128 378 1162 in
405 1140 446 1163 ea
472 1128 648 1165 dicuntur.
683 1127 790 1162 facile
816 1129 927 1172 patet,
963 1138 1041 1160 eam
1079 1137 1097 1160 a
1126 1125 1268 1160 Canisio
1296 1137 1387 1159 anno
1417 1125 1505 1159 1567
1542 1136 1587 1158 ex
1623 1123 1773 1167 collegio
1800 1122 1980 1165 dilingano

226 1183 345 1216 datam
373 1193 470 1216 esse:
498 1181 564 1215 Die
593 1182 622 1216 1.
641 1181 729 1215 Maii
750 1180 837 1214 1567
859 1179 1024 1214 Canisius
1049 1178 1209 1212 breviter
1231 1178 1400 1221 Borgiam
1427 1177 1614 1212 certiorem
1640 1177 1746 1211 facit:
1774 1176 1829 1210 Fr.
1849 1174 1981 1209 Simoni

227 1235 638 1279 Leodiensi(Da1neri0)
680 1234 895 1279 permissum
933 1244 1023 1273 esse,
1062 1234 1100 1266 ut
1132 1231 1277 1275 Dilinga
1316 1230 1470 1276 patriam
1505 1242 1633 1264 versus
1670 1231 1714 1264 ad
1750 1229 1789 1263 P.
1816 1228 1980 1262 Natalem

227 1288 359 1329 abiret3
391 1300 480 1332 „qua
507 1288 549 1322 de
575 1289 648 1329 re“,
675 1288 726 1321 ait
753 1287 928 1327 Canisius,
959 1285 1064 1328 „alibi
1090 1285 1227 1330 plura“.
1278 1284 1384 1318 Patet
1410 1286 1539 1325 autem,
1567 1295 1648 1317 011111
1677 1282 1818 1327 „plura“
1850 1281 1912 1315 illa
1938 1281 1980 1315 ad

226 1342 394 1384 Borgiam
429 1342 562 1375 referre
598 1340 764 1386 epistula,
800 1351 907 1383 quam
942 1339 1045 1372 modo
1081 1338 1202 1383 posui;
1240 1348 1325 1380 ergo
1360 1337 1504 1382 scripsit
1538 1338 1619 1381 post
1648 1335 1830 1370 Kalendas
1855 1334 1981 1368 Maias.

226 1394 291 1428 Die
318 1397 436 1428 autem
465 1395 519 1428 12.
547 1394 634 1428 Maii
660 1393 896 1438 Oenipontem
931 1391 1079 1426 advenit
1105 1391 1200 1435 [vide
1227 1390 1319 1424 infra
1346 1401 1438 1424 mon.
1464 1401 1539 1423 oen.
1570 1388 1658 1432 (9)];
1696 1389 1756 1422 ubi
1790 1398 1903 1432 usque
1938 1387 1980 1421 ad

229 1449 282 1483 16.
302 1448 387 1482 Μ311
406 1448 557 1488 mansit;
585 1450 621 1481 et
641 1448 694 1481 15.
714 1446 800 1480 Maii
820 1446 972 1488 Borgiae
990 1445 1145 1489 scripsit,
1165 1443 1221 1478 Fr.
1241 1443 1487 1477 Alexandrum
1506 1442 1683 1476 Saxonem
1702 1453 1722 1475 a
1740 1452 1779 1475 se
1798 1440 1982 1474 dimissum

227 1513 305 1535 esse
334 1501 431 1543 (vide
449 1501 543 1534 infra
561 1512 593 1545 p.
612 1500 718 1543 460);
746 1500 788 1533 de
815 1510 884 1543 quo
910 1499 946 1532 in
972 1497 1039 1532 1130
1066 1496 1220 1542 epistula
1247 1496 1352 1530 dicit:
1380 1495 1469 1530 Eum
1492 1496 1668 1538 „fortasse
1685 1494 1786 1528 breui
1803 1493 1981 1527 dimittere

227 1555 430 1597 cogemur“.
481 1553 633 1598 Scripsit
659 1553 770 1596 igitur
795 1552 888 1586 inter
916 1552 945 1586 1.
974 1554 1008 1584 et
1035 1551 1066 1585 9.
1095 1550 1181 1584 Maii
1210 1550 1311 1584 1567.

344 1613 476 1647 Mirum
503 1624 581 1647 esse
606 1624 676 1646 non
702 1614 832 1658 potest,
860 1610 1041 1645 Canisium
1078 1609 1305 1653 reliquosque
1332 1608 1452 1642 Socios
1487 1608 1523 1641 in
1554 1607 1611 1641 Fr.
1639 1606 1780 1641 Simone
1806 1604 1981 1646 Damerio,

229 1666 416 1701 Societatis
451 1666 555 1700 fratri
582 1665 808 1706 scholastico,
844 1664 909 1698 hoc
944 1663 1117 1706 singulari
1145 1662 1298 1706 quadam
1325 1661 1460 1695 ratione
1487 1659 1770 1705 reprehendisse,
1806 1659 1899 1702 quod
1925 1658 1982 1692 ad-

228 1731 354 1754 versus
379 1719 648 1753 immaculatam
675 1719 807 1753 Beatae
833 1718 969 1751 Mariae
996 1716 1156 1759 Virginis
1183 1715 1451 1759 conceptionem
1478 1716 1513 1748 et
1540 1713 1715 1747 adversus
1745 1710 1983 1756 „corporalem

227 1773 347 1815 ignem
384 1772 534 1806 inferni“
577 1773 670 1817 apud
708 1772 841 1806 fratres
884 1781 987 1813 „suas
1025 1769 1233 1814 peregrinas
1271 1768 1454 1812 opiniones
1492 1766 1691 1811 periculose
1730 1764 1981 1799 defendisset“.

226 1825 318 1859 Nam
345 1826 526 1859 decretum
553 1825 706 1869 quidem,
742 1836 811 1869 quo
838 1823 1003 1868 Synodus
1030 1822 1242 1856 basileensis
1268 1832 1299 1855 a.
1329 1821 1417 1855 1439
1453 1819 1552 1854 illam
1580 1819 1621 1853 de
1648 1817 1877 1852 immaculata
1904 1828 1982 1851 con-

229 1879 391 1923 ceptione
417 1878 615 1912 doctrinam
649 1878 693 1912 ab
720 1877 883 1911 omnibns
918 1876 1033 1909 teneri
1061 1875 1177 1915 iussit,
1213 1874 1375 1918 legitima
1402 1873 1616 1907 auctoritate
1643 1871 1788 1906 carebat
1818 1870 1866 1913 (v.
1897 1871 1981 1904 Can.

228 1931 278 1965 IV
303 1931 409 1975 888);
449 1943 491 1965 30
517 1931 641 1965 Sixtus
669 1930 726 1964 IV.
756 1933 790 1964 et
817 1929 1022 1963 Alexander
1047 1928 1108 1963 VI.
1139 1928 1185 1971 (a.
1216 1927 1305 1961 1482
1335 1926 1423 1961 1483
1454 1925 1558 1969 1502)
1588 1937 1648 1959 003
1674 1927 1814 1958 tantum
1841 1925 1983 1958 damna-

228 1987 365 2026 verant,
401 1985 461 2028 qui
487 1984 684 2018 doctrinam
719 1983 818 2017 illam
844 1985 1015 2016 vocarent
1042 1981 1260 2015 haereticam
1296 1982 1332 2013 et
1358 1979 1551 2020 contiones,
1587 1978 1717 2022 quibus
1751 1977 1874 2011 eadem
1907 1988 1982 2021 pro—

228 2040 430 2083 poneretur,
465 2037 579 2071 audiri
607 2039 791 2076 vetarent;
828 2038 862 2069 et
889 2036 922 2070 S.
950 2034 1037 2069 Pius
1054 2034 1097 2068 V.
1125 2034 1249 2078 paucis
1275 2036 1356 2078 post
1381 2032 1484 2066 annis
1511 2032 1558 2075 (a.
1581 2032 1685 2074 1570)
1722 2030 1838 2075 planis
1863 2029 1984 2063 verbis

228 2091 468 2136 permissurus
495 2092 583 2130 erat,
619 2092 658 2124 ut
693 2091 729 2123 in
756 2088 992 2123 conventibus
1017 2087 1232 2122 academicis
1259 2097 1452 2130 eorumque
1478 2084 1665 2126 similibus,
1700 2084 1771 2123 ubi,
1805 2095 1849 2117 ne
1875 2082 1982 2117 animi

228 2144 385 2179 fidelium
412 2144 685 2184 offenderentur,
721 2142 917 2176 timendum
951 2153 1021 2175 non
1054 2144 1160 2181 esset,
1196 2139 1335 2173 utravis
1371 2139 1488 2183 opinio
1521 2150 1541 2172 a
1567 2138 1655 2172 viris
1681 2137 1795 2171 doctis
1820 2136 1982 2170 defende-

228 2201 338 2239 retur,
374 2197 562 2231 dummodo
598 2199 726 2230 neutra
765 2195 898 2238 „veluti
924 2205 1071 2228 erronea
1098 2193 1402 2238 praedica1·etur“.
1454 2193 1623 2225 Attamen
1658 2202 1727 2224 non
1762 2190 1877 2224 solum
1912 2189 1982 2223 iam

228 2251 308 2285 inde
348 2262 368 2284 a
400 2249 589 2284 Societatis
628 2249 727 2283 initio
765 2259 887 2283 omnes
929 2247 1042 2292 ipsius
1078 2246 1237 2289 theologi
1276 2245 1541 2289 conceptionem
1584 2243 1851 2277 immaculatam
1889 2253 1982 2276 asse-

228 2307 383 2344 ruerant,
419 2304 482 2337 sed
517 2303 657 2336 omnino
693 2302 796 2346 pauci
834 2313 873 2334 eo
908 2303 1068 2345 tempore
1104 2303 1206 2333 erant
1241 2298 1417 2339 catholici,
1454 2297 1514 2341 qui
1550 2307 1627 2330 eam
1662 2300 1836 2339 negarent
1874 2296 1981 2337 (Petr.

233 2358 410 2400 canisius,
446 2356 498 2390 De
533 2356 647 2390 Maria
673 2355 824 2398 Virgine
861 2352 1141 2398 incomparabili,
1181 2351 1392 2395 Ingolstadii
1422 2350 1520 2389 1577,
1548 2349 1569 2383 1.
1600 2351 1628 2391 1,
1656 2361 1685 2383 0.
1714 2350 1744 2389 7,
1772 2361 1803 2393 p.
1829 2348 1980 2383 45—46.

228 2411 355 2444 Bened.
392 2411 526 2443 Plazza
564 2409 598 2443 S.
627 2409 671 2449 J.,
711 2407 827 2442 Causa
865 2405 1116 2440 immaculatae
1156 2404 1416 2449 Conceptionis,
1456 2402 1623 2436 Panormi
1664 2402 1765 2441 1747,
1808 2401 1874 2435 393
1913 2401 1983 2435 400

227 2464 296 2497 408
332 2463 528 2497 598-599,
584 2463 712 2496 Christ.
739 2462 845 2495 Pesch
873 2460 906 2494 S.
934 2460 978 2501 J.,
1015 2458 1280 2492 Praelectiones
1317 2456 1541 2500 dogmaticae
1567 2456 1651 2496 111³,
1687 2455 1853 2498 Friburgi
1887 2454 1982 2488 Bris-

229 2516 357 2559 goviae
378 2516 478 2556 1908,
505 2527 538 2549 11.
557 2515 774 2557 349-351).
809 2513 944 2547 Deinde
964 2513 1056 2556 quod
1084 2512 1127 2545 ad
1153 2512 1272 2554 ignem
1299 2510 1428 2544 inferni
1455 2509 1594 2549 attinet,
1621 2520 1701 2542 eum
1731 2507 1978 2552 „corporeum“

231 2568 531 2612 („materialem“)
570 2579 648 2602 esse
684 2567 835 2601 ecclesia
869 2577 1052 2610 nunquam
1088 2564 1267 2603 definivit:
1308 2563 1418 2607 aliqui
1455 2574 1500 2596 ex
1534 2562 1675 2597 Sanctis
1701 2560 1868 2595 Patribus
1902 2571 1980 2593 eum

228 2622 469 2666 metaphorice
495 2620 723 2666 interpretati
749 2622 843 2660 sunt,
870 2622 905 2653 et
930 2619 1007 2663 ipso
1033 2618 1176 2652 saeculo
1203 2617 1298 2651 XVI.
1333 2616 1544 2650 Ambrosius
1563 2614 1778 2649 Catharinus
1808 2614 1843 2656 (†
1864 2612 1981 2655 1553),

230 2674 362 2708 ordinis
381 2674 674 2708 Praedicatorum
700 2673 890 2716 theologus
916 2671 1078 2714 insignis,
1106 2682 1183 2704 eam
1202 2669 1417 2704 sententiam
1436 2668 1558 2702 multis
1577 2666 1774 2701 rationibus
1793 2665 1982 2699 defendere

231 2729 377 2761 conatus
404 2730 478 2768 est;
505 2729 542 2761 at
568 2727 728 2772 plerique
754 2738 799 2760 ex
825 2725 966 2759 Sanctis
992 2724 1160 2758 Patribus
1187 2726 1222 2757 et
1248 2723 1410 2757 doctores
1437 2720 1642 2755 scholastici
1671 2720 1827 2764 (praeter
1853 2717 1980 2751 Catha—

230 2780 359 2823 rinum)
401 2791 522 2814 omnes
548 2791 674 2814 verum
712 2789 992 2823 corporeumque
1031 2788 1108 2811 esse
1146 2777 1266 2820 ignem
1304 2775 1405 2809 illum
1444 2776 1648 2808 statuerunt
1679 2772 1760 2815 (Fr.
1786 2772 1981 2813 Hettinqer,

231 2832 403 2875 Apologie
441 2833 502 2866 des
541 2832 832 2867 Christenthums
867 2831 943 2872 IVT,
983 2830 1156 2873 Freiburg
1195 2829 1302 2862 1.Β1·.
1341 2827 1441 2868 1897,
1480 2825 1676 2860 342—343.
1726 2825 1766 2858 Ρ.
1793 2825 1980 2865 Mannens,

231 2883 445 2927 Theologiae
471 2885 695 2928 dogmaticae
722 2884 972 2919 Institutiones
998 2883 1081 2923 111²,
1109 2881 1382 2916 Ruraemundae
1411 2879 1510 2920 1903,
1536 2890 1570 2912 11.
1597 2876 1812 2919 991-993).
1850 2875 1980 2910 Notan-

232 2937 314 2969 dum
340 2937 405 2970 hoc
431 2949 570 2981 quoque
589 2941 654 2978 est,
683 2939 718 2972 S.
739 2938 919 2981 Iyncctiztm
937 2935 1177 2975 constituisse,
1196 2937 1235 2968 ut
1255 2933 1443 2967 Societatis
1461 2932 1622 2966 homines
1643 2930 1697 2972 „in
1716 2929 1844 2974 quavis
1870 2927 1980 2962 facul-

231 2990 320 3073 'tfate4
331 2990 545 3023 securiorem
584 2993 620 3024 et
646 2991 762 3033 magis
788 2989 1022 3034 approbatam
1049 2988 1247 3022 doctrinam
1273 2986 1527 3030 sequerentur‘
1560 2982 1856 3027 (constitutiones
1882 2981 1916 3015 S.
1936 2980 1979 3015 J..

265 3067 271 3073 .
323 3067 330 3080 ,
357 3052 385 3074 c.
413 3042 444 3081 5,
471 3054 503 3075 11.
531 3043 580 3085 4).

350 3110 500 3153 Boi-gias
527 3112 666 3146 Canisio
693 3113 918 3157 respondisse
944 3111 1087 3144 videtur
1106 3111 1136 3144 7.
1164 3109 1255 3142 Iunii
1285 3108 1362 3153 (per
1388 3106 1595 3148 Polancum)
1626 3107 1660 3138 et
1686 3105 1740 3139 28.
1769 3103 1978 3139 11111111567.

352 3202 380 3233 a)
402 3203 539 3233 Sequitur
559 3204 597 3229 et,
618 3204 704 3227 rfflitt.
