2045 3471
187 201 271 242 656
385 199 479 232 Mon.
500 199 565 232 741
593 198 671 232 sive
690 209 800 241 germ.
819 198 842 231 1.
864 198 953 241 (16).
992 197 1022 231 A
1050 198 1081 232 d.
1101 198 1155 232 25.
1173 197 1264 231 Nov.
1284 197 1327 231 ad
1346 197 1378 230 2.
1398 196 1456 230 vel
1482 196 1514 231 3.
1534 195 1617 230 Dec.
1640 197 1740 230 1565.

187 317 253 350 172
283 316 368 356 173;
406 315 570 349 adhibuit
601 315 709 349 etiam
736 317 780 349 L.
806 327 876 349 vom
902 317 1009 350 Mierz‘
1035 315 1068 349 S.
1097 316 1141 355 J.‚
1170 315 1361 349 Canisiana
1388 314 1449 354 VI,
1476 314 1512 347 in
1542 313 1614 356 „De
1641 313 1801 348 Studien.
1851 313 1946 358 Tijd-

184 369 314 404 schrift
340 380 427 403 voor
453 368 683 410 Godsdienst,
711 368 957 414 lVetenschap
985 381 1027 403 en
1053 369 1230 409 Letteren,
1257 367 1299 402 D.
1320 367 1444 407 LXIX,
1471 367 1700 401 Amsterdam
1723 367 1824 406 1908,
1843 366 1946 401 5—8.

306 446 473 479 Canisz'us
499 446 710 489 Noriomayi
736 446 873 478 clarum
899 447 1044 479 virtutis
1070 445 1263 487 exeueplmn
1294 445 1440 487 praebet
1476 448 1505 476 et
1540 445 1576 476 in
1612 444 1730 477 schola
1755 444 1948 487 temploque

184 500 317 542 eyreqe'c
342 499 438 531 dicit.

309 576 487 617 Thomas
527 577 723 618 Bzesaeus
766 574 948 631 (Buz'js),
996 577 1220 631 colleqialis
1265 577 1440 630 capituli
1484 576 1526 617 S.
1561 576 1764 629 Stephani
1807 576 1948 616 novio-

183 642 393 694 maycnsz's
437 642 622 682 decanus
663 641 828 696 (atque,
876 646 919 682 ut
960 642 1139 694 ridetur,
1189 641 1379 682 eeclesiae
1422 640 1464 681 S.
1495 640 1701 694 Stephani
1736 639 1949 694 parochus

183 703 262 758 [cf.
290 705 394 748 Can.
418 705 498 747 III
512 706 646 758 332])
680 706 934 761 Noviomayo
966 709 1006 748 3.
1032 707 1275 747 Decembris
1308 708 1422 747 1565
1459 705 1675 746 Coloniam
1715 705 1829 746 misit
1867 705 1948 758 epi-

183 771 334 811 stulam
361 796 415 800 —
441 785 622 826 eamque,
654 777 768 826 puto,
803 772 851 812 P.
878 772 999 813 Petro
1023 771 1189 812 Busaeo
1213 772 1256 812 S.
1281 771 1338 822 J.‚
1373 771 1627 812 noviciorum
1652 770 1695 810 2⁶72
1723 784 1763 811 eo
1787 770 1950 823 colleyio

183 837 384 889 mayz'stro
419 836 619 886 (Hansen
651 839 676 877 l.
703 851 734 878 c.
761 838 842 877 ‘75²1
878 836 998 889 783),
1035 836 1311 891 inscriptaml
1332 860 1404 886 —‚
1439 837 1483 876 *in
1517 849 1600 890 qua
1634 835 1734 876 haec
1766 835 1951 876 dicebat.-

183 900 347 941 Doetor
387 902 538 954 petrus
580 899 776 942 Canisius
809 899 1186 953 vir-Apostolicus
1227 903 1327 954 post
1359 900 1514 953 viginti
1557 913 1693 941 annos
1733 899 1950 940 inuisurus

183 964 373 1006 amicos2
416 979 509 1007 cum
544 966 595 1008 D.
621 965 826 1018 Dyonisio
861 965 1027 1007 Thoma
1068 965 1207 1007 fratre
1248 968 1322 1007 tuo
1365 964 1535 1014 comite,
1579 965 1633 1006 ad
1675 978 1753 1006 nos
1785 963 1949 1012 venit3‚

184 1043 234 1070 ac
274 1032 413 1071 totam
457 1030 746 1083 septimanam
789 1030 961 1074 mansit.
1036 1030 1261 1084 Specimen
1308 1044 1413 1072 suae
1457 1029 1711 1072 eruditionis
1755 1028 1952 1070 omnibus

185 1094 316 1136 dedit.
371 1094 630 1136 Audiuimus
664 1100 786 1136 euma
807 1095 945 1137 multa
968 1109 1062 1136 cum
1087 1095 1373 1137 admiratione
1406 1095 1449 1136 in
1472 1095 1629 1136 scholis
1659 1094 1821 1136 nostris
1844 1093 1951 1135 adeo

185 1158 428 1201 luculenter
462 1163 658 1201 orantem
682 1162 731 1202 vt
764 1160 901 1202 doctis
926 1160 1251 1214 quamplurimis
1274 1160 1521 1213 lachrymas
1545 1159 1800 1201 excusserit.
1850 1158 1952 1199 Elo-

191 1224 411 1275 quentiam
443 1224 804 1266 inenarrabilemb
837 1240 962 1266 nemo
996 1225 1103 1266 satis
1145 1225 1288 1279 potuit
1320 1225 1523 1267 admirari
1555 1238 1609 1266 ne
1642 1224 1781 1266 dicam
1815 1222 1953 1277 expli-

191 1302 303 1338 care,
348 1289 454 1330 adeo
497 1289 579 1332 fuit
622 1304 715 1331 cum
758 1289 962 1332 facundia
1003 1304 1053 1332 ac
1095 1290 1335 1332 eruditione
1377 1289 1606 1331 coniuncta
1649 1289 1862 1330 modestia
1903 1301 1954 1328 ac

190 1353 424 1403 humilitas,
460 1354 655 1396 adinstar
686 1354 826 1408 rapidi
858 1355 1044 1396 fluminis
1076 1355 1240 1396 fluebat
1272 1354 1459 1396 facunda
1492 1368 1591 1396 vox.
1650 1355 1707 1396 Et
1740 1357 1789 1395 vt
1822 1353 1953 1394 verbo

191 1418 330 1460 dicam
365 1419 560 1460 omnibus
593 1419 676 1461 fuit
708 1419 929 1464 miraculo.
993 1419 1094 1469 Quis
1136 1420 1260 1461 huius
1294 1419 1374 1460 viri
1416 1419 1647 1473 praeconia
1689 1418 1955 1460 sufficienter

191 1486 379 1534 enarret,
414 1484 507 1537 quis
531 1484 744 1537 condigna
776 1488 1065 1537 prosequatur
1087 1485 1295 1534 oratione,
1330 1485 1438 1526 adeo
1461 1484 1667 1525 inferiora
1689 1486 1790 1525 sunt
1812 1482 1955 1525 omnia

192 1547 227 1588 si
261 1562 356 1589 eum
388 1551 512 1591 tanto
536 1548 628 1590 viro
653 1548 944 1591 conferantur.
1001 1549 1034 1591 O
1059 1550 1164 1591 felix
1187 1550 1378 1591 seculum
1411 1551 1534 1592 tante
1560 1549 1660 1590 fidei
1683 1549 1954 1598 documento,

195 1612 314 1654 diues
357 1616 401 1655 et
442 1614 578 1656 multa
621 1614 846 1668 possidens
887 1615 1236 1668 pauperibusque
1279 1615 1552 1665 distribuens,
1595 1614 1706 1667 quod
1741 1616 1836 1655 erat
1875 1612 1956 1654 im-

192 1677 395 1732 possibile
428 1679 563 1728 diuiti,
597 1679 800 1733 possibile
832 1679 937 1721 fecit
960 1680 1158 1734 exemplo
1173 1681 1200 1723 4.
1247 1680 1280 1722 O
1305 1678 1569 1734 felicem⁰[?]
1594 1679 1820 1721 ecclesiam
1844 1692 1954 1731 quae

193 1742 273 1784 hac
306 1745 570 1796 tempestate
601 1744 735 1786 talem
757 1744 914 1786 meruit
946 1744 1104 1786 habere
1127 1748 1508 1798 propugnatorem.
1562 1744 1637 1785 Bis
1668 1743 1711 1785 in
1735 1743 1957 1785 Ecclesiad

193 1808 245 1849 D.
270 1807 478 1861 Stephani
511 1808 790 1850 concionatus
814 1812 894 1858 est,
929 1810 1003 1850 sed
1027 1810 1191 1851 vtinam
1227 1810 1280 1851 ab
1303 1809 1499 1851 omnibus
1522 1808 1734 1863 potuisset
1756 1808 1954 1861 intelligi,

193 1874 242 1914 vt
264 1872 406 1926 potuit
428 1873 615 1926 agnosci,
650 1873 825 1915 fuerunt
847 1877 992 1915 tamen
1017 1874 1186 1928 plurimi
1211 1875 1281 1927 qui
1305 1888 1458 1928 capere
1481 1877 1715 1928 potuerunt
1737 1873 1779 1915 in
1803 1873 1956 1926 quibus

193 1937 432 1979 mirabilem
465 1938 653 1980 fructum
688 1938 791 1980 fecit
824 1939 1073 1981 doctissima
1106 1939 1266 1981 concio.

312 2018 490 2051 Busaeum
518 2019 690 2052 decanum
718 2030 775 2053 res
802 2030 893 2063 quae
920 2019 1145 2062 Noviomagi,
1171 2032 1240 2054 non
1268 2031 1359 2063 quae
1386 2020 1594 2063 Moguntiae
1621 2031 1641 2053 a
1661 2019 1803 2054 Canisio
1830 2020 1955 2061 gestae

194 2070 268 2104 sint
305 2071 467 2113 (Hansen
504 2071 526 2105 l.
553 2083 581 2105 c.
610 2071 722 2114 5181),
758 2083 914 2113 narrare,
953 2074 1030 2116 ipsa
1066 2073 1221 2117 epistula
1256 2075 1345 2107 sat-is
1376 2073 1543 2113 ostendit,
1579 2072 1791 2117 praesertim
1817 2072 1954 2106 sicum

194 2123 326 2157 litteris
355 2124 518 2163 Kesselii,
544 2124 719 2169 Dionysii,
747 2125 847 2158 Hasii
878 2126 1001 2170 (supra
1028 2138 1060 2170 p.
1081 2127 1149 2160 650
1176 2130 1211 2160 et
1238 2126 1329 2160 infra
1357 2138 1450 2160 mon.
1471 2127 1537 2160 743
1565 2126 1649 2169 744)
1679 2125 1894 2159 conferatur.

314 2176 413 2218 Quod
440 2180 559 2211 autem
586 2177 628 2211 ad
661 2177 872 2219 „Thomanff
904 2179 1004 2212 illum
1032 2179 1173 2220 attinet,
1201 2191 1270 2223 quo
1298 2180 1466 2221 „eomite⁴‘
1490 2179 1671 2213 Canisium
1690 2178 1954 2221 Noviomagum

194 2229 337 2263 venisse
365 2231 525 2264 Busaeus
552 2231 720 2271 affirmat,
747 2231 840 2264 inter
870 2232 1042 2273 „nouitios
1070 2233 1236 2274 fratres“‚
1265 2233 1324 2276 qui
1351 2233 1408 2267 25.
1427 2232 1635 2266 Decembris
1662 2233 1750 2266 1565
1777 2232 1812 2264 in
1839 2231 1954 2266 Socie—

194 2283 280 2316 tatis
307 2283 457 2327 collegio
484 2283 677 2318 coloniensi
710 2288 795 2318 vota
830 2284 1065 2327 (devoti011is;
1104 2286 1148 2320 of.
1180 2287 1266 2319 Can.
1295 2286 1309 2319 Ι
1336 2286 1420 2329 653)
1464 2286 1736 2327 „renovarunt“‚
1772 2287 1955 2329 comparet

199 2336 372 2376 ⁷,Thomas
403 2338 564 2371 Busaeus
599 2336 880 2380 Neomagensis⁴⁴
912 2339 1013 2381 (Cod.
1042 2339 1152 2372 colon.
1185 2340 1242 2381 „L.
1264 2339 1349 2380 Qu.“
1379 2340 1403 2374 f.
1423 2339 1514 2381 85¹³).
1565 2339 1688 2372 Idem⁵
1723 2339 1757 2371 in
1794 2338 1955 2372 eiusdem

313 2414 340 2439 a)
362 2420 441 2438 eunn
461 2421 508 2444 ap.
611 2412 640 2439 b)
661 2412 894 2439 inenarrabilem
916 2423 962 2446 ap.
1060 2417 1085 2445 c)
1108 2416 1154 2440 Ita
1175 2416 1379 2448 corl'l'yencilcm
1400 2424 1460 2441 esse
1482 2416 1598 2440 videtur
1612 2423 1647 2440 ew
1667 2414 1749 2442 felix.
1769 2414 1843 2446 quod
1863 2417 1904 2439 esc
1924 2414 1954 2438 in

195 2462 260 2485 «μ,-
280 2455 339 2479 nisi
360 2455 500 2479 malueris
520 2462 556 2479 ea·
572 2456 710 2486 pro-'rimo
730 2455 888 2480 ecclesiam
908 2457 1053 2487 com-iyere
1075 2456 1208 2482 ecclesia.
1283 2456 1312 2488 d)
1334 2456 1497 2482 Ecclesiam
1517 2465 1564 2488 ap.

315 2549 325 2568 ¹
351 2548 452 2589 Vide,
479 2560 570 2593 quae
597 2550 662 2583 sub
689 2550 787 2594 ipsas
813 2549 878 2584 has
905 2549 1046 2583 litteras
1073 2550 1246 2584 dicentur.

313 2601 326 2621 ²
352 2601 516 2636 Canisius
542 2601 755 2645 Noviomagi
790 2603 856 2636 sub
892 2614 937 2636 m.
965 2602 1104 2636 lunium
1140 2615 1172 2637 a.
1202 2605 1291 2637 1546
1327 2603 1546 2645 hereditate,
1583 2614 1674 2647 quae
1710 2603 1740 2636 ei
1776 2602 1955 2646 obtigerat

197 2663 325 2695 magna
361 2657 396 2687 et
430 2654 623 2695 luculenta,
658 2656 693 2688 in
730 2656 884 2698 gratiam
921 2667 1117 2700 pauperum
1145 2659 1180 2690 et
1205 2657 1455 2700 religiosorum
1481 2668 1520 2690 se
1547 2656 1779 2690 abdicaverat
1805 2654 1911 2698 (Can.
1940 2654 1954 2687 1

199 2705 263 2738 102
293 2707 356 2739 147
386 2707 451 2741 201
481 2708 549 2742 668
576 2709 660 2751 etc.)
690 2720 805 2752 neque
832 2711 956 2752 postea
982 2709 1015 2741 in
1044 2709 1195 2752 patriam
1224 2710 1390 2744 redierat.

314 2759 326 2778 3
351 2758 459 2793 Venit
486 2772 564 2793 cum
592 2761 630 2795 P.
658 2761 812 2795 Henrico
839 2761 1010 2805 Dionysio
1038 2761 1072 2795 S.
1098 2762 1130 2796 J.
1162 2763 1209 2805 (V.
1237 2774 1346 2807 supra
1372 2775 1405 2807 p.
1434 2763 1517 2805 650)
1547 2764 1592 2803 et,
1628 2761 1697 2795 nisi
1722 2760 1837 2802 fallor,
1873 2772 1954 2794 eum

197 2809 253 2843 Fr.
279 2810 412 2844 Thonia
440 2812 578 2846 Busaeo
606 2813 640 2847 S.
668 2814 720 2854 J.;
749 2814 841 2855 vide,
869 2826 960 2857 quae
987 2815 1052 2848 sub
1080 2815 1177 2859 ipsas
1204 2815 1269 2849 has
1295 2815 1436 2849 litteras
1462 2815 1693 2849 notabuntur.

314 2865 326 2883 4
354 2864 513 2898 Busaeus
539 2866 744 2907 significare
772 2867 915 2900 videtur
941 2867 1207 2901 adulescentem
1235 2868 1336 2902 illum
1368 2868 1570 2910 „divitein“‚
1597 2867 1656 2911 qui
1676 2866 1809 2900 Christi
1828 2866 1953 2900 exhor-

198 2916 330 2949 tatione
365 2918 408 2950 ad
444 2918 534 2951 bona
570 2920 786 2964 pauperibus
823 2920 937 2954 danda
975 2923 1157 2964 permotus
1191 2933 1259 2955 non
1295 2925 1369 2961 est;
1409 2924 1505 2963 „erat
1540 2920 1632 2953 enini
1659 2919 1795 2953 habens
1820 2919 1954 2952 multas

197 2969 460 3011 possessi01ies“
493 2971 562 3012 (Mt
591 2973 643 3012 19,
673 2973 820 3006 16—26.
864 2973 923 3007 Mc
952 2974 1004 3013 10,
1035 2974 1182 3007 17—27.
1228 2974 1276 3008 Le
1306 2975 1357 3015 18,
1388 2973 1554 3010 18—27).
1606 2973 1658 3007 Cf.
1678 2973 1748 3005 Act
1773 2972 1804 3012 2,
1831 2972 1878 3005 44
1895 2973 1953 3005 45.

318 3021 330 3039 ⁵
357 3022 395 3054 In
423 3022 721 3063 *„111formati0ne
749 3025 840 3058 delle
866 3037 1016 3069 persone
1042 3026 1074 3060 le
1102 3027 1207 3070 quale
1243 3028 1272 3060 si
1305 3029 1453 3060 trouano
1474 3054 1480 3060 .
1501 3053 1507 3060 .
1528 3053 1535 3060 .
1562 3025 1655 3058 nella
1682 3024 1871 3058 Prouincia
1897 3024 1954 3058 del

198 3071 320 3105 Rheno
346 3074 401 3106 nel
430 3075 556 3108 Janaio
584 3076 640 3109 del
669 3078 777 3111 1565“
808 3090 915 3111 manu
942 3079 980 3112 P.
1009 3081 1161 3112 Antonii
1186 3081 1297 3112 Vincla
1332 3078 1525 3124 praepositi
1560 3077 1789 3122 provincialis
1819 3077 1954 3121 scripta

200 3125 235 3156 et
270 3124 313 3157 ab
349 3126 469 3159 eodem
497 3127 644 3161 Romam
681 3131 725 3162 ad
751 3130 921 3173 Borgiam
957 3132 1067 3165 missa
1103 3132 1250 3173 dicitur,
1287 3131 1460 3165 Thomam
1488 3132 1664 3165 Busaeum
1700 3131 1953 3172 noviomagum

202 3176 244 3209 16
271 3187 381 3211 annos
406 3183 527 3212 natum
556 3192 652 3220 esse:
681 3183 830 3215 eundem
860 3183 912 3216 18.
933 3183 1015 3216 Maii
1039 3184 1128 3218 1564
1157 3183 1324 3217 Coloniae
1350 3185 1385 3217 in
1413 3184 1627 3218 Societatem
1655 3194 1734 3217 esse
1756 3183 1952 3217 admissum
