2077 3461
591 214 636 248 Π.
662 213 887 248 Prooemium
913 212 1106 247 voluminis
1133 211 1259 257 quinti.
1721 212 1808 241 XXV

49 331 190 367 accidit.
224 331 292 366 Hic
311 343 331 366 a
357 331 456 366 curia
480 343 628 366 romana
653 331 809 376 petierat
834 330 955 374 aliqua
975 330 1020 363 ad
1046 329 1220 364 ecclesiae
1247 329 1474 373 germanicae
1499 328 1694 362 utilitatem
1721 338 1812 361 com-

49 385 262 429 modumque
287 385 508 429 spectantia3
541 384 630 419 nihil
655 383 882 430 impetravit;
918 383 1025 416 immo
1051 382 1296 416 renuntiatum
1323 384 1387 423 est,
1414 382 1532 426 ipsum
1559 380 1693 415 Romae
1718 380 1812 414 male

49 437 182 472 audire.
218 437 384 482 Optimus
410 437 554 483 praesul
573 437 727 472 dolorem
747 436 996 471 vehementem
1017 446 1058 469 ea
1085 447 1130 469 ex
1149 446 1187 469 re
1214 436 1356 480 captum
1385 446 1448 479 per
1473 434 1614 468 litteras
1640 433 1676 466 in
1694 433 1811 467 sinum

49 489 241 524 cardinalis
275 489 475 525 Truchsess
510 490 656 531 effudit;
699 488 893 524 cardinalis
930 490 1058 531 rogatu
1097 487 1264 522 Canisius
1302 487 1336 523 S.
1375 487 1604 521 Franciscum
1643 486 1811 529 Borgiam

49 542 251 577 obtestatus
276 545 341 585 est,
367 545 407 577 ut
433 543 578 585 Romae,
604 543 889 587 quandocunque
915 542 1046 586 posset,
1073 539 1382 585 archiepiscopum
1411 542 1611 581 excusaret,
1638 538 1810 580 laudaret,

49 595 254 636 adiuvaret;
282 597 423 630 omnino
441 596 508 630 hoc
525 596 601 630 sedi
619 595 836 641 apostolicae
855 593 1172 629 commendandum
1192 604 1272 627 esse
1287 592 1440 634 notavit,
1466 595 1507 627 ut
1524 592 1812 637 archiepiscopos

49 648 262 683 Germaniae
286 649 394 683 valde
424 648 617 691 „molliter⁴‘
646 651 822 683 tractaret
857 650 965 692 atque
991 647 1098 681 etiam
1133 645 1326 681 honoribus
1352 647 1647 691 prosequeretur;
1685 645 1811 688 dignos

48 701 141 736 enim
167 713 229 736 eos
253 713 333 736 esse
359 702 532 736 eiusmodi
558 702 707 743 officiis,
743 713 823 736 cum
857 701 917 735 diu
951 701 988 734 in
1013 699 1182 734 maximis
1217 699 1386 744 periculis
1412 699 1587 733 adversus
1612 698 1811 732 haereticos

48 755 297 789 constitissent
325 755 438 798 (301).
1785 795 1788 798 ,

165 807 219 842 Ne
245 808 395 848 mireris,
431 807 613 843 Canisium
643 810 717 842 tam
743 819 850 853 saepe
884 818 970 841 suas
996 805 1256 841 admonitiones
1282 806 1431 840 Romam
1456 805 1610 839 misisse.
1660 804 1812 848 Borgias

49 861 273 905 praepositus
298 860 477 905 generalis
508 860 625 906 planis
650 861 773 895 verbis
799 860 830 894 ei
865 862 1108 905 praeceperat,
1143 861 1193 901 ut,
1229 858 1510 903 quotiescunque
1536 858 1682 902 aliquid,
1717 857 1811 901 quod

49 912 261 948 Germaniae
287 913 456 958 prodesse
487 915 620 958 posset,
655 913 725 958 ipsi
751 914 787 947 in
812 915 968 947 mentem
994 912 1164 954 venisset,
1198 912 1234 946 id
1259 923 1382 946 secum
1414 911 1695 946 communicaret
1719 921 1810 944 neve

48 966 238 1007 dubitaret,
265 966 350 1010 quin
375 966 538 1012 pontifex
563 978 638 1001 rem
663 966 915 1001 intellecturus
941 968 1038 1000 esset
1066 965 1179 1009 (205).

167 1019 390 1054 Cardinalem
419 1019 638 1054 Ottonem
666 1019 935 1054 Truchsess
970 1019 1021 1053 de
1047 1018 1309 1062 Waldburg
1334 1018 1539 1063 episcopum
1566 1018 1808 1061 augustanum

46 1072 230 1116 religionis
255 1072 558 1107 studiosissimum
584 1072 697 1107 fuisse
722 1072 812 1106 satis
837 1072 907 1106 iam
934 1071 1176 1115 significatum
1204 1073 1269 1106 est.
1318 1071 1417 1105 Idem
1443 1071 1608 1115 Dilingae
1633 1069 1809 1104 universi-

47 1127 170 1167 tatem,
205 1125 473 1161 adulescentum
508 1126 748 1161 studiosorum
785 1125 1076 1166 contubernium,
1113 1124 1303 1159 Societatis
1338 1124 1530 1168 collegium
1555 1136 1576 1159 a
1601 1135 1640 1159 se
1666 1122 1809 1158 condita

47 1178 266 1223 amplificare
301 1181 336 1213 et
372 1190 556 1220 exornare,
591 1179 774 1213 obnitente
806 1178 902 1213 haud
928 1189 1009 1212 raro
1044 1177 1203 1222 capitulo
1229 1177 1436 1219 cathedrali,
1472 1177 1663 1221 diligenter
1687 1177 1806 1210 stude-

46 1231 109 1265 bat
130 1231 367 1275 (603—623);
394 1232 507 1266 sacris
533 1243 665 1276 magna
690 1243 771 1266 cum
797 1230 1038 1265 sollemnitate
1061 1230 1277 1275 operabatur
1298 1230 1357 1274 (87
1377 1230 1479 1274 601);
1506 1229 1807 1275 disputationibus

46 1284 197 1328 aliisque
221 1284 454 1319 sollemnibus
480 1284 696 1319 academicis
720 1285 895 1319 intererat
922 1283 959 1328 (8
989 1283 1053 1318 113
1081 1284 1149 1319 602
1176 1284 1279 1328 603);
1307 1284 1419 1318 Sociis
1436 1295 1566 1318 novam
1586 1283 1729 1317 domum
1747 1294 1806 1316 ex-

46 1338 211 1372 struebat
229 1337 344 1382 (190).
379 1337 685 1372 Desiderabantur
709 1340 806 1372 certe
831 1337 952 1382 aliqua
978 1338 1014 1371 in
1033 1349 1092 1378 eo3
1119 1337 1270 1381 collegio
1289 1337 1477 1371 Societatis
1503 1337 1656 1371 dotando
1683 1347 1808 1381 parum

47 1402 176 1436 operae
201 1391 359 1426 navabat
387 1391 471 1435 (180
497 1391 600 1435 757);
638 1402 720 1425 aere
758 1390 873 1425 alieno
911 1391 1060 1425 obrutus
1087 1390 1174 1434 (194
1201 1390 1284 1433 386)
1322 1390 1466 1435 parcius
1500 1391 1624 1424 vivere
1658 1388 1810 1424 debebat

50 1444 110 1488 (15
135 1444 210 1486 46).
261 1444 443 1479 Sociorum
477 1446 599 1478 tamen
624 1445 761 1478 monitu
787 1445 833 1479 80
858 1443 1020 1478 homines
1056 1455 1099 1477 ex
1126 1443 1209 1477 aula
1235 1443 1390 1484 dimisit;
1425 1444 1461 1477 in
1488 1455 1637 1487 quorum
1662 1453 1809 1476 numero

48 1500 149 1532 erant
175 1499 358 1540 cantores,
394 1497 523 1542 quibus
549 1497 687 1532 alendis
721 1497 791 1531 tria
824 1497 924 1531 milia
957 1508 1146 1531 aureorum
1181 1496 1372 1541 quotannis
1407 1496 1628 1541 expenderat
1666 1496 1702 1539 (8
1734 1496 1809 1538 67).

49 1550 264 1585 Societatem
289 1551 370 1585 Iesu
397 1551 544 1585 maximi
571 1551 786 1585 aestimabat
813 1553 848 1584 et
873 1551 1066 1584 tenerrime
1092 1550 1266 1593 diligebat
1294 1550 1354 1593 (74
1382 1550 1449 1584 112
1475 1549 1572 1592 605).

165 1604 280 1647 Regia
322 1603 358 1638 in
395 1604 610 1639 Societatem
652 1604 898 1638 munificentia
937 1603 1104 1638 Ottonem
1150 1603 1331 1647 aequabat
1370 1602 1426 1637 vel
1470 1603 1579 1637 etiam
1617 1601 1811 1647 superabat

47 1657 219 1692 Daniel
246 1657 449 1692 Brendel
475 1657 767 1702 archiepiscopus
785 1657 1017 1700 moguntinus
1036 1659 1072 1691 et
1089 1656 1233 1699 collegii
1250 1655 1451 1700 moguntini
1474 1655 1662 1696 fundator;
1689 1667 1810 1700 quam-

47 1721 154 1755 quam
179 1722 224 1745 ne
259 1710 336 1756 ipse
363 1711 506 1755 quidem
541 1711 676 1745 clerum
712 1710 767 1745 his
794 1710 923 1745 studiis
957 1709 1112 1744 habebat
1137 1709 1243 1744 valde
1268 1709 1452 1744 faventem
1482 1708 1596 1753 (124).
1647 1708 1811 1743 Canisius

48 1775 128 1798 eum
159 1763 261 1809 ⁷‚plus
287 1763 405 1798 minus
431 1764 555 1800 20000
581 1763 833 1805 florenorum“,
858 1763 1048 1808 pecuniam
1076 1774 1117 1797 ea
1147 1765 1267 1797 aetate
1291 1762 1486 1806 ingentem,
1522 1762 1636 1796 Sociis
1670 1762 1810 1796 dedisse

46 1817 171 1852 scribit
201 1817 315 1861 (301).

165 1869 365 1904 Ioannes
400 1881 542 1914 quoque
577 1881 665 1904 von
699 1869 779 1903 der
804 1868 960 1914 Leyen
995 1868 1286 1913 archiepiscopus
1311 1868 1532 1902 treverensis
1558 1870 1594 1902 et
1619 1868 1811 1903 cardinalis

48 1922 331 1957 Stanislaus
357 1922 534 1957 Hosius
560 1923 749 1968 episcopus
768 1923 984 1957 varmiensis
1009 1921 1162 1965 collegia
1180 1921 1348 1956 Treveris
1375 1924 1410 1956 et
1429 1921 1703 1964 Braunsbergae
1729 1933 1750 1956 a
1771 1933 1811 1956 se

45 1976 213 2010 instituta
250 1975 416 2010 sollerter
452 1975 626 2010 fovebant
666 1976 725 2020 (97
763 1976 859 2019 644).
919 1975 1236 2010 Cathedralis
1279 1975 1523 2009 ecclesiae
1567 1975 1810 2019 spirensis

47 2029 268 2063 canonici
295 2028 429 2074 Spirae,
465 2029 596 2063 civium
624 2029 901 2074 protestantium
928 2028 1047 2063 odium
1073 2028 1162 2062 nihil
1187 2028 1367 2070 timentes,
1404 2027 1593 2071 collegium
1621 2027 1810 2062 Societatis

46 2082 306 2117 incohaverunt
334 2081 418 2122 (188
443 2081 542 2125 461).
582 2082 780 2126 Collegium
806 2082 944 2123 deinde,
970 2082 1063 2126 quod
1086 2081 1191 2126 paulo
1210 2083 1292 2126 post
1316 2082 1352 2115 in
1377 2081 1508 2115 iustam
1534 2081 1809 2116 universitatem

48 2146 240 2170 evasurum
266 2137 302 2169 et
318 2135 537 2170 Franconiae
563 2147 625 2180 per
651 2135 719 2170 duo
744 2135 890 2170 saecula
915 2135 1097 2178 ingentem
1123 2135 1316 2169 utilitatem
1343 2134 1537 2169 allaturum
1556 2138 1643 2175 erat,
1669 2147 1700 2169 a.
1717 2135 1807 2170 1567

47 2188 230 2233 Herbipoli
256 2188 414 2222 condidit
437 2188 718 2223 Fridericus
744 2200 764 2223 a
781 2187 1027 2232 Wirsberg
1053 2189 1241 2233 episcopus
1267 2188 1434 2233 princeps
1452 2187 1730 2233 herbipolensis;
1758 2189 1806 2222 in-

46 2244 184 2278 stanter
210 2242 365 2286 petierat
393 2241 476 2285 (125
505 2242 572 2276 128
597 2242 694 2286 699),
722 2242 781 2276 diu
808 2244 1086 2287 exspectaverat
1109 2241 1300 2276 Societatis
1325 2241 1487 2276 homines
1508 2242 1628 2285 (365);
1654 2241 1805 2275 multum

46 2307 187 2340 quoque
205 2294 461 2329 aedificaverat
481 2294 564 2339 (277
592 2295 676 2339 504)
705 2298 741 2329 et
767 2296 802 2329 in
819 2295 1029 2330 fundatione
1048 2296 1117 2329 rite
1136 2295 1355 2329 conficienda
1376 2295 1426 2337 (id
1453 2295 1545 2339 quod
1571 2295 1664 2329 infra
1690 2295 1807 2338 magis

45 2348 255 2391 singillatim
274 2348 513 2391 enarrabitur)
535 2347 766 2382 vehementer
784 2349 1026 2382 desudaverat
1045 2348 1160 2392 (505).
1187 2347 1386 2391 Collegium
1405 2347 1537 2382 Canisii
1556 2352 1682 2392 rogatu
1704 2348 1803 2392 (367)

46 2413 115 2436 non
144 2401 351 2446 provinciae
377 2400 591 2436 Germaniae
616 2401 820 2446 superioris,
856 2401 913 2436 cui
938 2402 1015 2446 ipse
1041 2404 1224 2446 praeerat,
1260 2401 1322 2435 sed
1352 2401 1532 2435 rhenanae
1558 2413 1579 2435 a
1605 2402 1807 2446 praeposito

46 2455 205 2498 generali
231 2455 438 2489 adiunctum
463 2456 520 2488 est
547 2454 631 2497 (474
657 2454 759 2498 502);
796 2466 878 2489 nam
903 2454 994 2489 haec
1019 2455 1203 2489 sodalibus
1229 2454 1443 2495 abundabat,
1478 2454 1540 2488 illa
1566 2455 1695 2498 egebat
1723 2454 1808 2498 (225

46 2509 144 2551 498),
171 2511 278 2552 atque
298 2507 501 2552 Herbipolis
519 2507 687 2542 rhenanis
705 2508 898 2542 Societatis
920 2508 1083 2543 domibus
1099 2508 1252 2542 vicinior
1277 2510 1364 2549 erat,
1392 2519 1497 2552 quam
1524 2507 1672 2552 reliquis
1692 2508 1806 2552 (474).

47 2560 212 2595 Ceterum
239 2561 402 2596 Canisius
433 2561 476 2595 de
510 2560 651 2605 collegii
685 2560 946 2606 herbipolensis
980 2561 1091 2596 initiis
1127 2560 1309 2605 praeclare
1334 2561 1484 2595 meritus
1511 2563 1584 2602 est;
1623 2573 1702 2595 cum
1730 2562 1807 2606 ipso

46 2615 235 2659 episcopus
266 2614 336 2648 iam
372 2614 453 2648 inde
479 2625 500 2648 a
526 2613 648 2648 multis
683 2615 786 2648 annis
821 2614 969 2649 consilia
1003 2614 1349 2655 communicaverat;
1389 2614 1467 2658 ipse
1501 2625 1542 2648 ea
1576 2626 1640 2659 per
1674 2614 1807 2649 multas

47 2666 220 2712 epistulas
258 2667 542 2702 moderatoribus
580 2667 735 2702 romanis
773 2667 1045 2702 commendabat
1083 2667 1141 2711 (47
1172 2667 1238 2702 128
1270 2667 1338 2701 288
1368 2667 1437 2702 293
1464 2667 1566 2710 365);
1605 2668 1673 2710 2¹l2
1708 2668 1807 2702 hisce

47 2720 149 2754 annis
175 2721 231 2763 (ut
255 2720 298 2754 de
324 2720 568 2765 superioribus
594 2719 682 2754 nihil
709 2720 839 2764 dicam)
869 2721 945 2765 ipse
966 2723 1094 2764 quater
1111 2719 1332 2763 Herbipolim
1351 2720 1534 2764 profectus
1560 2722 1616 2755 est
1635 2720 1719 2765 (127
1739 2721 1807 2755 693

48 2772 231 2808 702—-707
269 2773 484 2816 709—711).
543 2772 677 2807 Canisii
714 2784 822 2818 opera
859 2773 1062 2808 Fridericus
1100 2773 1290 2818 episcopus
1328 2773 1409 2807 aliis
1446 2785 1586 2818 quoque
1628 2774 1663 2807 in
1701 2775 1807 2808 rebus

48 2826 223 2860 utebatur.
274 2826 376 2860 Anno
406 2826 494 2860 1567
528 2826 588 2860 ille
623 2837 686 2870 per
720 2829 863 2871 tempus
889 2837 1013 2860 sacrae
1040 2824 1344 2869 Quadragesimae
1371 2826 1406 2859 in
1432 2826 1584 2861 ecclesia
1610 2826 1807 2861 cathedrali

47 2881 121 2912 tres
146 2878 299 2922 singulis
325 2879 558 2914 hebdomadis
586 2879 768 2914 contiones
793 2879 920 2913 habuit
947 2879 1061 2922 (401),
1093 2879 1321 2913 audientibus
1347 2879 1454 2913 etiam
1478 2879 1602 2924 templi
1629 2880 1808 2914 canonicis

47 2933 83 2965 et
108 2932 253 2966 vicariis
275 2931 394 2975 (701);
421 2932 542 2966 eadem
563 2930 847 2974 Quadragesima
873 2932 1030 2977 episcopi
1056 2932 1155 2966 iussu
1182 2931 1236 2966 bis
1263 2932 1417 2975 singulis
1436 2932 1668 2967 hebdomadis
1686 2944 1808 2967 omnes

47 2983 206 3018 civitatis
232 2985 330 3029 pueri
359 2984 557 3028 famulique
576 2985 612 3018 in
629 2984 818 3019 ecclesiam
845 2985 1166 3019 Franciscanorum
1193 2985 1401 3028 congregati
1426 2988 1521 3027 sunt,
1546 2988 1586 3019 ut
1612 2998 1657 3020 ex
1676 2985 1808 3020 Canisii

47 3048 106 3070 ore
132 3037 314 3072 doctrinae
346 3037 564 3072 christianae
601 3038 875 3082 explicationem
911 3037 1116 3082 acciperent
1144 3038 1258 3081 (702).
1308 3038 1502 3073 Praeterea
1536 3038 1701 3074 Canisius
1737 3039 1808 3083 epi-

47 3100 154 3134 scopo
179 3090 258 3135 ipsi,
285 3101 353 3134 quo
376 3090 504 3125 melius
530 3102 677 3134 gregem
704 3093 869 3135 pasceret
886 3094 922 3124 et
947 3102 1034 3124 suae
1059 3090 1172 3135 ipsius
1198 3090 1307 3125 saluti
1334 3091 1547 3133 consuleret,
1572 3092 1808 3126 saluberrima

48 3142 195 3176 consilia
219 3154 289 3177 non
314 3142 435 3178 verbis
470 3143 605 3183 solum,
640 3144 704 3178 sed
740 3143 850 3177 etiam
884 3143 1027 3188 scriptis
1059 3143 1156 3178 dedit
1185 3144 1417 3187 (413—417).
1468 3144 1690 3180 Exhortatur
1716 3156 1807 3185 eum,

47 3198 87 3229 ut
111 3199 249 3237 caveat,
285 3208 328 3231 ne
355 3207 400 3230 ex
426 3196 640 3231 Lutheranis
667 3196 868 3231 Calviniani
897 3197 1071 3237 evadant;
1108 3200 1157 3238 ut,
1194 3197 1338 3241 quinam
1368 3198 1448 3232 libri
1476 3199 1559 3233 novi
1585 3210 1648 3243 per
1674 3198 1807 3243 episco-
