2077 3461
210 196 311 232 1284.
339 197 489 231 Ioannes
516 197 558 230 de
584 196 740 231 Polanco
766 197 863 231 Hier.
882 196 1014 238 Natali,
1043 197 1113 231 Iac.
1134 196 1341 238 Ledesmae,
1367 196 1476 231 Petro
1503 196 1657 231 Canisio.
1749 200 1832 241 185

72 319 240 356 mortem;
267 316 355 347 iam
381 314 497 347 enim
523 315 727 348 securim
746 315 924 347 admotam
951 314 1115 348 radici
1140 314 1382 357 arboris¹;
1408 326 1496 358 qnae
1518 315 1677 348 litteraea
1699 314 1835 358 (etiam-

72 378 156 401 num
193 368 363 400 dicantar
393 367 597 407 assermiri)
634 367 704 410 ipsi·
738 368 934 409 GodefridO
972 368 1071 400 vnteo
1108 377 1222 400 mense
1260 372 1341 400 ante
1377 378 1480 400 suam
1519 368 1649 401 obitum.
1685 369 1835 410 fuerunt

72 420 230 454 redditae
239 432 253 462 ,·
278 420 363 462 obijt
388 421 480 452 enim
506 424 633 463 quarto
660 420 803 453 circiter
829 432 942 453 mense
962 424 1151 463 postquam
1180 420 1349 452 Cani-sins
1374 420 1594 465 Nonz'omayo
1620 422 1835 455 discesserat.

73 474 227 507 Sanctus
251 473 361 506 Pater
381 474 568 515 praescius
591 473 814 515 futurorum,
839 474 1032 507 salubriter
1056 474 1236 506 sororium
1260 471 1521 516 praemomcz't.“

190 546 354 582 Canisius
384 547 486 581 initio
521 559 568 581 m.
594 547 780 581 Februarii
808 548 898 582 1566
933 548 968 581 in
1004 547 1195 590 collegium
1222 547 1256 582 S.
1284 548 1318 582 J.
1345 548 1567 592 dilinganum
1592 550 1693 584 venit
1728 552 1836 594 atque

69 601 121 635 ita
146 601 182 634 in
208 600 429 645 provinciam
455 600 650 645 superioris
676 599 899 642 Germaniae,
927 601 983 635 cui
1010 600 1238 646 praepositus
1257 602 1343 642 erat,
1369 601 1496 642 rediit;
1522 601 1689 645 Dilingae
1715 605 1836 637 autem

72 654 93 688 8
119 654 194 688 dies
219 653 370 695 mansit;
397 666 432 688 v.
458 653 554 687 infra
579 665 635 698 ep.
659 665 694 688 n.
715 653 816 688 1290.
862 653 994 695 Quodsi
1019 653 1101 687 inde
1124 653 1256 688 Tristio
1282 653 1429 698 scripsit
1440 654 1463 695 ²,
1490 654 1520 688 is
1547 654 1689 689 litteras
1714 667 1836 691 mense

69 709 259 751 antequam
279 708 477 741 moreretur
490 706 653 751 accipere
667 706 794 751 potuit.
821 707 861 740 In
875 706 1008 741 tabulis
1024 706 1305 751 (diplomatibus,
1319 706 1467 751 litteris)
1483 707 1836 751 noviomagensibus,

70 771 221 804 quarum
247 760 376 794 breves
401 771 561 794 summas
587 759 754 802 vulgavit
781 761 816 794 J.
841 761 882 794 G.
906 760 968 794 Ch.
988 761 1150 803 Joosttny
1178 760 1398 804 (inventaris
1415 771 1487 794 van
1512 759 1575 795 het
1593 760 1840 796 Oud-Archief

72 813 134 847 der
168 812 421 858 Nijmeegsehe
452 812 804 857 Broederschappen‚
839 812 1031 858 Nijmegen
1063 812 1169 856 1891)
1209 813 1365 848 Tristius
1399 815 1619 858 postremum
1655 819 1838 860 comparet

72 865 183 909 (inter
215 865 381 900 scabinos
416 865 530 909 urbis)
560 866 591 900 3.
618 865 834 899 Novembris
862 866 952 900 1565
982 865 1020 908 (l.
1048 877 1077 900 c.
1104 866 1211 909 289);
1248 868 1373 911 postea
1398 866 1499 901 nulla
1525 867 1601 901 eius
1626 867 1667 901 fit
1693 868 1836 903 mentio.

187 920 354 953 Raderus
373 918 476 961 (Can.
494 918 564 953 238
577 918 699 962 —239)
720 918 782 960 ita,
808 930 900 962 quae
919 930 964 952 ex
981 918 1092 953 Hasio
1111 921 1310 964 acceperat,
1335 919 1590 964 amplificavit:
1623 920 1836 966 „[Canisius]

71 971 262 1007 Godefrido
297 971 429 1006 Tristio
455 971 691 1006 Wendelinae
726 971 859 1006 sororis
893 971 1023 1006 marito
1058 972 1207 1006 fatalem
1243 972 1428 1006 imminere
1463 973 1556 1007 diem
1591 974 1722 1008 absens
1757 986 1838 1009 cum

70 1025 242 1060 diuinitus
268 1024 540 1070 praesensisset,
567 1024 666 1059 dedit
691 1025 734 1059 ad
761 1025 864 1059 illum
889 1024 1026 1066 literas,
1062 1025 1192 1069 quibus
1217 1025 1317 1060 illum
1344 1025 1476 1060 acriter
1500 1026 1666 1061 hortatus
1693 1029 1758 1068 est,
1784 1028 1837 1062 vti

68 1090 106 1113 se
132 1079 178 1113 ad
196 1078 361 1112 vltimam
386 1077 509 1112 horam
538 1080 782 1123 compararet;
809 1078 964 1113 securim
990 1078 1104 1112 radici
1123 1078 1303 1113 admotam
1330 1091 1412 1113 mox
1442 1091 1461 1113 e
1478 1079 1555 1113 vita
1580 1080 1836 1125 extirpandae:

69 1131 215 1177 proinde
240 1131 390 1173 videret,
417 1131 471 1165 vti
496 1143 578 1165 mox
605 1131 650 1165 ad
675 1131 833 1166 tribunal
859 1131 1018 1176 supremi
1045 1131 1241 1173 dictatoris,
1279 1143 1299 1166 a
1326 1143 1394 1176 quo
1420 1132 1519 1167 nulla
1545 1132 1593 1167 sit
1618 1135 1836 1178 prouocatio,

69 1185 260 1226 sistendus,
293 1184 468 1229 quomodo
495 1195 640 1219 causam
666 1196 768 1219 suam
805 1186 901 1219 esset
926 1185 1149 1225 defensurus,
1184 1185 1430 1229 rationemque
1457 1185 1500 1220 de
1526 1187 1619 1220 omni
1646 1189 1728 1221 ante
1754 1190 1836 1222 acta

69 1238 146 1272 vita
179 1237 397 1272 redditurus.
446 1236 525 1271 Non
559 1237 628 1272 nisi
659 1238 794 1272 mensis
828 1237 873 1272 ab
908 1238 1067 1283 acceptis
1101 1237 1217 1272 literis
1251 1238 1467 1281 intercessit,
1503 1250 1582 1273 cum
1609 1239 1765 1275 Tristius
1791 1242 1835 1276 ad

70 1302 276 1337 supremum
301 1290 457 1325 iudicem
484 1292 538 1325 est
565 1290 729 1325 citatus.“

70 1421 224 1459 1284.
342 1422 399 1459 P.
436 1422 734 1460 IOANNES
770 1423 863 1460 DE
898 1424 1234 1468 POLANGO,
1269 1426 1487 1461 secretarius
1523 1426 1713 1461 Societatis
1743 1426 1834 1467 Iesu,

259 1477 432 1511 mandatu
470 1477 505 1512 S.
537 1477 721 1512 Francisci
756 1478 930 1522 Borgiae,
968 1479 1165 1524 praepositi
1199 1479 1399 1523 generalis,
1436 1480 1508 1515 PP.
1543 1479 1835 1514 HIERONYMO

258 1529 447 1572 NATALI,
476 1530 653 1566 IACOBO
680 1531 947 1574 LEDESMAE,
978 1532 1134 1566 PETRO
1163 1531 1362 1574 CANISIO,
1390 1533 1424 1567 S.
1452 1533 1485 1568 J.

1120 1585 1233 1620 Roma
1258 1586 1325 1620 sub
1351 1586 1384 1621 d.
1413 1587 1445 1621 7.
1470 1586 1658 1621 Februarii
1686 1586 1787 1620 1566.

191 1653 246 1687 Ex
272 1652 470 1698 archetypo
505 1653 561 1696 (2⁰
585 1654 687 1694 min.;
727 1655 743 1689 1
771 1654 822 1699 p.)
850 1655 983 1689 Romae
1011 1654 1049 1699 (a
1074 1655 1114 1690 Ρ.
1140 1655 1273 1690 Ioanne
1298 1656 1504 1691 Fernandez
1531 1656 1565 1691 S.
1593 1657 1626 1691 J.
1639 1656 1675 1700 ‘?)
1701 1656 1836 1701 scripto

74 1705 154 1750 (A):
182 1706 265 1741 Cod.
289 1706 388 1749 „EB‘
417 1719 451 1740 n.
478 1706 558 1742 296.
601 1707 733 1742 Exstat
759 1708 867 1742 etiam
893 1708 1141 1753 apographum
1167 1709 1327 1744 eiusdem
1353 1711 1525 1755 temporis
1547 1710 1619 1753 (B),
1645 1709 1753 1754 idque
1783 1710 1836 1745 sic

71 1758 302 1804 inscriptum:
342 1760 506 1802 „Jhesus
557 1760 700 1795 Ricordi
734 1772 798 1805 per
831 1761 856 1794 il
890 1761 999 1806 padre
1025 1761 1133 1796 Nata]
1169 1762 1261 1796 conli
1288 1763 1485 1808 Compagni
1519 1775 1583 1808 per
1617 1766 1722 1797 conto
1757 1763 1837 1798 dela

70 1812 239 1847 missione
264 1813 460 1858 principale
487 1812 543 1848 del
561 1813 659 1859 Papa
686 1814 756 1848 alla
773 1813 880 1848 Dieta
908 1815 1017 1849 1566“
1033 1815 1067 1849 b:
1095 1814 1178 1850 Cod.
1201 1816 1375 1858 „Decreta
1401 1818 1438 1850 et
1462 1816 1646 1851 Instructi.
1674 1816 1765 1851 1540
1791 1817 1836 1851 ad

70 1865 183 1953 {3733ss
214 1865 238 1900 f.
265 1866 345 1901 249.
395 1866 554 1901 Litterae
592 1878 638 1901 ex
675 1866 742 1902 hoc
779 1867 985 1912 apographo
1022 1868 1121 1913 typis
1159 1869 1363 1914 exscriptae
1401 1871 1485 1904 sunt
1522 1869 1559 1903 in
1594 1869 1682 1914 Epp.
1713 1870 1836 1903 Nadal

171 1919 250 1953 ——5.

192 1991 371 2031 Quomodo
397 1992 579 2034 Auyastae
612 1992 652 2024 in
688 1992 830 2034 imperii
864 1992 1015 2025 comitiis
1038 2003 1073 2025 se
1095 2003 1217 2034 {serere
1241 1993 1398 2035 debeant,
1431 1994 1620 2027 docentur:
1653 1994 1836 2035 Pontifteis

71 2043 169 2076 iussa
214 2045 357 2087 scriptis
401 2045 623 2078 mandabant
660 2045 802 2088 eiusque
845 2046 983 2078 litteras
1019 2056 1134 2079 secam
1164 2047 1351 2088 perferent
1387 2048 1598 2090 Azeyzcstam.
1651 2047 1836 2088 Pontifieis

70 2096 181 2138 ἱερᾶτο
207 2107 306 2130 omne
332 2097 532 2140 officiorum
564 2109 675 2142 oenus
694 2099 939 2141 praestabunt.
989 2099 1125 2142 Eidem,
1159 2100 1329 2143 quiequid
1355 2101 1521 2143 relt‘yioni
1545 2101 1631 2134 utile
1654 2101 1734 2143 fore
1759 2111 1834 2134 cen—

69 2150 216 2193 suerint,
245 2151 506 2194 siynifieabzcnt,
533 2156 563 2184 et
587 2153 619 2184 si
644 2151 731 2194 qaid
755 2162 834 2184 cum
860 2152 980 2195 aliquo
1000 2152 1168 2195 principe
1192 2154 1244 2186 vel
1265 2154 1430 2196 praelato
1447 2155 1674 2187 tractandam
1693 2155 1738 2187 iis
1756 2156 1834 2197 erit,

71 2212 113 2234 ece
137 2203 243 2246 leyati
272 2204 447 2236 voluntate
471 2204 698 2238 tractabitur.
749 2205 789 2237 P.
815 2204 960 2237 Natalis
985 2205 1133 2248 reliquis
1153 2207 1315 2248 praeerit
1324 2218 1338 2247 ,·
1373 2208 1432 2239 cai
1457 2208 1560 2240 etiam
1587 2207 1676 2240 alios
1702 2207 1834 2250 Socios,

70 2265 147 2288 cam
173 2266 260 2299 opas
285 2257 363 2300 erit,
389 2258 588 2299 Aayastam
614 2268 755 2290 evocare
779 2257 868 2291 lieet.
912 2258 955 2290 Si
979 2258 1090 2300 leqato
1114 2259 1229 2292 visani
1254 2259 1332 2302 erit,
1359 2261 1397 2292 izi
1423 2260 1499 2292 eicis
1524 2261 1624 2293 domo
1650 2260 1700 2292 rel
1720 2270 1836 2303 prope

70 2309 213 2342 eandem
238 2309 459 2354 habitabunt,
487 2311 624 2353 victoiri,
651 2315 689 2343 ut
712 2311 874 2353 pontifex
899 2311 1093 2355 mandavit,
1129 2312 1236 2354 leyati
1260 2313 1442 2355 expensis;
1466 2313 1581 2346 licebit
1606 2317 1720 2346 tamen
1747 2314 1836 2347 alibi

71 2361 243 2406 habitare,
278 2364 310 2396 si
334 2363 373 2396 P.
400 2363 544 2396 Natalis
577 2364 630 2395 ita
663 2365 837 2407 statuerit,
872 2364 983 2407 leyato
1015 2365 1197 2407 probante.
1248 2365 1302 2398 De
1336 2366 1441 2399 rebus
1475 2366 1695 2399 comitiorum
1726 2377 1767 2398 ae
1793 2367 1835 2399 de

71 2416 234 2449 remediis
271 2417 440 2450 adversus
476 2417 662 2459 reliyionis
699 2418 847 2450 ruinam
884 2417 1094 2450 adhibendis
1127 2419 1279 2451 Romam
1315 2419 1466 2452 scribent
1507 2421 1578 2462 ita,
1619 2424 1654 2451 ut
1695 2419 1834 2453 litterae

65 2470 229 2510 pontifici
253 2470 450 2503 monstrari
476 2474 614 2513 queant.
658 2470 699 2503 Si
724 2470 858 2512 leyatas
883 2472 934 2503 ita
959 2482 994 2504 se
1019 2471 1101 2504 velle
1125 2472 1388 2514 sz'ynifieacerit,
1415 2473 1456 2504 de
1481 2472 1729 2505 controversiis
1756 2472 1835 2505 reli-

67 2521 186 2562 gionis
211 2526 239 2555 et
264 2523 415 2556 scribent
441 2527 470 2555 et
495 2522 726 2565 disputabant
757 2527 786 2556 et
820 2524 1020 2567 loquentur,
1058 2525 1093 2557 in
1120 2524 1264 2557 Natalis
1292 2526 1475 2567 sententia,
1511 2536 1587 2557 eum
1615 2525 1700 2568 qaid
1734 2525 1835 2559 (labii

72 2576 147 2617 erit,
182 2576 443 2619 acquiescentes.
498 2575 689 2609 cardinali·
713 2577 924 2619 Auyastano
960 2578 1150 2620 ceterisque
1173 2578 1380 2620 proceribus
1411 2578 1615 2620 yraMflcari
1649 2582 1679 2610 et
1713 2589 1834 2611 eoram

70 2627 208 2661 animos
243 2629 412 2662 Societati
449 2630 641 2662 conciliare
677 2629 874 2663 studebunt.
938 2630 1025 2662 Cam
1061 2631 1224 2673 pontifeoe
1263 2631 1383 2664 Socios
1419 2631 1555 2674 aliqtcot
1595 2632 1631 2663 in
1670 2632 1834 2675 dustria,

72 2680 205 2724 Styria,
241 2682 328 2715 alibi
361 2687 464 2716 extra
494 2682 639 2724 colleqia
665 2692 809 2725 operam
829 2687 1018 2725 praestare
1042 2683 1132 2726 velit,
1168 2684 1239 2726 ‘ipsi
1265 2694 1342 2716 cam
1368 2684 1480 2725 leyato
1506 2685 1711 2727 erpemlent,
1749 2696 1834 2718 nunt

71 2743 110 2766 ea
149 2745 256 2777 opera
293 2736 392 2768 utilis
424 2736 503 2778 fore
530 2736 702 2778 rideatur,
740 2740 770 2768 et
809 2747 879 2779 qua
917 2737 1056 2769 ratione
1094 2747 1171 2769 eam
1208 2737 1298 2770 bona
1334 2738 1541 2779 principum
1573 2738 1694 2780 qratia
1724 2749 1833 2780 prae-

70 2790 161 2821 stari
180 2789 304 2831 possit.

188 2870 216 2901 a)
238 2870 349 2894 Hasius
368 2872 384 2895 3
406 2878 445 2894 ιϊ.
465 2877 523 2901 sqq.
547 2870 627 2894 aneis
649 2870 760 2894 inclusa
782 2870 811 2894 in
837 2870 968 2901 nuzryine
995 2870 1120 2895 addidit.
1204 2869 1232 2900 b)
1261 2871 1329 2895 ,ilia
1361 2879 1446 2894 maim
1473 2872 1609 2896 (ludwici
1634 2872 1750 2903 ipsius?
1788 2873 1831 2903 Cf.

71 2910 144 2942 Epp.
165 2912 264 2936 Xmlal
284 2912 337 2936 III
352 2911 399 2936 3¹)
422 2915 524 2942 postea
551 2919 644 2942 supra
677 2919 789 2936 versum
818 2911 920 2935 addita
949 2915 1015 2936 sune
1043 2915 1108 2943 post
1128 2910 1210 2944 Papa
1236 2912 1322 2935 haec:
1351 2911 1404 2936 Pio
1427 2911 1480 2943 .V.,
1509 2916 1534 2937 et
1551 2916 1616 2944 post
1637 2912 1724 2938 Diem
1753 2920 1831 2945 (per—

68 2959 203 2982 peramJ:
223 2952 252 2978 in
273 2951 400 2978 Vienna.

195 3079 204 3098 ¹
230 3079 253 3110 W
416 3106 424 3114 .
538 3080 557 3114 3
596 3084 628 3114 S.

190 3131 203 3153 2
228 3079 546 3167 ’ἴΙιξεῗῖοΙὲθΠίξξυε
562 3082 680 3167 'etlam
708 3144 739 3166 a.
761 3132 850 3167 1555
877 3132 1073 3177 scripserat
1097 3132 1292 3176 (Epistolae
1318 3135 1449 3167 miletae
1476 3145 1518 3168 ex
1538 3134 1649 3168 variis
1667 3134 1831 3178 Europae

70 3182 159 3218 locis
184 3184 227 3226 V,
257 3185 395 3219 Matriti
423 3186 524 3227 1901,
553 3186 647 3229 151).
