2045 3471
214 206 297 247 730
443 204 537 239 Mon.
558 205 745 240 796—798
771 205 848 239 sive
874 205 913 239 it.
933 204 1110 248 (3)-(5).
1151 205 1206 238 17.
1224 205 1343 238 Martii
1360 224 1401 228 —
1418 205 1474 239 21.
1493 205 1624 250 Aprilis
1644 206 1746 240 1565.

212 324 330 355 mente
356 323 376 354 a
395 320 437 355 V.
467 321 507 356 P.
534 320 745 355 Reuerenda
770 321 805 355 la
831 333 897 356 sua
923 324 1066 363 uenuta,
1094 323 1270 367 sperando
1297 321 1362 356 che
1389 322 1485 367 possi
1511 321 1547 356 in
1574 322 1658 366 ogni
1682 323 1785 357 modo
1811 322 1975 356 ritornar'

211 385 281 418 qua
307 376 327 407 a
352 376 473 418 tempo
499 375 520 408 a
545 374 611 408 far'
631 375 666 408 di
693 374 809 418 quelle
836 386 952 419 opere,
989 374 1159 419 allequali
1195 375 1240 409 ho
1275 376 1401 409 scritto
1427 375 1493 409 che
1528 375 1599 419 egli
1626 378 1644 409 e
1669 377 1770 410 tanto
1796 375 1914 409 dedito
1941 378 1977 410 et

211 427 371 471 disposto
398 428 432 460 in
460 429 542 471 ogni
569 429 755 462 occasione
781 440 845 472 per
871 428 1019 462 seruitio
1046 428 1140 462 della
1166 431 1270 463 santa
1299 428 1428 462 Chiesa
1455 430 1491 462 61
1516 440 1581 462 sua
1607 428 1805 471 Religione.

211 536 317 573 ’796
345 538 422 572 sive
449 537 512 573 it.
533 537 630 583 (3).
705 537 751 573 17.
770 536 895 573 Martii
921 536 1014 573 1565.

329 608 383 641 Ex
419 608 624 653 apographo
660 609 819 643 eiusdem
855 609 1037 653 temporis.
1094 608 1233 650 „Germ
1263 609 1326 642 61⁴⁴
1357 609 1381 642 f.
1409 609 1512 643 274³.
1565 609 1710 652 Integra
1746 609 1899 653 epistula
1930 620 1974 643 ex

210 661 333 695 eodem
360 661 566 706 apographo
593 662 690 696 edita
716 664 772 695 est
798 663 832 695 in
864 661 1039 704 „Sanctus
1064 662 1280 696 Franciscus
1307 662 1480 705 Boryza&
1510 661 1562 695 ΙΙΙ
1589 662 1668 695 770.

329 732 366 766 S.
392 732 611 765 Franciscns
636 733 791 775 Boryias
826 733 1009 765 cardinali
1035 733 1246 775 Auynstmzo
1279 733 1421 775 qratias
1455 733 1538 775 aqit,
1576 733 1669 775 qnod
1700 733 1881 775 permittat
1910 733 1974 766 Ca-

213 784 343 817 nisiam
368 785 519 818 Romam
545 787 608 818 ire.
660 786 768 819 Hune
796 786 845 818 ibi
871 787 974 819 etiam
1002 797 1057 819 res
1087 786 1299 818 Germaniae
1324 796 1394 818 esse
1419 786 1642 818 adiuturam.

329 857 372 898 S.
409 857 664 897 Franciscus
696 857 891 910 Bomios,
934 857 1153 898 Societatis
1193 856 1290 898 Iesu
1335 858 1522 897 vicarius
1561 858 1795 911 gyerzeralz's,
1838 858 1974 898 Roma

210 921 279 963 17.
298 922 453 962 Martii
475 924 591 963 1565
615 921 755 962 Ottom'
773 921 1002 963 Truclzsess
1025 922 1244 963 cardinali
1267 926 1301 962 et
1324 923 1510 976 episcopo
1533 926 1784 975 auqustano,
1806 927 1976 976 praeter

212 987 313 1034 alia,
347 987 449 1027 haec
471 986 521 1027 dc
543 1000 722 1027 romana
749 986 915 1027 Canisiz'
940 986 1199 1041 profectione
1221 987 1272 1027 ab
1300 986 1442 1027 Orione
1458 988 1672 1040 permissa
1695 985 1810 1037 (vide
1841 1001 1974 1042 supra

208 1065 248 1104 ρ.
274 1051 379 1103 729)
412 1052 602 1106 scripsit:
634 1050 756 1092 Circa
788 1051 830 1091 la
863 1053 1025 1093 uenuta
1057 1051 1126 1092 del
1148 1050 1289 1092 Padre
1322 1050 1492 1092 Canisio
1516 1051 1554 1092 ci
1584 1050 1640 1092 ha
1672 1051 1785 1092 fatto
1808 1051 1974 1104 grande

209 1115 353 1167 gratia
387 1116 437 1158 V.
471 1115 511 1158 S.
546 1115 846 1157 illustrissima
888 1116 939 1157 de
981 1115 1089 1157 darli
1131 1116 1244 1157 bona
1285 1115 1460 1158 licentia
1493 1118 1537 1158 61
1572 1117 1594 1157 e
1628 1116 1862 1169 dasperare
1895 1115 1974 1158 che

210 1179 320 1222 oltre
344 1180 395 1221 de
418 1180 605 1222 sodisfar
627 1180 669 1222 al
702 1180 846 1222 debito
879 1195 969 1230 6110,
1008 1180 1261 1222 trouandosi
1294 1181 1381 1222 alla
1413 1180 1620 1223 6161110116
1652 1181 1721 1222 (161
1753 1181 1974 1234 preposito

210 1247 254 1287 et
286 1245 328 1286 al
359 1246 523 1287 trattar
555 1245 607 1287 de
640 1245 741 1287 altri
773 1245 943 1299 negocij
977 1245 1224 1295 uniuersali,
1268 1245 1440 1287 aiutara
1473 1246 1609 1288 anche
1642 1246 1681 1287 16
1714 1260 1813 1288 0066
1847 1246 1899 1288 (16
1930 1247 1973 1288 la

211 1308 442 1351 Germania
475 1324 553 1351 eon
588 1310 718 1363 quelli
751 1311 882 1352 mezzi
915 1310 992 1352 che
1024 1310 1053 1351 il
1087 1324 1163 1352 suo
1197 1311 1279 1351 bon
1312 1311 1403 1352 zelo
1428 1312 1472 1352 et
1504 1313 1651 1352 nost-re
1681 1311 1832 1353 debole
1854 1311 1973 1353 forze

209 1376 422 1427 potranno
455 1375 683 1416 ritrouare.

210 1493 313 1530 797
340 1496 418 1529 sive
445 1494 508 1531 it.
528 1494 627 1541 (4).
702 1495 752 1532 14.
770 1495 911 1543 Aprilis
938 1495 1031 1532 1565.

327 1565 382 1599 Ex
418 1566 632 1611 archetypo,
669 1565 712 1600 ab
747 1566 825 1612 ipso
860 1567 1033 1601 cardinali
1068 1568 1282 1612 subscripto.
1338 1568 1448 1612 „Epp.
1484 1568 1611 1602 Cardd.
1647 1568 1680 1601 1“
1722 1569 1777 1603 22.
1828 1569 1973 1613 Integra

209 1618 364 1663 epistula
391 1630 435 1652 ex
463 1620 585 1653 eodem
612 1620 809 1665 archetypo
836 1621 931 1654 edita
951 1624 1007 1655 est
1025 1622 1060 1655 in
1083 1621 1257 1663 „Sanctus
1275 1621 1490 1655 111-6110160116
1508 1622 1682 1666 Bor-qia&
1705 1622 1755 1656 III
1775 1622 1972 1657 788—789.

330 1690 540 1723 Cardinalis
566 1692 799 1732 Aufflcstanas
829 1692 1012 1724 Cam'simn
1033 1703 1105 1734 pro
1130 1702 1197 1725 sua
1223 1692 1409 1734 diliqentia
1435 1693 1567 1725 Romae
1592 1693 1760 1736 reliqloni
1786 1694 1970 1726 utilitatem

210 1742 406 1775 allatarum
431 1749 559 1785 sperat.

329 1814 405 1846 Otto
438 1814 638 1846 cardinalis
672 1818 701 1847 et
738 1815 918 1857 episeopus
944 1816 1177 1856 Amyn-siamus·
1204 1816 1353 1858 Dilinqa.
1383 1818 1436 1848 14.
1465 1817 1606 1858 Aprilis
1632 1818 1723 1849 1565
1749 1817 1898 1850 Romam
1924 1817 1971 1849 ad

209 1865 377 1898 Sanctum
404 1867 640 1899 Franciscam
675 1868 717 1899 de
751 1868 897 1911 Borffl'a,
934 1869 1120 1901 Societatz's
1151 1869 1231 1901 Iesu
1267 1870 1440 1901 rz'carz‘um
1474 1869 1682 1912 glemu-alem,
1717 1870 1881 1912 scripsit:
1915 1868 1970 1902 Ho

206 1918 365 1952 riceuuto
393 1945 400 1953 .
421 1946 454 1952 ..
491 1919 526 1952 in
563 1919 619 1952 un'
638 1920 834 1953 medesimo
869 1924 989 1964 tempo
1016 1920 1074 1953 dui
1111 1920 1240 1954 lettere
1277 1920 1310 1954 di
1338 1921 1383 1954 V.
1411 1921 1597 1955 Paternita
1623 1922 1657 1955 di
1687 1922 1740 1956 17.
1768 1924 1804 1955 et
1829 1922 1886 1956 24.
1913 1922 1970 1956 del

206 1973 361 2015 passato,
397 1971 462 2005 che
498 1972 545 2005 mi
572 1972 688 2005 danno
724 1975 826 2006 conto
862 1976 897 2007 et
925 1973 1004 2006 dell'
1022 1974 1140 2007 arriuo
1168 1973 1223 2006 del
1251 1973 1389 2007 Barone
1416 1975 1486 2007 mio
1512 1974 1667 2008 Parente
1685 1975 1702 2016 ¹,
1739 1977 1774 2008 et
1800 1974 1856 2008 del
1892 1986 1969 2019 par-

208 2024 357 2058 ticulare
395 2036 500 2068 sopra
525 2025 560 2058 la
585 2028 719 2059 uenuta
745 2026 949 2060 desiderata
975 2029 1074 2060 costa
1101 2026 1158 2060 (161
1184 2027 1301 2060 Padre
1328 2027 1484 2060 Canisio.
1514 2055 1519 2060 .
1541 2055 1547 2060 .
1569 2054 1575 2060 .
1627 2026 1767 2068 Quanto
1792 2027 1827 2062 al
1855 2028 1969 2062 Padre

208 2076 348 2111 Canisio
375 2079 395 2111 a
420 2090 485 2112 6110
512 2082 630 2123 tempo
656 2079 685 2112 si
714 2082 859 2113 mouera
884 2082 904 2113 a
931 2082 1071 2113 cotesta
1097 2079 1195 2114 uolta
1221 2080 1294 2114 cosi
1320 2080 1491 2114 instrutto
1518 2080 1609 2114 delle
1636 2092 1717 2114 cose
1744 2081 1777 2114 di
1797 2092 1876 2125 qua,
1903 2081 1969 2115 0116

206 2131 379 2174 aggiunto
414 2132 471 2175 poi
507 2132 531 2165 il
566 2132 730 2166 naturale
757 2133 857 2175 gran'
877 2133 952 2166 zelo
978 2144 1082 2167 uerso
1118 2133 1151 2166 16
1178 2144 1259 2167 0066
1287 2133 1381 2166 della
1407 2132 1594 2176 Religione
1630 2133 1695 2167 0116
1721 2133 1755 2167 S.
1782 2134 1968 2168 Paternita

206 2184 262 2223 ha,
290 2187 307 2217 e
335 2184 378 2218 da
406 2185 549 2218 credere
576 2185 642 2219 che
668 2185 722 2219 sia
748 2197 810 2230 per
836 2186 968 2230 portar'
990 2185 1142 2229 qualche
1169 2186 1255 2220 utile
1281 2186 1316 2219 la
1342 2197 1407 2220 sua
1434 2189 1579 2227 uenuta,
1615 2187 1687 2221 0061
1713 2187 1778 2221 Dio
1807 2187 1830 2220 li
1856 2188 1968 2232 presti

206 2236 229 2269 il
256 2239 390 2281 potere,
418 2249 517 2271 come
543 2238 588 2271 110
614 2239 820 2272 conosciuto
847 2251 987 2283 sempre
1015 2239 1049 2273 la
1075 2251 1141 2273 sua
1167 2241 1367 2284 prontezza.

325 2290 474 2334 Borgias
501 2290 624 2325 Ottoni
651 2292 835 2336 respondit
862 2292 894 2326 2.
921 2293 1012 2326 Iunii
1043 2293 1151 2327 1565:
1180 2292 1261 2326 vide
1288 2292 1382 2326 infra
1407 2303 1499 2326 mon.
1528 2293 1605 2327 805.

207 2404 312 2440 798
339 2407 417 2440 sive
444 2405 506 2442 it.
527 2406 624 2451 (5).
701 2408 825 2442 OTTO
854 2408 1139 2442 CARDINALIS
1173 2408 1443 2443 TRUCHSESS
1477 2409 1539 2442 DE
1566 2408 1854 2449 WALDBURG,
1895 2410 1966 2454 epi-

393 2471 523 2504 scopus
549 2461 754 2495 albanensis
782 2464 818 2495 et
843 2464 1078 2505 augustanus,
1105 2461 1245 2506 imperii
1262 2461 1440 2506 princeps,
1469 2460 1733 2497 SANCTO
1760 2460 1965 2498 FRAN-

395 2510 592 2548 CISCO
620 2512 712 2548 DE
740 2512 1028 2556 BORGIA,
1056 2515 1247 2549 Societatis
1275 2514 1354 2548 16611
1381 2514 1516 2548 vicario
1543 2514 1712 2556 generali.

1403 2573 1548 2615 Dilinga
1575 2573 1631 2607 21.
1650 2573 1786 2617 Aprilis
1816 2573 1916 2607 1565.

324 2634 377 2667 Ex
403 2634 535 2668 litteris
561 2635 768 2680 archetypis
798 2637 874 2679 (20;
906 2638 920 2670 1
942 2649 995 2681 p.:
1024 2637 1060 2670 in
1087 2649 1119 2681 p.
1138 2638 1159 2670 4
1186 2636 1291 2670 inser.
1312 2638 1346 2670 et
1372 2636 1570 2681 particulae
1597 2636 1736 2679 sigilli),
1763 2648 1853 2680 quas
1879 2636 1965 2670 Otto

206 2687 280 2729 ipse
306 2686 528 2731 subscripsit.
575 2687 684 2733 „Epp.
713 2689 840 2724 Cardd.
868 2690 902 2723 I“
933 2690 988 2724 23.
1040 2690 1198 2724 Litterae
1225 2701 1269 2722 ex
1296 2689 1492 2733 archetypo
1518 2689 1671 2733 primum
1699 2701 1853 2722 excusae
1880 2691 1965 2723 sunt

205 2738 239 2770 in
263 2738 434 2780 „Sanctus
461 2740 674 2775 Franciscus
701 2743 872 2785 Bomitae-‘⁴
897 2743 946 2775 ΙΙΙ
975 2743 1053 2776 793.
1098 2742 1283 2786 Epistulae
1309 2743 1526 2776 mentionem
1552 2742 1640 2775 fecit
1665 2743 1766 2775 Riess
1791 2741 1812 2776 l.
1833 2753 1861 2775 c.
1883 2742 1961 2775 347.

205 2790 338 2824 Eadem
365 2804 452 2826 usus
478 2795 532 2826 est
559 2795 765 2838 Sacchinus,
794 2795 878 2829 Can.
897 2795 1095 2829 219—220.

328 2863 533 2897 cumsimilis
560 2866 793 2907 Aaoustanus
814 2867 958 2899 Canisio
984 2867 1134 2899 Romam
1161 2867 1208 2899 ad
1234 2867 1418 2900 Societatis
1443 2867 1742 2909 conyreyationem
1766 2866 1960 2907 yeneralem

203 2916 441 2954 proficiscenti
465 2917 602 2949 litteras·
627 2918 688 2949 dat
707 2918 836 2951 Sancto
855 2920 1050 2952 Francisco
1069 2920 1223 2962 Bor-aiae
1249 2920 1454 2962 destinatas,
1481 2919 1607 2962 quibus
1632 2922 1739 2951 totam
1759 2918 1962 2951 Societatem

330 3019 336 3036 ¹
364 3017 507 3051 Gerviei
534 3031 554 3052 a
573 3020 885 3065 Schwarzenberg,
912 3023 947 3055 in
974 3022 1163 3064 collegium
1191 3023 1434 3065 germanicum
1461 3022 1562 3055 missi
1590 3022 1639 3064 (V.
1659 3032 1767 3065 supra
1785 3033 1818 3065 p.
1838 3022 1959 3064 3—6).

207 3067 330 3100 Altera
365 3069 453 3103 haec
487 3071 639 3113 Borgiae
675 3073 831 3117 epistula
867 3074 962 3108 edita
998 3076 1053 3108 est
1087 3075 1122 3107 in
1154 3075 1326 3116 „Sanctus
1362 3075 1574 3108 Franciscus
1600 3074 1772 3117 Boryias“
1802 3074 1853 3107 111
1880 3075 1959 3108 772.

206 3119 340 3153 Ibidem
368 3121 551 3156 736—737
580 3124 766 3159 789—790
792 3126 895 3159 binae
921 3129 1006 3159 sunt
1030 3127 1184 3166 litterae,
1215 3127 1344 3170 quibus
1371 3126 1562 3161 cardinalis
1589 3126 1780 3160 Gervicum
1808 3127 1959 3170 Borgiae

209 3175 244 3204 et
269 3172 423 3206 Polanco
451 3176 731 3210 commendabat.
