2045 3471
369 188 464 221 Mon.
484 186 552 222 706
578 186 655 220 sive
681 185 740 220 dil.
763 184 852 228 (10).
892 184 1005 219 Paulo
1032 186 1116 218 ante
1140 183 1232 217 med.
1251 194 1296 217 m.
1317 183 1419 217 Febr.
1440 183 1542 217 1566.
1752 184 1832 225 611

193 305 247 338 Ad
282 316 340 339 res
376 305 448 338 illis
483 304 607 339 diebus
634 303 798 346 Dilingae
825 313 845 336 a
872 301 1014 336 Canisio
1040 303 1164 344 gestas
1197 303 1364 345 spectant
1390 300 1496 334 etiam
1524 311 1575 341 ea,
1611 311 1702 344 quae
1734 299 1840 333 Theo-

74 360 218 392 ‹Zoricus
243 359 411 392 Cani-sias
435 357 581 400 Dilinga
607 357 661 391 23.
681 355 895 390 Novembris
924 355 1013 389 1565
1040 354 1084 388 ad
1104 354 1273 397 Borgiam
1299 353 1485 387 *rettulitz
1518 353 1612 397 „Ego
1631 352 1840 386 Reuerende

73 413 178 456 pater
202 413 284 456 post
305 411 503 445 discessum
532 422 565 455 p.
584 408 824 455 prouincialis,
850 420 894 442 ex
921 408 1080 442 eiusdem
1106 406 1264 447 consilio,
1290 408 1495 450 Augustam
1521 409 1557 441 et
1575 405 1840 448 Jngolstadium

74 476 154 499 sum
180 465 374 509 profectus,
400 466 441 498 vt
466 463 579 498 obiter
604 463 736 497 fratres
762 461 972 496 inuiserem‘
1005 461 1068 504 (ex
1093 462 1234 503 autogr.
1265 459 1327 501 „G.
1355 459 1419 504 Ep.
1443 459 1512 493 VI‘
1543 460 1566 493 f.
1594 458 1685 502 86³).

78 588 186 625 706
215 591 292 624 sive
321 589 415 625 dil.
436 589 567 634 (10).
634 590 672 624 P.
694 587 947 624 CONRADUS
967 586 1253 622 SWAGERIUS
1272 586 1307 620 S.
1322 584 1368 625 J..
1386 586 1590 629 theologiae
1607 587 1789 631 professor
1806 586 1841 619 in

242 643 480 677 universitate
506 643 701 687 dilingana‚
730 638 994 678 SANGTO
1022 637 1411 675 FRANGISCO
1440 638 1532 674 DE
1552 637 1839 681 BORGIA‚

243 696 433 731 Societatis
459 696 663 741 praeposito
691 695 862 740 generali.

768 748 912 792 Dilinga
938 747 1044 792 paulo
1072 748 1155 781 ante
1182 746 1337 780 medium
1364 758 1410 780 m.
1430 746 1664 780 Februarium
1694 746 1794 780 1566.

77 873 91 905 f
130 873 171 906 91
196 819 251 853 Ex
266 820 510 906 3autographo
547 820 620 860 (20;
656 821 726 863 4¹3
754 831 831 865 pp.;
867 819 903 852 in
939 830 971 863 p.
1000 819 1021 852 6
1056 817 1164 852 inscr.
1201 819 1236 850 et
1272 827 1356 861 pars
1391 816 1488 860 sig).
1552 815 1614 858 „G.
1642 815 1706 860 Ep.
1733 815 1837 849 VIII*

89 872 103 907 “.
178 873 313 906 a—9·²².

201 951 276 983 Cur
313 961 420 993 neque
455 951 625 993 Romam,
665 961 773 993 neque
811 951 850 982 in
885 950 995 982 aliam
1030 948 1215 981 Societatis
1250 949 1473 991 provinciam
1507 947 1690 989 proficisci
1721 946 1844 988 possit.

82 1003 234 1044 Quantis
269 1004 538 1045 infirmitatibus
572 1005 773 1046 affliqatar.
827 1003 869 1036 Se
903 1002 1078 1035 immerito
1114 1012 1136 1034 a
1176 1001 1320 1034 Canisio
1353 1000 1603 1043 reprehensum
1640 1010 1718 1042 esse,
1753 999 1845 1042 quod

79 1067 158 1089 cum
184 1058 306 1090 ceteris
332 1067 403 1090 non
427 1062 596 1100 sumeret,
634 1058 680 1089 acl
707 1067 863 1089 mensam
887 1066 1104 1089 communem
1130 1065 1200 1088 non
1228 1055 1414 1097 accederet,
1445 1054 1598 1087 duorum
1623 1053 1842 1095 famulorum

79 1120 187 1152 opera
215 1114 380 1144 uteretur.
432 1111 594 1143 Facilius
620 1110 794 1153 quaedam
820 1109 917 1142 credi
942 1113 972 1141 et
998 1109 1148 1141 Romam
1179 1108 1322 1150 referri.
1376 1107 1420 1140 Se
1455 1118 1477 1139 α
1513 1107 1649 1150 colleyii
1675 1106 1845 1138 Ministro

81 1164 302 1205 Increpatum
340 1174 419 1206 esse,
458 1164 552 1206 qaod
585 1164 713 1196 litteris
747 1163 794 1195 cal
829 1162 1001 1205 Boryiam
1035 1162 1131 1194 datis
1165 1162 1283 1204 ipsum
1317 1164 1524 1193 accusasset.
1577 1159 1706 1192 Peiora
1741 1159 1845 1191 etiam

79 1215 148 1248 sibi
174 1216 212 1248 in
233 1221 414 1259 posterum
449 1217 603 1249 timenda
637 1218 727 1258 fore.
780 1216 863 1248 Ideo
897 1215 1126 1248 deliberatum
1163 1214 1231 1247 sibi
1256 1224 1336 1256 esse,
1374 1217 1409 1245 ut
1435 1224 1456 1245 a
1485 1214 1654 1246 Societate
1679 1212 1844 1245 discedat.

81 1269 202 1302 Huius·
229 1270 468 1303 moderatores
494 1271 719 1312 imperiosius
744 1280 856 1311 agyere.
909 1269 962 1309 Se,
1001 1273 1037 1300 nt
1067 1268 1204 1301 Canisii
1229 1267 1404 1300 voluntati
1440 1270 1470 1299 et
1499 1266 1627 1310 populi
1654 1266 1847 1298 necessitati

79 1323 300 1366 satisfaciat,
331 1334 399 1366 per
437 1324 754 1365 Quadrayesimam
793 1323 969 1355 contiones
1004 1322 1052 1354 acl
1082 1321 1257 1364 populum
1291 1320 1500 1353 habiturum
1534 1330 1614 1353 esse.
1674 1319 1847 1351 Romanis

82 1374 196 1408 Sociis
220 1386 255 1408 se
282 1376 440 1419 multam,
464 1378 646 1419 (set-manis
673 1376 764 1409 nihil
790 1375 920 1408 debere.

508 1453 528 1493 †
556 1452 633 1486 Pax
665 1451 802 1485 christi.

200 1517 342 1552 Literas
366 1519 449 1551 tuas
468 1517 510 1551 R.
529 1517 567 1551 P.
588 1517 720 1561 accepi,
747 1517 876 1550 breues
903 1515 1046 1560 quidem
1073 1514 1164 1555 illas,
1192 1514 1254 1549 sed
1272 1513 1360 1548 mihi
1378 1524 1465 1548 sane
1483 1512 1589 1556 longe
1608 1511 1846 1556 gratissimas,

82 1569 238 1611 Quarum
265 1573 518 1613 argumentum
545 1573 581 1604 et
605 1572 724 1604 status
750 1572 858 1610 totus,
884 1569 915 1602 is
941 1568 1082 1602 omnino
1110 1568 1188 1608 fuit,
1216 1570 1256 1601 ut
1281 1578 1347 1606 me,
1375 1566 1433 1600 uel
1460 1565 1610 1599 Romam
1637 1564 1847 1603 conferrem,

81 1623 112 1668 sj
148 1623 298 1664 uellem,
334 1624 391 1657 uel
427 1624 463 1657 in
498 1624 605 1657 aliam
642 1622 856 1657 Germaniae
892 1622 1139 1667 proficiscerer
1174 1621 1406 1666 prouinciam,
1441 1620 1472 1653 si
1507 1618 1559 1653 sic
1594 1618 1735 1652 omnino
1761 1616 1848 1650 mihi

82 1676 273 1718 uideretur,
309 1677 369 1711 ubi
404 1676 601 1711 ualetudini
637 1677 722 1709 dare
758 1687 912 1720 operam,
949 1678 985 1709 et
1019 1675 1062 1709 ad
1099 1674 1287 1719 pristinam
1323 1673 1548 1708 alacritatem
1580 1683 1695 1705 meam
1722 1670 1847 1711 redire,

83 1730 301 1764 commodius
319 1730 463 1775 possim.
499 1730 652 1763 Multum
673 1733 769 1763 certe
796 1729 932 1763 amicae
959 1740 1045 1772 erga
1072 1739 1128 1761 me
1154 1727 1333 1761 uoluntati
1362 1729 1443 1760 tuae
1470 1737 1526 1759 me
1554 1725 1692 1765 debere,
1720 1724 1846 1757 fateor.

82 1782 234 1826 plurima
260 1784 346 1817 item
374 1783 595 1817 charissimis
621 1783 710 1817 meis
738 1782 900 1827 patribus
926 1781 1108 1822 Romanis,
1145 1792 1211 1815 nec
1237 1780 1402 1824 utrisque
1428 1779 1541 1819 uobis,
1577 1778 1713 1822 gratias
1740 1788 1847 1820 agere

82 1835 210 1879 dignas
237 1839 371 1881 potero,
397 1848 514 1880 neque
540 1837 686 1870 referre.
729 1835 828 1869 Dabo
855 1838 975 1869 tamen
1002 1846 1147 1879 operam
1176 1834 1344 1878 quicquid
1372 1834 1415 1867 de
1434 1844 1490 1866 me
1509 1831 1691 1872 acciderit,
1718 1842 1762 1864 ne
1781 1841 1847 1872 ego

81 1888 227 1930 frustra,
255 1890 524 1931 consuetudine,
560 1888 809 1923 beneuolentia
845 1891 880 1922 et
906 1888 1130 1922 humanitate
1157 1889 1290 1927 uestra,
1326 1897 1413 1920 usus
1440 1885 1575 1925 uidear,
1611 1886 1674 1918 aut
1708 1895 1772 1917 uos
1797 1882 1846 1917 la-

83 1942 188 1982 boris,
224 1943 333 1988 studij
371 1955 412 1977 ac
439 1943 648 1985 diligentiae
674 1944 818 1976 uestrae
844 1942 1036 1985 aliquando
1063 1941 1258 1986 poeniteat.
1308 1939 1455 1973 Retinet
1480 1950 1547 1978 me,
1584 1938 1720 1972 incerta
1752 1935 1847 1970 uale-

81 1996 216 2030 tudinis
249 1997 503 2030 instaurandae
538 2007 640 2040 spes,
677 1998 713 2029 et
747 1998 909 2029 extrema
937 1994 1153 2029 Germaniae
1188 1993 1450 2028 afflictissimae
1487 1991 1696 2031 necessitas,
1732 2001 1775 2023 ne
1811 1989 1847 2022 in

81 2047 223 2082 ltaliam
252 2049 477 2093 proficiscar:
512 2060 628 2093 neque
655 2048 847 2082 sanitatem
886 2048 972 2082 mihi
1005 2048 1098 2092 apud
1126 2059 1190 2081 uos
1216 2046 1424 2081 restitutam
1451 2045 1503 2087 iri,
1541 2044 1648 2078 facile
1682 2043 1847 2083 arbitror,

84 2102 144 2144 qui
171 2102 205 2136 in
235 2103 349 2147 patrio
375 2108 457 2136 aere
483 2102 638 2136 salutem
666 2101 764 2143 mihi,
791 2103 854 2135 uix
879 2101 994 2135 ausim
1021 2112 1181 2146 sperare,
1208 2112 1277 2134 non
1305 2099 1420 2134 dicam
1440 2098 1661 2144 promittere.
1700 2095 1847 2130 Austri-a

81 2165 223 2199 semper
250 2156 392 2189 inimice
418 2167 474 2188 me
500 2155 653 2199 excepit,
682 2157 717 2188 et
744 2155 867 2188 crebro
894 2155 996 2198 graui
1023 2154 1134 2195 febre,
1163 2156 1200 2188 et
1217 2153 1346 2198 pedum
1366 2153 1497 2193 dolore,
1525 2162 1615 2196 pene
1634 2149 1845 2194 absumpsit.

82 2207 188 2242 Ratio
216 2208 332 2242 uictus
352 2208 566 2243 Germaniae
594 2207 785 2249 inferioris,
813 2219 959 2252 prorsus
986 2207 1073 2241 mihi
1100 2206 1497 2250 adue1·satur.quippe,
1525 2204 1586 2249 qui
1605 2215 1702 2237 more
1720 2202 1846 2247 patrio.

81 2261 192 2294 semel
220 2262 398 2295 duntaxat
423 2273 486 2306 per
512 2261 789 2306 hepthomadam
826 2260 914 2295 cibis
950 2263 1098 2294 utantur
1135 2259 1272 2300 calidis,
1308 2258 1539 2293 salsamentis
1566 2256 1775 2302 plerunque,
1811 2259 1846 2289 et

81 2313 180 2348 lardo
208 2315 338 2358 frigido
364 2317 535 2359 perpetuo
561 2316 765 2355 uescantur,
794 2325 884 2358 quae
911 2317 947 2347 et
972 2314 1080 2347 noxia
1107 2313 1194 2347 mihi
1220 2315 1315 2352 sunt,
1352 2315 1388 2346 et
1415 2323 1435 2345 a
1462 2311 1612 2345 Medicis
1638 2310 1847 2352 frequenter

78 2368 285 2402 interdicta.
338 2368 375 2401 In
411 2367 478 2402 hac
515 2367 696 2412 prouincia
732 2367 909 2401 saniorem
937 2367 1005 2401 isto
1048 2366 1177 2406 locum,
1212 2378 1281 2399 non
1319 2365 1502 2405 habemus,
1539 2364 1581 2397 de
1607 2363 1675 2396 hac
1701 2374 1738 2395 re
1766 2373 1844 2395 cum

81 2422 327 2467 superioribus
354 2424 472 2454 actum
501 2424 566 2459 est,
594 2421 655 2454 sed
676 2420 795 2454 nullus
813 2419 1003 2463 Dilingano
1030 2419 1106 2453 solo
1133 2419 1232 2453 locus
1259 2419 1428 2453 inuentus
1455 2421 1520 2458 est,
1548 2416 1608 2460 qui
1635 2415 1721 2449 mihi
1749 2418 1845 2448 esset

82 2475 306 2509 commodior.
358 2474 494 2508 Laboro
530 2477 565 2507 et
600 2473 742 2517 quidem
769 2473 970 2506 uehementi
993 2476 1041 2507 ⁴et
1068 2472 1171 2514 graui
1201 2471 1385 2512 Catarrho,
1422 2470 1581 2504 membra
1608 2468 1735 2509 onmia,
1770 2470 1844 2501 tam

80 2528 254 2562 nutritiua
292 2538 397 2570 quam
433 2526 620 2566 officialia,
655 2526 784 2560 noxius
819 2526 945 2559 humor
979 2526 1180 2570 occupauit.
1232 2524 1410 2558 Iudicauit
1447 2523 1618 2563 Medicus,
1655 2521 1715 2565 qui
1750 2521 1844 2564 apud

81 2583 314 2625 Augustanos
341 2580 494 2614 habetur
519 2579 779 2624 peritissimus,
816 2579 968 2613 dandam
997 2590 1076 2613 csse
1104 2578 1228 2612 sedulo
1264 2589 1420 2622 operam,
1456 2581 1495 2610 ut
1532 2576 1576 2610 ad
1612 2574 1844 2619 parturientis

81 2635 256 2669 foeminae
283 2645 442 2668 normam
461 2633 633 2672 uictitem,
660 2633 689 2666 si
709 2636 889 2666 ueterem³¹
909 2633 1002 2666 huuc
1030 2636 1066 2666 et
1093 2631 1291 2666 difficillem
1320 2631 1492 2670 morbum,
1520 2629 1672 2663 euadere
1691 2628 1842 2672 cupiam.

83 2687 222 2722 Graues
256 2688 341 2721 item
369 2690 405 2720 et
432 2686 662 2720 uehementes
689 2686 804 2730 patior
831 2686 966 2719 cerebri
1003 2685 1154 2726 dolores,
1189 2685 1230 2725 si,
1258 2684 1348 2727 quod
1378 2683 1501 2717 crebro
1529 2685 1584 2716 est
1610 2692 1768 2721 necesse,
1799 2681 1842 2714 ad

81 2740 203 2775 horam
231 2752 356 2781 unam,
392 2739 510 2773 studio
536 2739 705 2779 literario,
741 2739 820 2772 dem
856 2750 1020 2783 operam,
1058 2737 1095 2772 Si
1127 2741 1256 2771 uentus
1283 2736 1419 2781 aspiret
1444 2735 1550 2781 paulo
1577 2734 1745 2779 asperior,
1781 2733 1842 2767 uix

82 2793 189 2828 fidem
224 2794 366 2835 dabitis,
401 2793 431 2827 si
467 2792 649 2826 oculorum
687 2792 836 2825 infestos
872 2791 1030 2833 dolores,
1066 2790 1168 2825 uobis
1203 2790 1470 2833 significauero,
1507 2791 1610 2831 gesta
1623 2788 1636 2808 '³
1663 2786 1710 2832 [5³]
1737 2786 1842 2820 huius

82 2847 134 2880 rei
168 2848 204 2880 in
238 2847 341 2887 facie,
377 2857 446 2879 non
481 2845 631 2878 obscura
663 2845 776 2887 signa.
828 2844 950 2889 Elapsi
986 2846 1071 2878 sunt
1107 2843 1193 2882 dies,
1229 2843 1383 2876 nondum
1417 2841 1556 2887 uigintj,
1593 2841 1733 2885 quando
1768 2843 1842 2874 toto

81 2899 197 2944 capite
236 2902 271 2934 et
309 2899 430 2942 genis,
469 2909 563 2941 aqua
600 2898 724 2931 subter
763 2900 880 2931 cutem
919 2908 998 2931 sese
1034 2896 1236 2935 infuderat,
1273 2898 1308 2929 ct
1345 2894 1491 2928 inflatus
1530 2896 1646 2935 totus,
1682 2896 1841 2927 moestus

82 2952 156 2986 fere
191 2964 332 2997 semper
370 2954 406 2985 et
440 2953 611 2996 perpetuo
647 2949 801 2984 ullulatu
837 2949 1092 2984 discurrebam.
1145 2948 1380 2990 Quotidianus
1416 2953 1471 2981 est
1508 2959 1633 2992 prope,
1670 2950 1706 2980 et
1736 2945 1841 2989 longe

82 3005 319 3048 grauissimus
346 3005 445 3039 dolor
470 3015 563 3037 nunc
591 3003 760 3044 dentium,
788 3015 881 3036 nunc
907 3003 1046 3047 capitis,
1074 3005 1137 3035 aut
1164 3001 1327 3041 laterum,
1365 3001 1426 3034 uix
1452 3001 1624 3035 tremulos
1650 3000 1841 3044 aliquando

82 3059 191 3102 pedes
217 3058 425 3098 calefacere,
461 3056 545 3090 mihi
574 3056 669 3096 licet,
703 3058 847 3100 propter
873 3066 986 3099 aquae
1012 3055 1240 3089 immodicum
1269 3065 1423 3095 cursum,
1461 3054 1519 3097 qui
1546 3054 1702 3087 fluminis
1728 3053 1842 3086 instar

82 3111 126 3144 ad
152 3111 292 3144 infimas
319 3110 476 3155 corporis
503 3111 623 3154 partes
649 3108 858 3154 prolabitur.
903 3108 1077 3142 'sollerari
1105 3107 1197 3141 forte
1224 3110 1370 3152 possent
1397 3106 1494 3147 haec,
1523 3110 1558 3141 et
1584 3118 1697 3151 aequo
1724 3105 1840 3140 animo

201 3182 228 3210 a)
251 3182 389 3206 ueterum
410 3184 522 3211 azctnyr.
599 3178 626 3210 ¹1)
648 3180 712 3209 Su'c;
733 3179 876 3203 rolebcctne
897 3179 1039 3203 scvibere:
1058 3179 1168 3209 gesto(

1486 3226 1554 3259 30*
