<?xml version="1.0" encoding="UTF-8"?>
<!DOCTYPE html PUBLIC "-//W3C//DTD XHTML 1.0 Transitional//EN"
    "http://www.w3.org/TR/xhtml1/DTD/xhtml1-transitional.dtd">
<html xmlns="http://www.w3.org/1999/xhtml" xml:lang="en" lang="en">
 <head>
  <title>
</title>
<meta http-equiv="Content-Type" content="text/html;charset=utf-8" />
  <meta name='ocr-system' content='tesseract 3.04.00' />
  <meta name='ocr-capabilities' content='ocr_page ocr_carea ocr_par ocr_line ocrx_word'/>
</head>
<body>
  <div class='ocr_page' id='page_1' title='image "beatipetricanisi05cani_0902.png"; bbox 0 0 2045 3471; ppageno 0'>
   <div class='ocr_carea' id='block_1_1' title="bbox 190 192 1554 241">
    <p class='ocr_par' dir='ltr' id='par_1_1' title="bbox 190 192 1554 241">
     <span class='ocr_line' id='line_1_1' title="bbox 190 192 1554 241; baseline -0.004 -10"><span class='ocrx_word' id='word_1_1' title='bbox 190 200 275 241; x_wconf 79' lang='lat'>814</span> <span class='ocrx_word' id='word_1_2' title='bbox 589 195 683 229; x_wconf 87' lang='lat' dir='ltr'>Mon.</span> <span class='ocrx_word' id='word_1_3' title='bbox 704 195 772 230; x_wconf 78' lang='lat'>869</span> <span class='ocrx_word' id='word_1_4' title='bbox 798 194 876 229; x_wconf 89' lang='lat' dir='ltr'>sive</span> <span class='ocrx_word' id='word_1_5' title='bbox 901 194 971 229; x_wconf 88' lang='lat' dir='ltr'>litt.</span> <span class='ocrx_word' id='word_1_6' title='bbox 993 193 1081 237; x_wconf 79' lang='lat'>(18).</span> <span class='ocrx_word' id='word_1_7' title='bbox 1122 193 1193 228; x_wconf 88' lang='lat' dir='ltr'>Sub</span> <span class='ocrx_word' id='word_1_8' title='bbox 1218 192 1373 227; x_wconf 88' lang='lat' dir='ltr'>medium</span> <span class='ocrx_word' id='word_1_9' title='bbox 1401 203 1432 226; x_wconf 85' lang='lat' dir='ltr'>a.</span> <span class='ocrx_word' id='word_1_10' title='bbox 1453 192 1554 227; x_wconf 85' lang='lat'>1566.</span> 
     </span>
    </p>
   </div>
   <div class='ocr_carea' id='block_1_2' title="bbox 185 308 1951 781">
    <p class='ocr_par' dir='ltr' id='par_1_2' title="bbox 185 308 1951 781">
     <span class='ocr_line' id='line_1_2' title="bbox 185 308 1948 360; baseline -0.004 -11"><span class='ocrx_word' id='word_1_11' title='bbox 185 317 306 350; x_wconf 85' lang='lat' dir='ltr'>tamen</span> <span class='ocrx_word' id='word_1_12' title='bbox 332 317 482 360; x_wconf 85' lang='lat' dir='ltr'>poterat,</span> <span class='ocrx_word' id='word_1_13' title='bbox 518 316 559 348; x_wconf 88' lang='lat' dir='ltr'>ut</span> <span class='ocrx_word' id='word_1_14' title='bbox 583 313 679 348; x_wconf 86' lang='lat' dir='ltr'>haud</span> <span class='ocrx_word' id='word_1_15' title='bbox 705 313 818 347; x_wconf 84' lang='lat' dir='ltr'>multo</span> <span class='ocrx_word' id='word_1_16' title='bbox 844 314 927 357; x_wconf 89' lang='lat' dir='ltr'>post</span> <span class='ocrx_word' id='word_1_17' title='bbox 961 312 1005 346; x_wconf 88' lang='lat' dir='ltr'>ad</span> <span class='ocrx_word' id='word_1_18' title='bbox 1032 312 1124 346; x_wconf 87' lang='lat' dir='ltr'>idem</span> <span class='ocrx_word' id='word_1_19' title='bbox 1152 310 1339 346; x_wconf 88' lang='lat' dir='ltr'>consilium</span> <span class='ocrx_word' id='word_1_20' title='bbox 1376 310 1510 344; x_wconf 87' lang='lat' dir='ltr'>rediret</span> <span class='ocrx_word' id='word_1_21' title='bbox 1543 311 1579 343; x_wconf 88' lang='lat' dir='ltr'>et</span> <span class='ocrx_word' id='word_1_22' title='bbox 1605 309 1737 344; x_wconf 84' lang='lat' dir='ltr'>Canisii</span> <span class='ocrx_word' id='word_1_23' title='bbox 1774 308 1948 352; x_wconf 86' lang='lat' dir='ltr'>scriptum</span> 
     </span>
     <span class='ocr_line' id='line_1_3' title="bbox 188 361 1949 411; baseline -0.005 -8"><span class='ocrx_word' id='word_1_24' title='bbox 188 368 265 403; x_wconf 88' lang='lat' dir='ltr'>sine</span> <span class='ocrx_word' id='word_1_25' title='bbox 291 380 355 402; x_wconf 88' lang='lat' dir='ltr'>suo</span> <span class='ocrx_word' id='word_1_26' title='bbox 381 367 611 411; x_wconf 83' lang='lat' dir='ltr'>auctorisque</span> <span class='ocrx_word' id='word_1_27' title='bbox 636 366 779 401; x_wconf 87' lang='lat' dir='ltr'>nomine</span> <span class='ocrx_word' id='word_1_28' title='bbox 806 365 864 399; x_wconf 86' lang='lat' dir='ltr'>vel</span> <span class='ocrx_word' id='word_1_29' title='bbox 898 365 1079 408; x_wconf 85' lang='lat' dir='ltr'>integrum</span> <span class='ocrx_word' id='word_1_30' title='bbox 1106 364 1165 398; x_wconf 88' lang='lat' dir='ltr'>vel</span> <span class='ocrx_word' id='word_1_31' title='bbox 1200 376 1245 398; x_wconf 82' lang='lat' dir='ltr'>ex</span> <span class='ocrx_word' id='word_1_32' title='bbox 1271 364 1374 408; x_wconf 88' lang='lat' dir='ltr'>parte</span> <span class='ocrx_word' id='word_1_33' title='bbox 1400 362 1579 406; x_wconf 84' lang='lat' dir='ltr'>vulgaret.</span> <span class='ocrx_word' id='word_1_34' title='bbox 1630 362 1761 396; x_wconf 85' lang='lat' dir='ltr'>Exstat</span> <span class='ocrx_word' id='word_1_35' title='bbox 1787 364 1883 396; x_wconf 91' lang='lat' dir='ltr'>certe</span> <span class='ocrx_word' id='word_1_36' title='bbox 1909 361 1949 395; x_wconf 89' lang='lat' dir='ltr'>li-</span> 
     </span>
     <span class='ocr_line' id='line_1_4' title="bbox 186 415 1949 466; baseline -0.004 -11"><span class='ocrx_word' id='word_1_37' title='bbox 186 421 302 456; x_wconf 84' lang='lat' dir='ltr'>bellus</span> <span class='ocrx_word' id='word_1_38' title='bbox 327 422 426 466; x_wconf 89' lang='lat' dir='ltr'>typis</span> <span class='ocrx_word' id='word_1_39' title='bbox 452 432 618 461; x_wconf 84' lang='lat' dir='ltr'>excusus,</span> <span class='ocrx_word' id='word_1_40' title='bbox 655 419 715 463; x_wconf 88' lang='lat' dir='ltr'>qui</span> <span class='ocrx_word' id='word_1_41' title='bbox 752 431 791 453; x_wconf 90' lang='lat' dir='ltr'>eo</span> <span class='ocrx_word' id='word_1_42' title='bbox 827 419 870 453; x_wconf 90' lang='lat' dir='ltr'>de</span> <span class='ocrx_word' id='word_1_43' title='bbox 897 420 1108 462; x_wconf 86' lang='lat' dir='ltr'>argumento</span> <span class='ocrx_word' id='word_1_44' title='bbox 1144 429 1164 451; x_wconf 85' lang='lat' dir='ltr'>a</span> <span class='ocrx_word' id='word_1_45' title='bbox 1190 417 1268 451; x_wconf 86' lang='lat' dir='ltr'>viro</span> <span class='ocrx_word' id='word_1_46' title='bbox 1295 415 1470 450; x_wconf 87' lang='lat' dir='ltr'>catholico</span> <span class='ocrx_word' id='word_1_47' title='bbox 1505 416 1681 449; x_wconf 90' lang='lat' dir='ltr'>adversus</span> <span class='ocrx_word' id='word_1_48' title='bbox 1707 416 1949 460; x_wconf 81' lang='lat' dir='ltr'>protestantes</span> 
     </span>
     <span class='ocr_line' id='line_1_5' title="bbox 187 467 1948 519; baseline -0.005 -10"><span class='ocrx_word' id='word_1_49' title='bbox 187 474 413 519; x_wconf 88' lang='lat' dir='ltr'>conscriptus</span> <span class='ocrx_word' id='word_1_50' title='bbox 440 476 512 514; x_wconf 89' lang='lat' dir='ltr'>est;</span> <span class='ocrx_word' id='word_1_51' title='bbox 541 473 598 507; x_wconf 88' lang='lat' dir='ltr'>cui</span> <span class='ocrx_word' id='word_1_52' title='bbox 624 484 705 507; x_wconf 87' lang='lat' dir='ltr'>cum</span> <span class='ocrx_word' id='word_1_53' title='bbox 730 484 797 507; x_wconf 91' lang='lat' dir='ltr'>nec</span> <span class='ocrx_word' id='word_1_54' title='bbox 822 471 922 507; x_wconf 89' lang='lat' dir='ltr'>locus</span> <span class='ocrx_word' id='word_1_55' title='bbox 948 483 1014 506; x_wconf 91' lang='lat' dir='ltr'>nec</span> <span class='ocrx_word' id='word_1_56' title='bbox 1039 473 1182 515; x_wconf 88' lang='lat' dir='ltr'>tempus</span> <span class='ocrx_word' id='word_1_57' title='bbox 1208 469 1367 514; x_wconf 87' lang='lat' dir='ltr'>ascripta</span> <span class='ocrx_word' id='word_1_58' title='bbox 1391 469 1474 509; x_wconf 88' lang='lat' dir='ltr'>sint,</span> <span class='ocrx_word' id='word_1_59' title='bbox 1502 481 1547 502; x_wconf 83' lang='lat' dir='ltr'>ex</span> <span class='ocrx_word' id='word_1_60' title='bbox 1572 469 1661 513; x_wconf 88' lang='lat' dir='ltr'>ipsis</span> <span class='ocrx_word' id='word_1_61' title='bbox 1685 470 1806 502; x_wconf 86' lang='lat' dir='ltr'>tamen</span> <span class='ocrx_word' id='word_1_62' title='bbox 1832 467 1948 508; x_wconf 85' lang='lat' dir='ltr'>rebus,</span> 
     </span>
     <span class='ocr_line' id='line_1_6' title="bbox 187 521 1950 572; baseline -0.005 -10"><span class='ocrx_word' id='word_1_63' title='bbox 187 539 279 572; x_wconf 89' lang='lat' dir='ltr'>quae</span> <span class='ocrx_word' id='word_1_64' title='bbox 305 527 483 568; x_wconf 88' lang='lat' dir='ltr'>dicuntur,</span> <span class='ocrx_word' id='word_1_65' title='bbox 510 525 660 569; x_wconf 87' lang='lat' dir='ltr'>colligas</span> <span class='ocrx_word' id='word_1_66' title='bbox 686 525 781 566; x_wconf 84' lang='lat' dir='ltr'>licet,</span> <span class='ocrx_word' id='word_1_67' title='bbox 809 537 888 559; x_wconf 91' lang='lat' dir='ltr'>eum</span> <span class='ocrx_word' id='word_1_68' title='bbox 925 536 955 558; x_wconf 93' lang='lat' dir='ltr'>a.</span> <span class='ocrx_word' id='word_1_69' title='bbox 985 524 1076 558; x_wconf 88' lang='lat'>1566</span> <span class='ocrx_word' id='word_1_70' title='bbox 1102 526 1138 558; x_wconf 86' lang='lat' dir='ltr'>et</span> <span class='ocrx_word' id='word_1_71' title='bbox 1163 523 1339 567; x_wconf 89' lang='lat' dir='ltr'>scriptum</span> <span class='ocrx_word' id='word_1_72' title='bbox 1365 523 1401 556; x_wconf 84' lang='lat' dir='ltr'>et</span> <span class='ocrx_word' id='word_1_73' title='bbox 1426 533 1599 556; x_wconf 80' lang='lat' dir='ltr'>excusum</span> <span class='ocrx_word' id='word_1_74' title='bbox 1626 533 1724 561; x_wconf 86' lang='lat' dir='ltr'>esse;</span> <span class='ocrx_word' id='word_1_75' title='bbox 1755 521 1950 565; x_wconf 82' lang='lat' dir='ltr'>inscriptus</span> 
     </span>
     <span class='ocr_line' id='line_1_7' title="bbox 187 573 1950 623; baseline -0.005 -8"><span class='ocrx_word' id='word_1_76' title='bbox 187 583 244 615; x_wconf 87' lang='lat' dir='ltr'>est</span> <span class='ocrx_word' id='word_1_77' title='bbox 268 581 337 615; x_wconf 87' lang='lat' dir='ltr'>ita:</span> <span class='ocrx_word' id='word_1_78' title='bbox 369 580 537 623; x_wconf 87' lang='lat' dir='ltr'>„Tractat</span> <span class='ocrx_word' id='word_1_79' title='bbox 562 579 650 613; x_wconf 78' lang='lat' dir='ltr'>iiber</span> <span class='ocrx_word' id='word_1_80' title='bbox 675 579 731 613; x_wconf 87' lang='lat' dir='ltr'>die</span> <span class='ocrx_word' id='word_1_81' title='bbox 757 578 880 613; x_wconf 80' lang='lat' dir='ltr'>rechte</span> <span class='ocrx_word' id='word_1_82' title='bbox 906 578 977 612; x_wconf 89' lang='lat' dir='ltr'>und</span> <span class='ocrx_word' id='word_1_83' title='bbox 1005 577 1101 620; x_wconf 86' lang='lat' dir='ltr'>einig</span> <span class='ocrx_word' id='word_1_84' title='bbox 1128 575 1337 611; x_wconf 73' lang='lat' dir='ltr'><strong>christliche</strong></span> <span class='ocrx_word' id='word_1_85' title='bbox 1364 574 1600 617; x_wconf 86' lang='lat' dir='ltr'>Schlichtung</span> <span class='ocrx_word' id='word_1_86' title='bbox 1627 574 1688 608; x_wconf 90' lang='lat' dir='ltr'>der</span> <span class='ocrx_word' id='word_1_87' title='bbox 1707 573 1950 608; x_wconf 77' lang='lat' dir='ltr'>Streithandel</span> 
     </span>
     <span class='ocr_line' id='line_1_8' title="bbox 185 627 1951 672; baseline -0.005 -4"><span class='ocrx_word' id='word_1_88' title='bbox 185 634 221 668; x_wconf 90' lang='lat' dir='ltr'>in</span> <span class='ocrx_word' id='word_1_89' title='bbox 241 633 381 669; x_wconf 85' lang='lat' dir='ltr'>Sachen</span> <span class='ocrx_word' id='word_1_90' title='bbox 398 631 631 667; x_wconf 86' lang='lat' dir='ltr'>christlichen</span> <span class='ocrx_word' id='word_1_91' title='bbox 651 631 834 666; x_wconf 86' lang='lat' dir='ltr'>Glaubens</span> <span class='ocrx_word' id='word_1_92' title='bbox 854 631 924 665; x_wconf 87' lang='lat' dir='ltr'>und</span> <span class='ocrx_word' id='word_1_93' title='bbox 943 629 1186 665; x_wconf 80' lang='lat' dir='ltr'>Confession.“</span> <span class='ocrx_word' id='word_1_94' title='bbox 1229 629 1284 663; x_wconf 87' lang='lat' dir='ltr'>Ita</span> <span class='ocrx_word' id='word_1_95' title='bbox 1310 627 1456 662; x_wconf 89' lang='lat' dir='ltr'>titulum</span> <span class='ocrx_word' id='word_1_96' title='bbox 1482 628 1583 672; x_wconf 86' lang='lat' dir='ltr'>ponit</span> <span class='ocrx_word' id='word_1_97' title='bbox 1600 629 1753 661; x_wconf 76' lang='lat' dir='ltr'>Ioannes</span> <span class='ocrx_word' id='word_1_98' title='bbox 1770 628 1921 661; x_wconf 79' lang='lat' dir='ltr'>Janssen</span> <span class='ocrx_word' id='word_1_99' title='bbox 1938 639 1951 668; x_wconf 78' lang='lat'>,-</span> 
     </span>
     <span class='ocr_line' id='line_1_9' title="bbox 187 680 1950 731; baseline -0.005 -10"><span class='ocrx_word' id='word_1_100' title='bbox 187 687 248 731; x_wconf 91' lang='lat' dir='ltr'>qui</span> <span class='ocrx_word' id='word_1_101' title='bbox 275 687 382 721; x_wconf 86' lang='lat' dir='ltr'>etiam</span> <span class='ocrx_word' id='word_1_102' title='bbox 410 685 547 730; x_wconf 76' lang='lat' dir='ltr'>aliquot</span> <span class='ocrx_word' id='word_1_103' title='bbox 571 684 654 719; x_wconf 88' lang='lat' dir='ltr'>libri</span> <span class='ocrx_word' id='word_1_104' title='bbox 679 684 879 719; x_wconf 86' lang='lat' dir='ltr'>sententias</span> <span class='ocrx_word' id='word_1_105' title='bbox 905 684 1041 728; x_wconf 89' lang='lat' dir='ltr'>profert</span> <span class='ocrx_word' id='word_1_106' title='bbox 1069 682 1106 726; x_wconf 90' lang='lat' dir='ltr'>(l.</span> <span class='ocrx_word' id='word_1_107' title='bbox 1134 694 1163 716; x_wconf 90' lang='lat' dir='ltr'>c.</span> <span class='ocrx_word' id='word_1_108' title='bbox 1190 681 1340 715; x_wconf 77' lang='lat' dir='ltr'>1V¹⁵-¹⁶</span> <span class='ocrx_word' id='word_1_109' title='bbox 1358 681 1576 723; x_wconf 81' lang='lat'>226—227).</span> <span class='ocrx_word' id='word_1_110' title='bbox 1615 680 1691 723; x_wconf 85' lang='lat' dir='ltr'>Ego</span> <span class='ocrx_word' id='word_1_111' title='bbox 1717 680 1847 714; x_wconf 88' lang='lat' dir='ltr'>librum</span> <span class='ocrx_word' id='word_1_112' title='bbox 1873 681 1950 713; x_wconf 87' lang='lat' dir='ltr'>tum</span> 
     </span>
     <span class='ocr_line' id='line_1_10' title="bbox 187 733 1468 781; baseline -0.005 -7"><span class='ocrx_word' id='word_1_113' title='bbox 187 739 427 781; x_wconf 73' lang='lat' dir='ltr'>Fiancofurti,</span> <span class='ocrx_word' id='word_1_114' title='bbox 452 741 528 773; x_wconf 88' lang='lat' dir='ltr'>tum</span> <span class='ocrx_word' id='word_1_115' title='bbox 555 738 590 772; x_wconf 88' lang='lat' dir='ltr'>in</span> <span class='ocrx_word' id='word_1_116' title='bbox 617 738 742 772; x_wconf 87' lang='lat' dir='ltr'>multis</span> <span class='ocrx_word' id='word_1_117' title='bbox 768 737 851 772; x_wconf 92' lang='lat' dir='ltr'>aliis</span> <span class='ocrx_word' id='word_1_118' title='bbox 877 736 1105 771; x_wconf 82' lang='lat' dir='ltr'>bibliothecis</span> <span class='ocrx_word' id='word_1_119' title='bbox 1132 736 1267 769; x_wconf 87' lang='lat' dir='ltr'>frustra</span> <span class='ocrx_word' id='word_1_120' title='bbox 1293 733 1468 779; x_wconf 84' lang='lat' dir='ltr'>quaesivi.</span> 
     </span>
    </p>
   </div>
   <div class='ocr_carea' id='block_1_3' title="bbox 193 839 1196 888">
    <p class='ocr_par' dir='ltr' id='par_1_3' title="bbox 193 839 1196 888">
     <span class='ocr_line' id='line_1_11' title="bbox 193 839 1196 888; baseline -0.004 -9"><span class='ocrx_word' id='word_1_121' title='bbox 193 842 301 880; x_wconf 76' lang='lat'>869</span> <span class='ocrx_word' id='word_1_122' title='bbox 329 845 407 879; x_wconf 84' lang='lat' dir='ltr'>sive</span> <span class='ocrx_word' id='word_1_123' title='bbox 433 842 543 879; x_wconf 81' lang='lat' dir='ltr'>litt.</span> <span class='ocrx_word' id='word_1_124' title='bbox 564 841 697 888; x_wconf 84' lang='lat'>(18).</span> <span class='ocrx_word' id='word_1_125' title='bbox 772 841 842 877; x_wconf 86' lang='lat' dir='ltr'>Sub</span> <span class='ocrx_word' id='word_1_126' title='bbox 871 840 1024 877; x_wconf 82' lang='lat' dir='ltr'>medium</span> <span class='ocrx_word' id='word_1_127' title='bbox 1051 850 1084 876; x_wconf 87' lang='lat' dir='ltr'>a.</span> <span class='ocrx_word' id='word_1_128' title='bbox 1103 839 1196 875; x_wconf 83' lang='lat'>1566.</span> 
     </span>
    </p>
   </div>
   <div class='ocr_carea' id='block_1_4' title="bbox 192 903 1952 1003">
    <p class='ocr_par' dir='ltr' id='par_1_4' title="bbox 192 903 1952 1003">
     <span class='ocr_line' id='line_1_12' title="bbox 311 903 1952 952; baseline -0.004 -10"><span class='ocrx_word' id='word_1_129' title='bbox 311 909 590 952; x_wconf 75' lang='lat' dir='ltr'>Christophorns</span> <span class='ocrx_word' id='word_1_130' title='bbox 607 909 800 941; x_wconf 68' lang='lat' dir='ltr'>Plautinus</span> <span class='ocrx_word' id='word_1_131' title='bbox 820 905 1048 951; x_wconf 57' lang='lat' dir='ltr'>„Swnmanst</span> <span class='ocrx_word' id='word_1_132' title='bbox 1074 906 1213 939; x_wconf 70' lang='lat' dir='ltr'>canisii</span> <span class='ocrx_word' id='word_1_133' title='bbox 1237 907 1387 939; x_wconf 75' lang='lat' dir='ltr'>latinam</span> <span class='ocrx_word' id='word_1_134' title='bbox 1409 904 1623 947; x_wconf 75' lang='lat' dir='ltr'>Antverpiae</span> <span class='ocrx_word' id='word_1_135' title='bbox 1647 903 1716 936; x_wconf 71' lang='lat' dir='ltr'>sibi</span> <span class='ocrx_word' id='word_1_136' title='bbox 1741 907 1770 936; x_wconf 76' lang='lat' dir='ltr'>et</span> <span class='ocrx_word' id='word_1_137' title='bbox 1789 903 1952 936; x_wconf 79' lang='lat' dir='ltr'>Materno</span> 
     </span>
     <span class='ocr_line' id='line_1_13' title="bbox 192 959 1557 1003; baseline -0.004 -7"><span class='ocrx_word' id='word_1_138' title='bbox 192 963 340 997; x_wconf 73' lang='lat' dir='ltr'>cholino</span> <span class='ocrx_word' id='word_1_139' title='bbox 367 963 559 995; x_wconf 71' lang='lat' dir='ltr'>coloniensi</span> <span class='ocrx_word' id='word_1_140' title='bbox 584 963 727 995; x_wconf 70' lang='lat' dir='ltr'>excudit</span> <span class='ocrx_word' id='word_1_141' title='bbox 753 965 782 994; x_wconf 74' lang='lat' dir='ltr'>et</span> <span class='ocrx_word' id='word_1_142' title='bbox 809 961 976 1003; x_wconf 72' lang='lat' dir='ltr'>Philippo</span> <span class='ocrx_word' id='word_1_143' title='bbox 1002 961 1051 994; x_wconf 90' lang='grc' dir='ltr'>ΙΙ.</span> <span class='ocrx_word' id='word_1_144' title='bbox 1080 960 1282 1002; x_wconf 77' lang='lat' dir='ltr'><em>Hispaniae</em></span> <span class='ocrx_word' id='word_1_145' title='bbox 1309 959 1384 1001; x_wconf 60' lang='lat' dir='ltr'>ressi</span> <span class='ocrx_word' id='word_1_146' title='bbox 1409 959 1557 991; x_wconf 71' lang='lat' dir='ltr'>dedicat.</span> 
     </span>
    </p>
   </div>
   <div class='ocr_carea' id='block_1_5' title="bbox 191 1020 1953 1146">
    <p class='ocr_par' dir='ltr' id='par_1_5' title="bbox 191 1020 1953 1146">
     <span class='ocr_line' id='line_1_14' title="bbox 308 1020 1951 1079; baseline -0.005 -10"><span class='ocrx_word' id='word_1_147' title='bbox 308 1027 467 1069; x_wconf 85' lang='lat' dir='ltr'>Canisii</span> <span class='ocrx_word' id='word_1_148' title='bbox 504 1027 772 1078; x_wconf 88' lang='lat' dir='ltr'>„Summam“</span> <span class='ocrx_word' id='word_1_149' title='bbox 799 1025 1069 1079; x_wconf 87' lang='lat' dir='ltr'>Antverpiae</span> <span class='ocrx_word' id='word_1_150' title='bbox 1103 1025 1156 1066; x_wconf 92' lang='lat' dir='ltr'>ab</span> <span class='ocrx_word' id='word_1_151' title='bbox 1179 1023 1276 1066; x_wconf 89' lang='lat' dir='ltr'>aliis</span> <span class='ocrx_word' id='word_1_152' title='bbox 1307 1023 1392 1065; x_wconf 89' lang='lat' dir='ltr'>iam</span> <span class='ocrx_word' id='word_1_153' title='bbox 1425 1026 1529 1065; x_wconf 87' lang='lat' dir='ltr'>ante</span> <span class='ocrx_word' id='word_1_154' title='bbox 1559 1035 1762 1063; x_wconf 79' lang='lat' dir='ltr'>excusam</span> <span class='ocrx_word' id='word_1_155' title='bbox 1795 1020 1951 1062; x_wconf 84' lang='lat' dir='ltr'>ibidem</span> 
     </span>
     <span class='ocr_line' id='line_1_15' title="bbox 191 1085 1953 1146; baseline -0.004 -12"><span class='ocrx_word' id='word_1_156' title='bbox 191 1092 524 1146; x_wconf 88' lang='lat' dir='ltr'>Christophorus</span> <span class='ocrx_word' id='word_1_157' title='bbox 566 1091 794 1134; x_wconf 80' lang='lat' dir='ltr'>Plautinus</span> <span class='ocrx_word' id='word_1_158' title='bbox 846 1090 1028 1143; x_wconf 86' lang='lat' dir='ltr'>insignis</span> <span class='ocrx_word' id='word_1_159' title='bbox 1075 1089 1147 1131; x_wconf 91' lang='lat' dir='ltr'>ille</span> <span class='ocrx_word' id='word_1_160' title='bbox 1195 1088 1496 1143; x_wconf 77' lang='lat' dir='ltr'>typographus</span> <span class='ocrx_word' id='word_1_161' title='bbox 1543 1086 1728 1142; x_wconf 88' lang='lat' dir='ltr'>primum</span> <span class='ocrx_word' id='word_1_162' title='bbox 1776 1085 1953 1128; x_wconf 78' lang='lat' dir='ltr'>excudit</span> 
     </span>
    </p>
   </div>
   <div class='ocr_carea' id='block_1_6' title="bbox 190 1158 1955 3222">
    <p class='ocr_par' dir='ltr' id='par_1_6' title="bbox 192 1158 475 1200">
     <span class='ocr_line' id='line_1_16' title="bbox 192 1158 475 1200; baseline -0.004 0"><span class='ocrx_word' id='word_1_163' title='bbox 192 1172 304 1200; x_wconf 89' lang='lat' dir='ltr'>anno</span> <span class='ocrx_word' id='word_1_164' title='bbox 340 1158 475 1199; x_wconf 81' lang='lat'>1566:</span> 
     </span>
    </p>

    <p class='ocr_par' dir='ltr' id='par_1_7' title="bbox 190 1215 1955 1731">
     <span class='ocr_line' id='line_1_17' title="bbox 318 1215 1952 1274; baseline -0.004 -10"><span class='ocrx_word' id='word_1_165' title='bbox 318 1221 547 1271; x_wconf 86' lang='lat' dir='ltr'>„SVMMA</span> <span class='ocrx_word' id='word_1_166' title='bbox 576 1220 581 1274; x_wconf 96' lang='grc' dir='ltr'>Ι</span> <span class='ocrx_word' id='word_1_167' title='bbox 611 1220 920 1263; x_wconf 83' lang='lat' dir='ltr'>DOCTRINAE</span> <span class='ocrx_word' id='word_1_168' title='bbox 951 1217 954 1274; x_wconf 92' lang='grc' dir='ltr'>Ι</span> <span class='ocrx_word' id='word_1_169' title='bbox 984 1218 1354 1262; x_wconf 81' lang='lat' dir='ltr'><strong>CHRISTIANAE</strong></span> <span class='ocrx_word' id='word_1_170' title='bbox 1396 1218 1510 1259; x_wconf 87' lang='lat' dir='ltr'>PER</span> <span class='ocrx_word' id='word_1_171' title='bbox 1538 1215 1542 1272; x_wconf 97' lang='grc' dir='ltr'>Ι</span> <span class='ocrx_word' id='word_1_172' title='bbox 1572 1215 1952 1267; x_wconf 81' lang='lat' dir='ltr'>QVAESTIONES</span> 
     </span>
     <span class='ocr_line' id='line_1_18' title="bbox 190 1280 1954 1341; baseline -0.005 -12"><span class='ocrx_word' id='word_1_173' title='bbox 190 1287 480 1329; x_wconf 84' lang='lat' dir='ltr'>LVCVLEN-</span> <span class='ocrx_word' id='word_1_174' title='bbox 509 1284 513 1341; x_wconf 97' lang='grc' dir='ltr'>Ι</span> <span class='ocrx_word' id='word_1_175' title='bbox 543 1286 657 1327; x_wconf 86' lang='lat' dir='ltr'>TER</span> <span class='ocrx_word' id='word_1_176' title='bbox 695 1284 1063 1335; x_wconf 79' lang='lat' dir='ltr'><strong>CONSORIPTA,</strong></span> <span class='ocrx_word' id='word_1_177' title='bbox 1094 1283 1098 1338; x_wconf 95' lang='grc' dir='ltr'>Ι</span> <span class='ocrx_word' id='word_1_178' title='bbox 1127 1284 1253 1326; x_wconf 83' lang='lat' dir='ltr'>Nunc</span> <span class='ocrx_word' id='word_1_179' title='bbox 1295 1283 1466 1325; x_wconf 89' lang='lat' dir='ltr'>demum</span> <span class='ocrx_word' id='word_1_180' title='bbox 1507 1281 1733 1335; x_wconf 85' lang='lat' dir='ltr'>recognita</span> <span class='ocrx_word' id='word_1_181' title='bbox 1774 1282 1803 1322; x_wconf 53' lang='grc' dir='ltr'>ἃ</span> <span class='ocrx_word' id='word_1_182' title='bbox 1835 1280 1954 1321; x_wconf 92' lang='lat' dir='ltr'>locu·-</span> 
     </span>
     <span class='ocr_line' id='line_1_19' title="bbox 191 1343 1954 1406; baseline -0.004 -13"><span class='ocrx_word' id='word_1_183' title='bbox 191 1352 374 1406; x_wconf 88' lang='lat' dir='ltr'>pletata‚</span> <span class='ocrx_word' id='word_1_184' title='bbox 408 1354 586 1394; x_wconf 88' lang='lat' dir='ltr'>auctore</span> <span class='ocrx_word' id='word_1_185' title='bbox 615 1349 619 1405; x_wconf 97' lang='grc' dir='ltr'>Ι</span> <span class='ocrx_word' id='word_1_186' title='bbox 649 1351 698 1393; x_wconf 93' lang='lat' dir='ltr'>D.</span> <span class='ocrx_word' id='word_1_187' title='bbox 724 1351 853 1393; x_wconf 89' lang='lat' dir='ltr'>Petro</span> <span class='ocrx_word' id='word_1_188' title='bbox 888 1349 1057 1392; x_wconf 87' lang='lat' dir='ltr'>Canisio</span> <span class='ocrx_word' id='word_1_189' title='bbox 1090 1348 1322 1391; x_wconf 88' lang='lat' dir='ltr'>Societatis</span> <span class='ocrx_word' id='word_1_190' title='bbox 1354 1347 1488 1390; x_wconf 86' lang='lat' dir='ltr'>IESV</span> <span class='ocrx_word' id='word_1_191' title='bbox 1521 1346 1754 1400; x_wconf 84' lang='lat' dir='ltr'>Theologo‚</span> <span class='ocrx_word' id='word_1_192' title='bbox 1786 1343 1790 1400; x_wconf 94' lang='grc' dir='ltr'>Ι</span> <span class='ocrx_word' id='word_1_193' title='bbox 1817 1348 1867 1388; x_wconf 88' lang='lat' dir='ltr'>vt</span> <span class='ocrx_word' id='word_1_194' title='bbox 1899 1359 1954 1386; x_wconf 85' lang='lat' dir='ltr'>ex</span> 
     </span>
     <span class='ocr_line' id='line_1_20' title="bbox 193 1412 1952 1468; baseline -0.004 -10"><span class='ocrx_word' id='word_1_195' title='bbox 193 1417 283 1459; x_wconf 92' lang='lat' dir='ltr'>eius</span> <span class='ocrx_word' id='word_1_196' title='bbox 316 1431 429 1458; x_wconf 91' lang='lat' dir='ltr'>noua</span> <span class='ocrx_word' id='word_1_197' title='bbox 461 1416 725 1458; x_wconf 65' lang='lat' dir='ltr'>praefatione</span> <span class='ocrx_word' id='word_1_198' title='bbox 757 1414 987 1457; x_wconf 73' lang='lat' dir='ltr'>constabit.</span> <span class='ocrx_word' id='word_1_199' title='bbox 1019 1413 1023 1468; x_wconf 95' lang='grc' dir='ltr'>Ι</span> <span class='ocrx_word' id='word_1_200' title='bbox 1059 1416 1242 1456; x_wconf 70' lang='lat' dir='ltr'>Accessit</span> <span class='ocrx_word' id='word_1_201' title='bbox 1274 1414 1370 1455; x_wconf 75' lang='lat' dir='ltr'>huic</span> <span class='ocrx_word' id='word_1_202' title='bbox 1402 1413 1676 1468; x_wconf 72' lang='lat' dir='ltr'>reeoync&#39;tiom&#39;</span> <span class='ocrx_word' id='word_1_203' title='bbox 1709 1412 1952 1463; x_wconf 75' lang='lat' dir='ltr'>auctoritas,</span> 
     </span>
     <span class='ocr_line' id='line_1_21' title="bbox 196 1473 1954 1536; baseline -0.004 -13"><span class='ocrx_word' id='word_1_204' title='bbox 196 1483 403 1524; x_wconf 74' lang='lat' dir='ltr'>decretum</span> <span class='ocrx_word' id='word_1_205' title='bbox 436 1484 474 1523; x_wconf 70' lang='lat' dir='ltr'>&lt;c</span> <span class='ocrx_word' id='word_1_206' title='bbox 499 1483 774 1536; x_wconf 70' lang='lat' dir='ltr'>priuileyium</span> <span class='ocrx_word' id='word_1_207' title='bbox 799 1481 1072 1521; x_wconf 70' lang='lat' dir='ltr'>Ferdincmdi</span> <span class='ocrx_word' id='word_1_208' title='bbox 1105 1480 1210 1534; x_wconf 74' lang='lat' dir='ltr'>Imp.</span> <span class='ocrx_word' id='word_1_209' title='bbox 1236 1480 1274 1520; x_wconf 70' lang='lat' dir='ltr'>ct&#39;·</span> <span class='ocrx_word' id='word_1_210' title='bbox 1297 1479 1486 1533; x_wconf 67' lang='lat' dir='ltr'>Philippi</span> <span class='ocrx_word' id='word_1_211' title='bbox 1517 1478 1643 1532; x_wconf 68' lang='lat' dir='ltr'>Reyis</span> <span class='ocrx_word' id='word_1_212' title='bbox 1675 1477 1799 1531; x_wconf 75' lang='lat' dir='ltr'>Hisp.</span> <span class='ocrx_word' id='word_1_213' title='bbox 1831 1473 1834 1530; x_wconf 97' lang='grc' dir='ltr'>Ι</span> <span class='ocrx_word' id='word_1_214' title='bbox 1864 1475 1954 1516; x_wconf 86' lang='lat' dir='ltr'>Ex-</span> 
     </span>
     <span class='ocr_line' id='line_1_22' title="bbox 195 1540 1954 1598; baseline -0.005 -9"><span class='ocrx_word' id='word_1_215' title='bbox 195 1547 381 1589; x_wconf 88' lang='lat' dir='ltr'>cudebat</span> <span class='ocrx_word' id='word_1_216' title='bbox 412 1547 505 1596; x_wconf 86' lang='lat' dir='ltr'>sibi,</span> <span class='ocrx_word' id='word_1_217' title='bbox 539 1547 568 1587; x_wconf 63' lang='lat' dir='ltr'>a</span> <span class='ocrx_word' id='word_1_218' title='bbox 591 1546 789 1588; x_wconf 87' lang='lat' dir='ltr'>Materno</span> <span class='ocrx_word' id='word_1_219' title='bbox 823 1544 999 1586; x_wconf 87' lang='lat' dir='ltr'>Cholino</span> <span class='ocrx_word' id='word_1_220' title='bbox 1033 1543 1123 1585; x_wconf 87' lang='lat' dir='ltr'>Ciui</span> <span class='ocrx_word' id='word_1_221' title='bbox 1151 1542 1156 1598; x_wconf 96' lang='grc' dir='ltr'>Ι</span> <span class='ocrx_word' id='word_1_222' title='bbox 1186 1543 1427 1585; x_wconf 84' lang='lat' dir='ltr'>Coloniensi</span> <span class='ocrx_word' id='word_1_223' title='bbox 1461 1541 1792 1595; x_wconf 88' lang='lat' dir='ltr'>Christophorus</span> <span class='ocrx_word' id='word_1_224' title='bbox 1823 1540 1954 1582; x_wconf 90' lang='lat' dir='ltr'>Plan-</span> 
     </span>
     <span class='ocr_line' id='line_1_23' title="bbox 195 1606 1955 1666; baseline -0.003 -13"><span class='ocrx_word' id='word_1_225' title='bbox 195 1612 324 1655; x_wconf 78' lang='lat' dir='ltr'>tinus.</span> <span class='ocrx_word' id='word_1_226' title='bbox 354 1610 358 1666; x_wconf 93' lang='grc' dir='ltr'>Ι</span> <span class='ocrx_word' id='word_1_227' title='bbox 389 1612 445 1654; x_wconf 91' lang='grc' dir='ltr'>Μ.</span> <span class='ocrx_word' id='word_1_228' title='bbox 471 1612 519 1653; x_wconf 91' lang='lat' dir='ltr'>D.</span> <span class='ocrx_word' id='word_1_229' title='bbox 545 1611 695 1654; x_wconf 88' lang='lat' dir='ltr'>LXVI.</span> <span class='ocrx_word' id='word_1_230' title='bbox 725 1607 728 1665; x_wconf 94' lang='grc' dir='ltr'>Ι</span> <span class='ocrx_word' id='word_1_231' title='bbox 759 1610 878 1652; x_wconf 87' lang='lat' dir='ltr'>CVM</span> <span class='ocrx_word' id='word_1_232' title='bbox 901 1608 1273 1651; x_wconf 83' lang='lat' dir='ltr'>PRIVILEGIO.“</span> <span class='ocrx_word' id='word_1_233' title='bbox 1322 1608 1426 1649; x_wconf 84' lang='lat' dir='ltr'>Cum</span> <span class='ocrx_word' id='word_1_234' title='bbox 1450 1606 1638 1649; x_wconf 87' lang='lat' dir='ltr'>Plantini</span> <span class='ocrx_word' id='word_1_235' title='bbox 1671 1606 1794 1659; x_wconf 86' lang='lat' dir='ltr'>signo</span> <span class='ocrx_word' id='word_1_236' title='bbox 1826 1608 1955 1659; x_wconf 89' lang='lat' dir='ltr'>typo-</span> 
     </span>
     <span class='ocr_line' id='line_1_24' title="bbox 195 1677 414 1731; baseline 0.009 -13"><span class='ocrx_word' id='word_1_237' title='bbox 195 1677 414 1731; x_wconf 61' lang='lat' dir='ltr'>graphica</span> 
     </span>
    </p>

    <p class='ocr_par' dir='ltr' id='par_1_8' title="bbox 195 1744 1955 1847">
     <span class='ocr_line' id='line_1_25' title="bbox 316 1744 1955 1796; baseline -0.005 -10"><span class='ocrx_word' id='word_1_238' title='bbox 316 1752 392 1791; x_wconf 72' lang='lat'>16⁰3</span> <span class='ocrx_word' id='word_1_239' title='bbox 429 1763 485 1796; x_wconf 88' lang='lat' dir='ltr'>pp.</span> <span class='ocrx_word' id='word_1_240' title='bbox 514 1751 582 1786; x_wconf 81' lang='lat'>330</span> <span class='ocrx_word' id='word_1_241' title='bbox 611 1750 779 1794; x_wconf 86' lang='lat' dir='ltr'>(quarum</span> <span class='ocrx_word' id='word_1_242' title='bbox 814 1752 995 1794; x_wconf 86' lang='lat' dir='ltr'>postrema</span> <span class='ocrx_word' id='word_1_243' title='bbox 1030 1760 1217 1793; x_wconf 82' lang='lat' dir='ltr'>perperam</span> <span class='ocrx_word' id='word_1_244' title='bbox 1244 1748 1388 1791; x_wconf 85' lang='lat' dir='ltr'>signata</span> <span class='ocrx_word' id='word_1_245' title='bbox 1425 1749 1480 1780; x_wconf 86' lang='lat' dir='ltr'>est</span> <span class='ocrx_word' id='word_1_246' title='bbox 1509 1746 1660 1789; x_wconf 74' lang='lat'>„230“);</span> <span class='ocrx_word' id='word_1_247' title='bbox 1699 1747 1885 1790; x_wconf 86' lang='lat' dir='ltr'>praeterea</span> <span class='ocrx_word' id='word_1_248' title='bbox 1919 1744 1955 1778; x_wconf 85' lang='lat' dir='ltr'>iu</span> 
     </span>
     <span class='ocr_line' id='line_1_26' title="bbox 195 1799 1883 1847; baseline -0.004 -9"><span class='ocrx_word' id='word_1_249' title='bbox 195 1804 296 1838; x_wconf 85' lang='lat' dir='ltr'>initio</span> <span class='ocrx_word' id='word_1_250' title='bbox 323 1804 383 1838; x_wconf 86' lang='lat' dir='ltr'>fol.</span> <span class='ocrx_word' id='word_1_251' title='bbox 409 1804 557 1838; x_wconf 88' lang='lat' dir='ltr'>titulare</span> <span class='ocrx_word' id='word_1_252' title='bbox 584 1806 620 1837; x_wconf 89' lang='lat' dir='ltr'>et</span> <span class='ocrx_word' id='word_1_253' title='bbox 649 1804 690 1838; x_wconf 89' lang='lat'>10</span> <span class='ocrx_word' id='word_1_254' title='bbox 717 1803 809 1837; x_wconf 87' lang='lat' dir='ltr'>aliae</span> <span class='ocrx_word' id='word_1_255' title='bbox 836 1815 893 1847; x_wconf 88' lang='lat' dir='ltr'>pp.</span> <span class='ocrx_word' id='word_1_256' title='bbox 921 1814 990 1836; x_wconf 87' lang='lat' dir='ltr'>non</span> <span class='ocrx_word' id='word_1_257' title='bbox 1016 1802 1193 1845; x_wconf 81' lang='lat' dir='ltr'>signatae,</span> <span class='ocrx_word' id='word_1_258' title='bbox 1220 1803 1257 1835; x_wconf 90' lang='lat' dir='ltr'>et</span> <span class='ocrx_word' id='word_1_259' title='bbox 1282 1801 1318 1835; x_wconf 87' lang='lat' dir='ltr'>in</span> <span class='ocrx_word' id='word_1_260' title='bbox 1344 1800 1413 1834; x_wconf 86' lang='lat' dir='ltr'>fine</span> <span class='ocrx_word' id='word_1_261' title='bbox 1439 1800 1520 1834; x_wconf 88' lang='lat' dir='ltr'>libri</span> <span class='ocrx_word' id='word_1_262' title='bbox 1548 1800 1588 1833; x_wconf 95' lang='lat'>11</span> <span class='ocrx_word' id='word_1_263' title='bbox 1610 1811 1668 1844; x_wconf 90' lang='lat' dir='ltr'>pp.</span> <span class='ocrx_word' id='word_1_264' title='bbox 1695 1810 1765 1832; x_wconf 89' lang='lat' dir='ltr'>non</span> <span class='ocrx_word' id='word_1_265' title='bbox 1791 1799 1883 1841; x_wconf 83' lang='lat' dir='ltr'>sign.</span> 
     </span>
    </p>

    <p class='ocr_par' dir='ltr' id='par_1_9' title="bbox 194 1850 1955 2644">
     <span class='ocr_line' id='line_1_27' title="bbox 313 1850 1953 1902; baseline -0.004 -11"><span class='ocrx_word' id='word_1_266' title='bbox 313 1858 353 1891; x_wconf 88' lang='lat' dir='ltr'>In</span> <span class='ocrx_word' id='word_1_267' title='bbox 380 1857 512 1902; x_wconf 85' lang='lat' dir='ltr'>pagina</span> <span class='ocrx_word' id='word_1_268' title='bbox 538 1857 651 1891; x_wconf 79' lang='lat' dir='ltr'>altera</span> <span class='ocrx_word' id='word_1_269' title='bbox 678 1856 753 1890; x_wconf 87' lang='lat' dir='ltr'>folii</span> <span class='ocrx_word' id='word_1_270' title='bbox 780 1855 939 1889; x_wconf 84' lang='lat' dir='ltr'>titularis</span> <span class='ocrx_word' id='word_1_271' title='bbox 965 1856 1149 1900; x_wconf 85' lang='lat' dir='ltr'>comparet</span> <span class='ocrx_word' id='word_1_272' title='bbox 1166 1854 1287 1888; x_wconf 89' lang='lat' dir='ltr'>brevis</span> <span class='ocrx_word' id='word_1_273' title='bbox 1312 1865 1452 1888; x_wconf 87' lang='lat' dir='ltr'>summa</span> <span class='ocrx_word' id='word_1_274' title='bbox 1478 1852 1659 1898; x_wconf 86' lang='lat' dir='ltr'>privilegii</span> <span class='ocrx_word' id='word_1_275' title='bbox 1687 1863 1707 1885; x_wconf 88' lang='lat' dir='ltr'>a</span> <span class='ocrx_word' id='word_1_276' title='bbox 1726 1851 1891 1896; x_wconf 89' lang='lat' dir='ltr'>Philippo</span> <span class='ocrx_word' id='word_1_277' title='bbox 1910 1850 1953 1884; x_wconf 89' lang='grc' dir='ltr'>ΙΙ.</span> 
     </span>
     <span class='ocr_line' id='line_1_28' title="bbox 195 1903 1955 1956; baseline -0.005 -11"><span class='ocrx_word' id='word_1_278' title='bbox 195 1911 390 1956; x_wconf 85' lang='lat' dir='ltr'>Hispaniae</span> <span class='ocrx_word' id='word_1_279' title='bbox 426 1922 510 1954; x_wconf 88' lang='lat' dir='ltr'>rege</span> <span class='ocrx_word' id='word_1_280' title='bbox 536 1910 718 1944; x_wconf 81' lang='lat' dir='ltr'>Bruxellis</span> <span class='ocrx_word' id='word_1_281' title='bbox 745 1910 775 1944; x_wconf 80' lang='lat'>2.</span> <span class='ocrx_word' id='word_1_282' title='bbox 804 1909 888 1942; x_wconf 84' lang='lat' dir='ltr'>Maii</span> <span class='ocrx_word' id='word_1_283' title='bbox 920 1909 1008 1942; x_wconf 85' lang='grc'>1566</span> <span class='ocrx_word' id='word_1_284' title='bbox 1035 1908 1202 1942; x_wconf 83' lang='lat' dir='ltr'>Plautino</span> <span class='ocrx_word' id='word_1_285' title='bbox 1238 1908 1272 1940; x_wconf 91' lang='lat' dir='ltr'>in</span> <span class='ocrx_word' id='word_1_286' title='bbox 1299 1908 1321 1940; x_wconf 88' lang='lat'>4</span> <span class='ocrx_word' id='word_1_287' title='bbox 1347 1918 1458 1940; x_wconf 89' lang='lat' dir='ltr'>annos</span> <span class='ocrx_word' id='word_1_288' title='bbox 1493 1917 1556 1950; x_wconf 89' lang='lat' dir='ltr'>per</span> <span class='ocrx_word' id='word_1_289' title='bbox 1582 1916 1704 1939; x_wconf 88' lang='lat' dir='ltr'>omnes</span> <span class='ocrx_word' id='word_1_290' title='bbox 1730 1908 1846 1938; x_wconf 85' lang='lat' dir='ltr'>terras</span> <span class='ocrx_word' id='word_1_291' title='bbox 1873 1903 1955 1937; x_wconf 86' lang='lat' dir='ltr'>Phi-</span> 
     </span>
     <span class='ocr_line' id='line_1_29' title="bbox 195 1956 1955 2009; baseline -0.005 -11"><span class='ocrx_word' id='word_1_292' title='bbox 195 1964 283 2009; x_wconf 83' lang='lat' dir='ltr'>lippi</span> <span class='ocrx_word' id='word_1_293' title='bbox 318 1964 466 2009; x_wconf 89' lang='lat' dir='ltr'>imperio</span> <span class='ocrx_word' id='word_1_294' title='bbox 492 1964 674 1998; x_wconf 86' lang='lat' dir='ltr'>subiectas</span> <span class='ocrx_word' id='word_1_295' title='bbox 701 1963 860 1997; x_wconf 82' lang='lat' dir='ltr'>concessi</span> <span class='ocrx_word' id='word_1_296' title='bbox 888 1962 931 1996; x_wconf 88' lang='lat' dir='ltr'>ad</span> <span class='ocrx_word' id='word_1_297' title='bbox 959 1962 1139 1996; x_wconf 81' lang='lat' dir='ltr'>Summam</span> <span class='ocrx_word' id='word_1_298' title='bbox 1167 1960 1301 1995; x_wconf 87' lang='lat' dir='ltr'>Canisii</span> <span class='ocrx_word' id='word_1_299' title='bbox 1334 1959 1577 1993; x_wconf 78' lang='lat' dir='ltr'>excudendam</span> <span class='ocrx_word' id='word_1_300' title='bbox 1606 1959 1753 2001; x_wconf 88' lang='lat' dir='ltr'>eiusque</span> <span class='ocrx_word' id='word_1_301' title='bbox 1780 1956 1955 2001; x_wconf 85' lang='lat' dir='ltr'>exempla,</span> 
     </span>
     <span class='ocr_line' id='line_1_30' title="bbox 197 2010 1954 2058; baseline -0.006 -6"><span class='ocrx_word' id='word_1_302' title='bbox 197 2018 303 2052; x_wconf 82' lang='lat' dir='ltr'>etiam</span> <span class='ocrx_word' id='word_1_303' title='bbox 340 2017 370 2051; x_wconf 90' lang='lat' dir='ltr'>si</span> <span class='ocrx_word' id='word_1_304' title='bbox 397 2017 481 2051; x_wconf 90' lang='lat' dir='ltr'>alibi</span> <span class='ocrx_word' id='word_1_305' title='bbox 508 2028 641 2051; x_wconf 76' lang='lat' dir='ltr'>excusa</span> <span class='ocrx_word' id='word_1_306' title='bbox 667 2017 749 2056; x_wconf 83' lang='lat' dir='ltr'>sint,</span> <span class='ocrx_word' id='word_1_307' title='bbox 778 2016 974 2050; x_wconf 87' lang='lat' dir='ltr'>vendenda.</span> <span class='ocrx_word' id='word_1_308' title='bbox 1026 2015 1231 2058; x_wconf 80' lang='lat' dir='ltr'>Sequuntur</span> <span class='ocrx_word' id='word_1_309' title='bbox 1268 2013 1410 2047; x_wconf 85' lang='lat' dir='ltr'>litterae</span> <span class='ocrx_word' id='word_1_310' title='bbox 1436 2011 1637 2056; x_wconf 87' lang='lat' dir='ltr'>Antverpia</span> <span class='ocrx_word' id='word_1_311' title='bbox 1665 2011 1717 2045; x_wconf 81' lang='lat'>12.</span> <span class='ocrx_word' id='word_1_312' title='bbox 1746 2010 1837 2043; x_wconf 90' lang='lat' dir='ltr'>Iunii</span> <span class='ocrx_word' id='word_1_313' title='bbox 1866 2010 1954 2043; x_wconf 92' lang='grc'>1566</span> 
     </span>
     <span class='ocr_line' id='line_1_31' title="bbox 196 2064 1955 2115; baseline -0.005 -11"><span class='ocrx_word' id='word_1_314' title='bbox 196 2082 216 2104; x_wconf 90' lang='lat' dir='ltr'>a</span> <span class='ocrx_word' id='word_1_315' title='bbox 242 2072 411 2105; x_wconf 75' lang='lat' dir='ltr'>Plantino</span> <span class='ocrx_word' id='word_1_316' title='bbox 437 2071 481 2104; x_wconf 89' lang='lat' dir='ltr'>ad</span> <span class='ocrx_word' id='word_1_317' title='bbox 499 2070 704 2115; x_wconf 84' lang='lat' dir='ltr'>Philippum</span> <span class='ocrx_word' id='word_1_318' title='bbox 725 2069 767 2105; x_wconf 88' lang='lat' dir='ltr'>ll.</span> <span class='ocrx_word' id='word_1_319' title='bbox 787 2070 911 2103; x_wconf 84' lang='lat' dir='ltr'>datae:</span> <span class='ocrx_word' id='word_1_320' title='bbox 939 2068 1097 2102; x_wconf 86' lang='lat' dir='ltr'>affirmat</span> <span class='ocrx_word' id='word_1_321' title='bbox 1123 2067 1193 2107; x_wconf 84' lang='lat' dir='ltr'>ille,</span> <span class='ocrx_word' id='word_1_322' title='bbox 1220 2078 1258 2100; x_wconf 90' lang='lat' dir='ltr'>se</span> <span class='ocrx_word' id='word_1_323' title='bbox 1285 2077 1393 2110; x_wconf 81' lang='lat' dir='ltr'>saepe</span> <span class='ocrx_word' id='word_1_324' title='bbox 1418 2065 1642 2108; x_wconf 89' lang='lat' dir='ltr'>multumque</span> <span class='ocrx_word' id='word_1_325' title='bbox 1668 2064 1857 2106; x_wconf 84' lang='lat' dir='ltr'>cogitasse,</span> <span class='ocrx_word' id='word_1_326' title='bbox 1885 2073 1955 2105; x_wconf 88' lang='lat' dir='ltr'>qua</span> 
     </span>
     <span class='ocr_line' id='line_1_32' title="bbox 196 2116 1953 2168; baseline -0.005 -10"><span class='ocrx_word' id='word_1_327' title='bbox 196 2123 463 2168; x_wconf 85' lang='lat' dir='ltr'>opportunitate</span> <span class='ocrx_word' id='word_1_328' title='bbox 489 2135 548 2157; x_wconf 87' lang='lat' dir='ltr'>ars</span> <span class='ocrx_word' id='word_1_329' title='bbox 574 2135 640 2157; x_wconf 90' lang='lat' dir='ltr'>sua</span> <span class='ocrx_word' id='word_1_330' title='bbox 665 2122 928 2168; x_wconf 87' lang='lat' dir='ltr'>typographica</span> <span class='ocrx_word' id='word_1_331' title='bbox 963 2123 997 2155; x_wconf 91' lang='lat' dir='ltr'>in</span> <span class='ocrx_word' id='word_1_332' title='bbox 1024 2121 1121 2164; x_wconf 85' lang='lat' dir='ltr'>regis</span> <span class='ocrx_word' id='word_1_333' title='bbox 1146 2120 1298 2154; x_wconf 87' lang='lat' dir='ltr'>tutelam</span> <span class='ocrx_word' id='word_1_334' title='bbox 1325 2119 1635 2164; x_wconf 87' lang='lat' dir='ltr'>patrociniumque</span> <span class='ocrx_word' id='word_1_335' title='bbox 1661 2116 1784 2150; x_wconf 84' lang='lat' dir='ltr'>venire</span> <span class='ocrx_word' id='word_1_336' title='bbox 1810 2117 1953 2160; x_wconf 86' lang='lat' dir='ltr'>posset;</span> 
     </span>
     <span class='ocr_line' id='line_1_33' title="bbox 196 2168 1955 2220; baseline -0.006 -9"><span class='ocrx_word' id='word_1_337' title='bbox 196 2178 264 2210; x_wconf 86' lang='lat' dir='ltr'>iam</span> <span class='ocrx_word' id='word_1_338' title='bbox 300 2177 411 2220; x_wconf 88' lang='lat' dir='ltr'>igitur</span> <span class='ocrx_word' id='word_1_339' title='bbox 447 2176 560 2210; x_wconf 89' lang='lat' dir='ltr'>eidem</span> <span class='ocrx_word' id='word_1_340' title='bbox 592 2176 701 2220; x_wconf 83' lang='lat' dir='ltr'>„Regi</span> <span class='ocrx_word' id='word_1_341' title='bbox 728 2175 924 2210; x_wconf 73' lang='lat' dir='ltr'>catholico‘</span> <span class='ocrx_word' id='word_1_342' title='bbox 965 2174 1107 2208; x_wconf 81' lang='lat' dir='ltr'>dedicat</span> <span class='ocrx_word' id='word_1_343' title='bbox 1146 2173 1338 2217; x_wconf 85' lang='lat' dir='ltr'>„optimum</span> <span class='ocrx_word' id='word_1_344' title='bbox 1374 2171 1531 2205; x_wconf 90' lang='lat' dir='ltr'>omnium</span> <span class='ocrx_word' id='word_1_345' title='bbox 1567 2181 1688 2204; x_wconf 86' lang='lat' dir='ltr'>eorum</span> <span class='ocrx_word' id='word_1_346' title='bbox 1718 2180 1809 2213; x_wconf 89' lang='lat' dir='ltr'>quae</span> <span class='ocrx_word' id='word_1_347' title='bbox 1835 2168 1955 2209; x_wconf 86' lang='lat' dir='ltr'>habui,</span> 
     </span>
     <span class='ocr_line' id='line_1_34' title="bbox 195 2221 1955 2271; baseline -0.006 -7"><span class='ocrx_word' id='word_1_348' title='bbox 195 2231 467 2264; x_wconf 86' lang='lat' dir='ltr'>fundamentum</span> <span class='ocrx_word' id='word_1_349' title='bbox 494 2229 700 2263; x_wconf 82' lang='lat' dir='ltr'>Catholicae</span> <span class='ocrx_word' id='word_1_350' title='bbox 734 2229 859 2269; x_wconf 84' lang='lat' dir='ltr'>fidei“;</span> <span class='ocrx_word' id='word_1_351' title='bbox 897 2227 1048 2271; x_wconf 87' lang='lat' dir='ltr'>denique</span> <span class='ocrx_word' id='word_1_352' title='bbox 1084 2227 1160 2269; x_wconf 90' lang='lat' dir='ltr'>regi</span> <span class='ocrx_word' id='word_1_353' title='bbox 1197 2228 1374 2270; x_wconf 80' lang='lat' dir='ltr'>precatur,</span> <span class='ocrx_word' id='word_1_354' title='bbox 1413 2226 1473 2267; x_wconf 84' lang='lat' dir='ltr'>„vt</span> <span class='ocrx_word' id='word_1_355' title='bbox 1507 2225 1601 2258; x_wconf 86' lang='lat' dir='ltr'>sicut</span> <span class='ocrx_word' id='word_1_356' title='bbox 1635 2223 1714 2256; x_wconf 81' lang='lat' dir='ltr'>Rex</span> <span class='ocrx_word' id='word_1_357' title='bbox 1749 2221 1955 2256; x_wconf 88' lang='lat' dir='ltr'>Catholicus</span> 
     </span>
     <span class='ocr_line' id='line_1_35' title="bbox 194 2276 1955 2319; baseline -0.006 -2"><span class='ocrx_word' id='word_1_358' title='bbox 194 2283 341 2317; x_wconf 86' lang='lat' dir='ltr'>diceris:</span> <span class='ocrx_word' id='word_1_359' title='bbox 380 2283 430 2316; x_wconf 89' lang='lat' dir='ltr'>ita</span> <span class='ocrx_word' id='word_1_360' title='bbox 470 2283 545 2316; x_wconf 79' lang='lat' dir='ltr'>Rex</span> <span class='ocrx_word' id='word_1_361' title='bbox 583 2283 634 2317; x_wconf 89' lang='lat' dir='ltr'>sis</span> <span class='ocrx_word' id='word_1_362' title='bbox 671 2283 781 2316; x_wconf 86' lang='lat' dir='ltr'>totius</span> <span class='ocrx_word' id='word_1_363' title='bbox 819 2282 1001 2315; x_wconf 86' lang='lat' dir='ltr'>hominum</span> <span class='ocrx_word' id='word_1_364' title='bbox 1040 2279 1307 2313; x_wconf 80' lang='lat' dir='ltr'>vniuersitatis“</span> <span class='ocrx_word' id='word_1_365' title='bbox 1353 2278 1444 2319; x_wconf 89' lang='lat' dir='ltr'>(f.A</span> <span class='ocrx_word' id='word_1_366' title='bbox 1473 2278 1611 2311; x_wconf 55' lang='grc' dir='ltr'><strong>23-«Α</strong></span> <span class='ocrx_word' id='word_1_367' title='bbox 1643 2277 1717 2319; x_wconf 67' lang='lat'>5³);</span> <span class='ocrx_word' id='word_1_368' title='bbox 1755 2276 1955 2319; x_wconf 88' lang='lat' dir='ltr'>sequuntur</span> 
     </span>
     <span class='ocr_line' id='line_1_36' title="bbox 198 2327 1955 2380; baseline -0.006 -9"><span class='ocrx_word' id='word_1_369' title='bbox 198 2336 236 2379; x_wconf 88' lang='lat' dir='ltr'>(f.</span> <span class='ocrx_word' id='word_1_370' title='bbox 266 2337 295 2369; x_wconf 91' lang='lat' dir='ltr'><strong>A</strong></span> <span class='ocrx_word' id='word_1_371' title='bbox 314 2336 437 2370; x_wconf 73' lang='lat' dir='ltr'>5b—A</span> <span class='ocrx_word' id='word_1_372' title='bbox 457 2336 508 2379; x_wconf 72' lang='lat'>71³)</span> <span class='ocrx_word' id='word_1_373' title='bbox 538 2336 649 2380; x_wconf 89' lang='lat' dir='ltr'>ipsius</span> <span class='ocrx_word' id='word_1_374' title='bbox 677 2335 810 2369; x_wconf 86' lang='lat' dir='ltr'>Canisii</span> <span class='ocrx_word' id='word_1_375' title='bbox 836 2334 978 2368; x_wconf 86' lang='lat' dir='ltr'>litterae</span> <span class='ocrx_word' id='word_1_376' title='bbox 1005 2333 1244 2367; x_wconf 86' lang='lat' dir='ltr'>dedicatoriae</span> <span class='ocrx_word' id='word_1_377' title='bbox 1271 2332 1314 2366; x_wconf 92' lang='lat' dir='ltr'>ad</span> <span class='ocrx_word' id='word_1_378' title='bbox 1342 2331 1571 2365; x_wconf 84' lang='lat' dir='ltr'>Colonienses</span> <span class='ocrx_word' id='word_1_379' title='bbox 1597 2330 1712 2369; x_wconf 83' lang='lat' dir='ltr'>datae,</span> <span class='ocrx_word' id='word_1_380' title='bbox 1739 2339 1828 2371; x_wconf 91' lang='lat' dir='ltr'>quas</span> <span class='ocrx_word' id='word_1_381' title='bbox 1854 2327 1955 2372; x_wconf 86' lang='lat' dir='ltr'>posui</span> 
     </span>
     <span class='ocr_line' id='line_1_37' title="bbox 195 2380 1955 2434; baseline -0.006 -10"><span class='ocrx_word' id='word_1_382' title='bbox 195 2401 303 2434; x_wconf 87' lang='lat' dir='ltr'>supra</span> <span class='ocrx_word' id='word_1_383' title='bbox 329 2401 361 2434; x_wconf 93' lang='lat' dir='ltr'>p.</span> <span class='ocrx_word' id='word_1_384' title='bbox 384 2390 579 2430; x_wconf 79' lang='lat'>159—163‚</span> <span class='ocrx_word' id='word_1_385' title='bbox 607 2391 642 2422; x_wconf 82' lang='lat' dir='ltr'>et</span> <span class='ocrx_word' id='word_1_386' title='bbox 672 2388 710 2431; x_wconf 88' lang='lat' dir='ltr'>(f.</span> <span class='ocrx_word' id='word_1_387' title='bbox 730 2387 890 2422; x_wconf 71' lang='lat' dir='ltr'>Asa—B</span> <span class='ocrx_word' id='word_1_388' title='bbox 906 2388 957 2430; x_wconf 59' lang='lat'>3³)</span> <span class='ocrx_word' id='word_1_389' title='bbox 987 2385 1201 2420; x_wconf 87' lang='lat' dir='ltr'>Ferdinandi</span> <span class='ocrx_word' id='word_1_390' title='bbox 1228 2386 1252 2418; x_wconf 93' lang='grc' dir='ltr'>Ι.</span> <span class='ocrx_word' id='word_1_391' title='bbox 1281 2384 1509 2429; x_wconf 86' lang='lat' dir='ltr'>imperatoris</span> <span class='ocrx_word' id='word_1_392' title='bbox 1544 2385 1580 2416; x_wconf 89' lang='lat' dir='ltr'>et</span> <span class='ocrx_word' id='word_1_393' title='bbox 1605 2381 1762 2426; x_wconf 87' lang='lat' dir='ltr'>Philippi</span> <span class='ocrx_word' id='word_1_394' title='bbox 1789 2381 1831 2414; x_wconf 87' lang='grc' dir='ltr'>ΙΙ.</span> <span class='ocrx_word' id='word_1_395' title='bbox 1859 2380 1955 2423; x_wconf 81' lang='lat' dir='ltr'>regis</span> 
     </span>
     <span class='ocr_line' id='line_1_38' title="bbox 196 2433 1950 2478; baseline -0.006 -2"><span class='ocrx_word' id='word_1_396' title='bbox 196 2443 311 2476; x_wconf 88' lang='lat' dir='ltr'>edicta</span> <span class='ocrx_word' id='word_1_397' title='bbox 336 2453 365 2476; x_wconf 89' lang='lat' dir='ltr'>a.</span> <span class='ocrx_word' id='word_1_398' title='bbox 384 2443 473 2477; x_wconf 89' lang='grc'>1560</span> <span class='ocrx_word' id='word_1_399' title='bbox 501 2445 536 2476; x_wconf 87' lang='lat' dir='ltr'>et</span> <span class='ocrx_word' id='word_1_400' title='bbox 556 2443 645 2476; x_wconf 85' lang='grc'>1557</span> <span class='ocrx_word' id='word_1_401' title='bbox 665 2442 707 2475; x_wconf 89' lang='lat' dir='ltr'>de</span> <span class='ocrx_word' id='word_1_402' title='bbox 735 2441 951 2475; x_wconf 87' lang='lat' dir='ltr'>catechismo</span> <span class='ocrx_word' id='word_1_403' title='bbox 972 2439 1104 2473; x_wconf 88' lang='lat' dir='ltr'>Canisii</span> <span class='ocrx_word' id='word_1_404' title='bbox 1124 2438 1208 2472; x_wconf 87' lang='lat' dir='ltr'>lata.</span> <span class='ocrx_word' id='word_1_405' title='bbox 1244 2437 1471 2472; x_wconf 82' lang='lat' dir='ltr'>Catechismo</span> <span class='ocrx_word' id='word_1_406' title='bbox 1498 2435 1619 2470; x_wconf 89' lang='lat' dir='ltr'>addita</span> <span class='ocrx_word' id='word_1_407' title='bbox 1645 2437 1700 2469; x_wconf 87' lang='lat' dir='ltr'>est</span> <span class='ocrx_word' id='word_1_408' title='bbox 1721 2433 1950 2478; x_wconf 84' lang='lat' dir='ltr'>„Appendix“</span> 
     </span>
     <span class='ocr_line' id='line_1_39' title="bbox 196 2486 1954 2539; baseline -0.006 -10"><span class='ocrx_word' id='word_1_409' title='bbox 196 2495 239 2528; x_wconf 85' lang='lat' dir='ltr'>(le</span> <span class='ocrx_word' id='word_1_410' title='bbox 266 2495 528 2535; x_wconf 86' lang='lat' dir='ltr'>iustificatione,</span> <span class='ocrx_word' id='word_1_411' title='bbox 555 2506 661 2539; x_wconf 83' lang='lat' dir='ltr'>quam</span> <span class='ocrx_word' id='word_1_412' title='bbox 689 2495 763 2529; x_wconf 84' lang='lat' dir='ltr'>dixi</span> <span class='ocrx_word' id='word_1_413' title='bbox 789 2505 897 2538; x_wconf 87' lang='lat' dir='ltr'>supra</span> <span class='ocrx_word' id='word_1_414' title='bbox 925 2505 956 2538; x_wconf 93' lang='lat' dir='ltr'>p.</span> <span class='ocrx_word' id='word_1_415' title='bbox 982 2493 1061 2527; x_wconf 87' lang='grc'>804.</span> <span class='ocrx_word' id='word_1_416' title='bbox 1105 2492 1294 2526; x_wconf 85' lang='lat' dir='ltr'>Postrema</span> <span class='ocrx_word' id='word_1_417' title='bbox 1320 2490 1402 2524; x_wconf 89' lang='lat' dir='ltr'>libri</span> <span class='ocrx_word' id='word_1_418' title='bbox 1428 2489 1515 2523; x_wconf 83' lang='lat' dir='ltr'>folia</span> <span class='ocrx_word' id='word_1_419' title='bbox 1540 2500 1610 2522; x_wconf 86' lang='lat' dir='ltr'>non</span> <span class='ocrx_word' id='word_1_420' title='bbox 1636 2488 1778 2530; x_wconf 81' lang='lat' dir='ltr'>signata</span> <span class='ocrx_word' id='word_1_421' title='bbox 1803 2486 1954 2520; x_wconf 89' lang='lat' dir='ltr'>indicem</span> 
     </span>
     <span class='ocr_line' id='line_1_40' title="bbox 195 2542 1954 2592; baseline -0.006 -10"><span class='ocrx_word' id='word_1_422' title='bbox 195 2560 314 2581; x_wconf 88' lang='lat' dir='ltr'>rerum</span> <span class='ocrx_word' id='word_1_423' title='bbox 349 2548 614 2592; x_wconf 84' lang='lat' dir='ltr'>alphabeticum</span> <span class='ocrx_word' id='word_1_424' title='bbox 650 2548 794 2582; x_wconf 79' lang='lat' dir='ltr'>habent.</span> <span class='ocrx_word' id='word_1_425' title='bbox 845 2546 1063 2581; x_wconf 89' lang='lat' dir='ltr'>Catechismi</span> <span class='ocrx_word' id='word_1_426' title='bbox 1098 2556 1271 2589; x_wconf 86' lang='lat' dir='ltr'>responsa</span> <span class='ocrx_word' id='word_1_427' title='bbox 1308 2543 1405 2588; x_wconf 84' lang='lat' dir='ltr'>typis</span> <span class='ocrx_word' id='word_1_428' title='bbox 1440 2542 1614 2582; x_wconf 85' lang='lat' dir='ltr'>cursivis,</span> <span class='ocrx_word' id='word_1_429' title='bbox 1651 2552 1740 2585; x_wconf 91' lang='lat' dir='ltr'>quos</span> <span class='ocrx_word' id='word_1_430' title='bbox 1776 2550 1954 2579; x_wconf 83' lang='lat' dir='ltr'>vocamus,</span> 
     </span>
     <span class='ocr_line' id='line_1_41' title="bbox 197 2598 1220 2644; baseline -0.004 -10"><span class='ocrx_word' id='word_1_431' title='bbox 197 2600 376 2644; x_wconf 76' lang='lat' dir='ltr'>descripta</span> <span class='ocrx_word' id='word_1_432' title='bbox 402 2603 495 2634; x_wconf 88' lang='lat' dir='ltr'>sunt.</span> <span class='ocrx_word' id='word_1_433' title='bbox 530 2601 620 2634; x_wconf 87' lang='lat' dir='ltr'>Tota</span> <span class='ocrx_word' id='word_1_434' title='bbox 647 2601 754 2635; x_wconf 85' lang='lat' dir='ltr'>editio</span> <span class='ocrx_word' id='word_1_435' title='bbox 780 2600 893 2634; x_wconf 87' lang='lat' dir='ltr'>nitida</span> <span class='ocrx_word' id='word_1_436' title='bbox 920 2601 975 2633; x_wconf 88' lang='lat' dir='ltr'>est</span> <span class='ocrx_word' id='word_1_437' title='bbox 1001 2601 1037 2632; x_wconf 89' lang='lat' dir='ltr'>et</span> <span class='ocrx_word' id='word_1_438' title='bbox 1062 2598 1220 2641; x_wconf 84' lang='lat' dir='ltr'>elegans.</span> 
     </span>
    </p>

    <p class='ocr_par' dir='ltr' id='par_1_10' title="bbox 199 2643 1955 2909">
     <span class='ocr_line' id='line_1_42' title="bbox 318 2643 1955 2699; baseline -0.006 -13"><span class='ocrx_word' id='word_1_439' title='bbox 318 2653 474 2687; x_wconf 81' lang='lat' dir='ltr'>Gabrieli</span> <span class='ocrx_word' id='word_1_440' title='bbox 511 2655 553 2687; x_wconf 86' lang='lat' dir='ltr'>de</span> <span class='ocrx_word' id='word_1_441' title='bbox 588 2654 703 2698; x_wconf 82' lang='lat' dir='ltr'>Zayas</span> <span class='ocrx_word' id='word_1_442' title='bbox 737 2653 814 2687; x_wconf 87' lang='lat' dir='ltr'>sive</span> <span class='ocrx_word' id='word_1_443' title='bbox 849 2653 976 2699; x_wconf 59' lang='lat' dir='ltr'>Qayas,</span> <span class='ocrx_word' id='word_1_444' title='bbox 1014 2651 1170 2695; x_wconf 87' lang='lat' dir='ltr'>Philippi</span> <span class='ocrx_word' id='word_1_445' title='bbox 1198 2651 1240 2684; x_wconf 91' lang='grc' dir='ltr'>ΙΙ.</span> <span class='ocrx_word' id='word_1_446' title='bbox 1267 2649 1471 2689; x_wconf 83' lang='lat' dir='ltr'>secretario,</span> <span class='ocrx_word' id='word_1_447' title='bbox 1508 2647 1567 2691; x_wconf 91' lang='lat' dir='ltr'>qui</span> <span class='ocrx_word' id='word_1_448' title='bbox 1602 2659 1646 2680; x_wconf 87' lang='lat' dir='ltr'>ex</span> <span class='ocrx_word' id='word_1_449' title='bbox 1682 2643 1955 2679; x_wconf 84' lang='lat' dir='ltr'>studiosissimis</span> 
     </span>
     <span class='ocr_line' id='line_1_43' title="bbox 200 2696 1954 2750; baseline -0.005 -12"><span class='ocrx_word' id='word_1_450' title='bbox 200 2705 355 2739; x_wconf 79' lang='lat' dir='ltr'>Plautini</span> <span class='ocrx_word' id='word_1_451' title='bbox 383 2707 541 2750; x_wconf 84' lang='lat' dir='ltr'>patronis</span> <span class='ocrx_word' id='word_1_452' title='bbox 561 2710 647 2747; x_wconf 85' lang='lat' dir='ltr'>erat,</span> <span class='ocrx_word' id='word_1_453' title='bbox 674 2707 768 2740; x_wconf 87' lang='lat' dir='ltr'>idem</span> <span class='ocrx_word' id='word_1_454' title='bbox 787 2706 976 2739; x_wconf 79' lang='lat' dir='ltr'>Plautinus</span> <span class='ocrx_word' id='word_1_455' title='bbox 995 2707 1149 2738; x_wconf 79' lang='lat' dir='ltr'>exeunte</span> <span class='ocrx_word' id='word_1_456' title='bbox 1168 2715 1199 2737; x_wconf 91' lang='lat' dir='ltr'>a.</span> <span class='ocrx_word' id='word_1_457' title='bbox 1214 2703 1303 2737; x_wconf 84' lang='lat'>1566</span> <span class='ocrx_word' id='word_1_458' title='bbox 1327 2701 1464 2745; x_wconf 86' lang='lat' dir='ltr'>aliquot</span> <span class='ocrx_word' id='word_1_459' title='bbox 1482 2700 1587 2734; x_wconf 88' lang='lat' dir='ltr'>huius</span> <span class='ocrx_word' id='word_1_460' title='bbox 1607 2698 1772 2732; x_wconf 88' lang='lat' dir='ltr'>editionis</span> <span class='ocrx_word' id='word_1_461' title='bbox 1791 2696 1954 2741; x_wconf 86' lang='lat' dir='ltr'>exempla</span> 
     </span>
     <span class='ocr_line' id='line_1_44' title="bbox 199 2749 1953 2802; baseline -0.005 -12"><span class='ocrx_word' id='word_1_462' title='bbox 199 2758 288 2791; x_wconf 87' lang='lat' dir='ltr'>dono</span> <span class='ocrx_word' id='word_1_463' title='bbox 324 2758 439 2799; x_wconf 67' lang='lat' dir='ltr'>misit:</span> <span class='ocrx_word' id='word_1_464' title='bbox 477 2759 509 2792; x_wconf 86' lang='lat' dir='ltr'>id</span> <span class='ocrx_word' id='word_1_465' title='bbox 546 2759 768 2802; x_wconf 86' lang='lat' dir='ltr'>intellegitur</span> <span class='ocrx_word' id='word_1_466' title='bbox 803 2771 848 2792; x_wconf 82' lang='lat' dir='ltr'>ex</span> <span class='ocrx_word' id='word_1_467' title='bbox 886 2759 1047 2791; x_wconf 62' lang='lat' dir='ltr'>Plautina?</span> <span class='ocrx_word' id='word_1_468' title='bbox 1081 2756 1212 2790; x_wconf 86' lang='lat' dir='ltr'>litteris</span> <span class='ocrx_word' id='word_1_469' title='bbox 1238 2754 1439 2799; x_wconf 90' lang='lat' dir='ltr'>Antverpia</span> <span class='ocrx_word' id='word_1_470' title='bbox 1468 2754 1521 2787; x_wconf 85' lang='lat'>19.</span> <span class='ocrx_word' id='word_1_471' title='bbox 1550 2750 1756 2786; x_wconf 83' lang='lat' dir='ltr'>Decembris</span> <span class='ocrx_word' id='word_1_472' title='bbox 1785 2750 1874 2784; x_wconf 76' lang='lat'>1566</span> <span class='ocrx_word' id='word_1_473' title='bbox 1909 2749 1953 2783; x_wconf 85' lang='lat' dir='ltr'>ad</span> 
     </span>
     <span class='ocr_line' id='line_1_45' title="bbox 200 2802 1954 2855; baseline -0.005 -13"><span class='ocrx_word' id='word_1_474' title='bbox 200 2822 279 2843; x_wconf 86' lang='lat' dir='ltr'>eum</span> <span class='ocrx_word' id='word_1_475' title='bbox 315 2811 417 2851; x_wconf 85' lang='lat' dir='ltr'>datis,</span> <span class='ocrx_word' id='word_1_476' title='bbox 455 2823 545 2855; x_wconf 86' lang='lat' dir='ltr'>quae</span> <span class='ocrx_word' id='word_1_477' title='bbox 581 2815 726 2846; x_wconf 80' lang='lat' dir='ltr'>exstant</span> <span class='ocrx_word' id='word_1_478' title='bbox 760 2812 795 2845; x_wconf 87' lang='lat' dir='ltr'>in</span> <span class='ocrx_word' id='word_1_479' title='bbox 836 2810 1168 2854; x_wconf 82' lang='lat' dir='ltr'>„Correspondance</span> <span class='ocrx_word' id='word_1_480' title='bbox 1205 2809 1247 2842; x_wconf 89' lang='lat' dir='ltr'>de</span> <span class='ocrx_word' id='word_1_481' title='bbox 1275 2806 1489 2851; x_wconf 82' lang='lat' dir='ltr'>Christophe</span> <span class='ocrx_word' id='word_1_482' title='bbox 1525 2804 1680 2845; x_wconf 88' lang='lat' dir='ltr'>Plantin,</span> <span class='ocrx_word' id='word_1_483' title='bbox 1714 2802 1855 2848; x_wconf 68' lang='lat' dir='ltr'>publice</span> <span class='ocrx_word' id='word_1_484' title='bbox 1890 2813 1954 2846; x_wconf 91' lang='lat' dir='ltr'>par</span> 
     </span>
     <span class='ocr_line' id='line_1_46' title="bbox 202 2863 1184 2909; baseline 0 -14"><span class='ocrx_word' id='word_1_485' title='bbox 202 2864 290 2895; x_wconf 62' lang='lat' dir='ltr'>Mas</span> <span class='ocrx_word' id='word_1_486' title='bbox 317 2864 462 2897; x_wconf 46' lang='lat' dir='ltr'>Boos-esst</span> <span class='ocrx_word' id='word_1_487' title='bbox 494 2865 518 2903; x_wconf 78' lang='grc'>1,</span> <span class='ocrx_word' id='word_1_488' title='bbox 546 2864 877 2909; x_wconf 83' lang='lat' dir='ltr'>Antwerpen-Gent</span> <span class='ocrx_word' id='word_1_489' title='bbox 905 2864 1006 2903; x_wconf 79' lang='lat'>1883,</span> <span class='ocrx_word' id='word_1_490' title='bbox 1034 2863 1184 2896; x_wconf 80' lang='lat'>52—53.</span> 
     </span>
    </p>

    <p class='ocr_par' dir='ltr' id='par_1_11' title="bbox 201 2907 1953 3063">
     <span class='ocr_line' id='line_1_47' title="bbox 319 2907 1953 2957; baseline -0.004 -10"><span class='ocrx_word' id='word_1_491' title='bbox 319 2917 612 2950; x_wconf 59' lang='grc' dir='ltr'>Μ’(ιπίηιίῖιῖαηιιηι</span> <span class='ocrx_word' id='word_1_492' title='bbox 638 2920 766 2951; x_wconf 75' lang='lat' dir='ltr'>Rooses</span> <span class='ocrx_word' id='word_1_493' title='bbox 791 2917 882 2950; x_wconf 88' lang='lat' dir='ltr'>hanc</span> <span class='ocrx_word' id='word_1_494' title='bbox 909 2916 1099 2950; x_wconf 86' lang='lat' dir='ltr'>editionem</span> <span class='ocrx_word' id='word_1_495' title='bbox 1126 2914 1331 2957; x_wconf 86' lang='lat' dir='ltr'>significare</span> <span class='ocrx_word' id='word_1_496' title='bbox 1358 2912 1535 2951; x_wconf 79' lang='lat' dir='ltr'>existimo,</span> <span class='ocrx_word' id='word_1_497' title='bbox 1574 2921 1653 2944; x_wconf 88' lang='lat' dir='ltr'>cum</span> <span class='ocrx_word' id='word_1_498' title='bbox 1680 2908 1815 2949; x_wconf 84' lang='lat' dir='ltr'>scribit,</span> <span class='ocrx_word' id='word_1_499' title='bbox 1850 2907 1953 2941; x_wconf 91' lang='lat' dir='ltr'>Plan-</span> 
     </span>
     <span class='ocr_line' id='line_1_48' title="bbox 201 2959 1952 3013; baseline -0.004 -14"><span class='ocrx_word' id='word_1_500' title='bbox 201 2967 313 3000; x_wconf 89' lang='lat' dir='ltr'>tinum</span> <span class='ocrx_word' id='word_1_501' title='bbox 342 2970 475 3003; x_wconf 77' lang='lat' dir='ltr'>a.1565</span> <span class='ocrx_word' id='word_1_502' title='bbox 503 2970 577 3003; x_wconf 87' lang='lat' dir='ltr'>suis</span> <span class='ocrx_word' id='word_1_503' title='bbox 603 2973 639 3003; x_wconf 87' lang='lat' dir='ltr'>et</span> <span class='ocrx_word' id='word_1_504' title='bbox 657 2970 795 3004; x_wconf 88' lang='lat' dir='ltr'>Cholini</span> <span class='ocrx_word' id='word_1_505' title='bbox 822 2969 990 3013; x_wconf 86' lang='lat' dir='ltr'>expensis</span> <span class='ocrx_word' id='word_1_506' title='bbox 1010 2968 1143 3002; x_wconf 89' lang='lat' dir='ltr'>Canisii</span> <span class='ocrx_word' id='word_1_507' title='bbox 1171 2967 1352 3000; x_wconf 84' lang='lat' dir='ltr'>Summam</span> <span class='ocrx_word' id='word_1_508' title='bbox 1379 2964 1533 2998; x_wconf 88' lang='lat' dir='ltr'>edidisse</span> <span class='ocrx_word' id='word_1_509' title='bbox 1561 2960 1791 3007; x_wconf 85' lang='lat' dir='ltr'>(Christophe</span> <span class='ocrx_word' id='word_1_510' title='bbox 1809 2959 1952 2994; x_wconf 85' lang='lat' dir='ltr'>Plantin</span> 
     </span>
     <span class='ocr_line' id='line_1_49' title="bbox 203 3019 1062 3063; baseline 0.005 -12"><span class='ocrx_word' id='word_1_511' title='bbox 203 3019 409 3063; x_wconf 86' lang='lat' dir='ltr'>imprimeur</span> <span class='ocrx_word' id='word_1_512' title='bbox 435 3023 640 3062; x_wconf 84' lang='lat' dir='ltr'>Anversois,</span> <span class='ocrx_word' id='word_1_513' title='bbox 667 3024 809 3056; x_wconf 87' lang='lat' dir='ltr'>Anvers</span> <span class='ocrx_word' id='word_1_514' title='bbox 838 3022 937 3061; x_wconf 79' lang='grc'>1882,</span> <span class='ocrx_word' id='word_1_515' title='bbox 967 3021 1062 3063; x_wconf 86' lang='grc'>101).</span> 
     </span>
    </p>

    <p class='ocr_par' dir='ltr' id='par_1_12' title="bbox 205 3065 1952 3167">
     <span class='ocr_line' id='line_1_50' title="bbox 323 3065 1952 3115; baseline -0.005 -10"><span class='ocrx_word' id='word_1_516' title='bbox 323 3073 464 3106; x_wconf 87' lang='lat' dir='ltr'>Librum</span> <span class='ocrx_word' id='word_1_517' title='bbox 499 3074 573 3108; x_wconf 76' lang='lat' dir='ltr'>vidi</span> <span class='ocrx_word' id='word_1_518' title='bbox 608 3074 785 3108; x_wconf 86' lang='lat' dir='ltr'>Monachii</span> <span class='ocrx_word' id='word_1_519' title='bbox 821 3075 856 3107; x_wconf 86' lang='lat' dir='ltr'>in</span> <span class='ocrx_word' id='word_1_520' title='bbox 891 3073 1105 3107; x_wconf 80' lang='lat' dir='ltr'>bibliotheca</span> <span class='ocrx_word' id='word_1_521' title='bbox 1140 3072 1240 3115; x_wconf 85' lang='lat' dir='ltr'>regia</span> <span class='ocrx_word' id='word_1_522' title='bbox 1270 3069 1429 3114; x_wconf 71' lang='lat' dir='ltr'>(catech.</span> <span class='ocrx_word' id='word_1_523' title='bbox 1458 3069 1530 3111; x_wconf 80' lang='lat'>93).</span> <span class='ocrx_word' id='word_1_524' title='bbox 1581 3068 1677 3101; x_wconf 80' lang='lat' dir='ltr'>Idem</span> <span class='ocrx_word' id='word_1_525' title='bbox 1713 3068 1833 3100; x_wconf 84' lang='lat' dir='ltr'>exstat</span> <span class='ocrx_word' id='word_1_526' title='bbox 1867 3065 1952 3098; x_wconf 80' lang='lat' dir='ltr'>Ant-</span> 
     </span>
     <span class='ocr_line' id='line_1_51' title="bbox 205 3124 824 3167; baseline 0.008 -12"><span class='ocrx_word' id='word_1_527' title='bbox 205 3124 349 3167; x_wconf 80' lang='lat' dir='ltr'>verpiae</span> <span class='ocrx_word' id='word_1_528' title='bbox 376 3125 409 3157; x_wconf 86' lang='lat' dir='ltr'>in</span> <span class='ocrx_word' id='word_1_529' title='bbox 437 3126 559 3160; x_wconf 81' lang='lat' dir='ltr'>Museo</span> <span class='ocrx_word' id='word_1_530' title='bbox 586 3127 824 3160; x_wconf 84' lang='lat' dir='ltr'>Plantiniano.</span> 
     </span>
    </p>

    <p class='ocr_par' dir='ltr' id='par_1_13' title="bbox 326 3175 1492 3222">
     <span class='ocr_line' id='line_1_52' title="bbox 326 3175 1492 3222; baseline -0.002 -13"><span class='ocrx_word' id='word_1_531' title='bbox 326 3176 523 3211; x_wconf 85' lang='lat' dir='ltr'>Editionem</span> <span class='ocrx_word' id='word_1_532' title='bbox 551 3179 668 3222; x_wconf 84' lang='lat' dir='ltr'>posuit</span> <span class='ocrx_word' id='word_1_533' title='bbox 693 3179 800 3212; x_wconf 79' lang='lat' dir='ltr'>etiam</span> <span class='ocrx_word' id='word_1_534' title='bbox 830 3179 1091 3221; x_wconf 69' lang='lat' dir='ltr'>Sonmzerroyel‚</span> <span class='ocrx_word' id='word_1_535' title='bbox 1119 3176 1208 3210; x_wconf 83' lang='lat' dir='ltr'>Bibl.</span> <span class='ocrx_word' id='word_1_536' title='bbox 1236 3176 1268 3209; x_wconf 85' lang='lat' dir='ltr'>ll</span> <span class='ocrx_word' id='word_1_537' title='bbox 1296 3175 1492 3209; x_wconf 70' lang='lat'>622—623.</span> 
     </span>
    </p>
   </div>
  </div>
 </body>
</html>
