2045 3471
142 223 242 257 1437.
270 222 309 256 P.
336 221 512 256 Antonius
529 221 646 256 Vinck
674 222 826 256 Canisio.
880 221 980 256 1438.
1009 220 1175 256 Ganisius
1202 221 1234 256 S.
1256 220 1447 256 Francisco
1474 222 1516 256 de
1544 222 1682 265 Borgia.
1741 224 1824 264 455

69 337 218 375 1437.
315 337 376 373 Ρ.
403 337 747 376 ANTONIUS
777 337 1010 382 VINCK,
1038 339 1264 384 praepositus
1290 339 1496 384 provinciae
1522 339 1703 373 rhenanae
1729 338 1763 374 S.
1782 339 1826 379 J„

257 391 457 427 CANISIO.
935 392 1187 436 Moguntia(‘?)
1216 391 1361 426 ineunte
1387 392 1462 426 fere
1488 403 1534 426 m.
1553 392 1648 426 Maio
1677 391 1778 426 1567.

187 457 242 491 Ex
268 456 422 500 imagine
440 456 730 502 photographica,
758 458 800 491 de
819 469 888 501 qua
908 457 1001 491 infra
1025 468 1057 491 n.
1080 457 1181 491 1443.
1217 456 1335 490 Etiam
1361 456 1396 490 in
1416 456 1503 500 Epp.
1522 457 1645 490 Nadal
1662 456 1713 490 ΙΙΙ
1730 455 1826 490 478².

187 528 239 561 De
264 527 417 570 colleqiis
441 529 597 570 spirensi
626 532 655 560 et
681 529 928 572 herbipolensi.

191 591 358 624 Canisius
392 591 583 624 Monac-hio
618 594 673 625 21.
702 593 797 625 Maii
825 595 915 626 1567
951 593 986 626 S.
1014 592 1210 624 Francisco
1246 591 1400 634 Boryiae
1428 592 1634 633 praeposito
1666 591 1828 634 [senerali

67 645 229 687 scripsit:
255 644 293 677 P.
313 644 473 677 Natalem
500 645 714 678 visitatorem
740 646 878 678 tandem
898 645 1097 687 decrevisse,
1122 648 1161 677 nt
1187 644 1369 686 colleyizcm
1395 643 1642 686 leerbipolense,
1669 645 1701 676 si
1726 645 1826 677 insti-

67 698 235 731 tuendum
260 701 352 739 esset,
379 697 563 730 Societatz's
582 699 791 740 provinciae
816 698 997 731 rhenanae
1015 698 1296 740 acliunyeretnr;
1321 697 1398 729 ideo
1425 701 1454 729 et
1472 707 1506 728 se
1524 700 1553 728 et
1572 696 1610 729 P.
1631 697 1824 730 Antoniam

68 751 179 784 Vinck
199 751 454 794 provincialem
474 750 675 784 rhenonum
695 751 853 784 nltimam
874 752 1028 795 Borya'ae
1045 751 1251 784 sententiam
1269 754 1479 792 exspectare.
1516 750 1668 792 „Jtaqne
1684 751 1827 792 scripsit

67 805 116 837 acl
141 815 191 837 me
216 805 306 837 idem
327 804 575 846 Prouintialis,
601 804 633 837 si
658 805 762 837 uelim
790 808 820 837 et
845 806 896 837 sic
920 805 1070 837 indicem
1096 803 1297 846 cormenire,
1323 807 1566 845 suscepturum
1591 813 1626 835 se
1649 813 1738 836 onus
1755 812 1826 836 non

66 858 178 891 solnm
207 857 395 900 Spirensis,
421 857 481 888 secl
506 858 609 889 etiam
637 857 903 899 Herbipolensis
928 857 1064 900 colleqij
1095 857 1159 889 hoc
1185 867 1281 889 anno
1307 855 1511 897 inchoandi,
1545 866 1620 888 (tum
1658 855 1828 888 annuerit

67 914 201 944 tantam
228 911 266 943 P.
298 907 359 942 T.“

67 1023 220 1062 1438.
320 1026 536 1061 CANISIUS
573 1024 838 1061 SANGTG
866 1023 1252 1062 FRANGISGO
1285 1024 1377 1060 DE
1405 1023 1692 1067 BORGIA,
1728 1035 1827 1069 prae-

256 1079 372 1124 posito
398 1079 555 1123 generali
584 1079 774 1113 societatis
801 1079 892 1113 Iesu.
1090 1079 1236 1123 Dilinga
1262 1079 1355 1112 inter
1383 1079 1412 1113 1.
1441 1081 1476 1112 et
1503 1079 1534 1112 9.
1561 1077 1649 1112 Maii
1678 1077 1778 1111 1567.

186 1144 241 1178 Ex
266 1145 421 1188 imagine
446 1143 727 1189 photographica
752 1143 954 1177 litterarum
981 1143 1285 1188 autographarum
1315 1143 1386 1186 (2⁰;
1415 1143 1436 1177 2
1454 1155 1531 1188 pp.;
1558 1143 1594 1176 in
1620 1154 1654 1187 p.
1672 1142 1694 1176 4
1720 1142 1824 1175 inscr.

67 1198 102 1231 et
127 1199 249 1242 partes
274 1197 370 1241 sig),
397 1209 488 1242 quae
515 1199 662 1232 exstant
686 1197 722 1230 in
754 1196 854 1239 „E.C.
882 1196 935 1230 11²
964 1208 997 1230 n.
1017 1196 1086 1231 223
1115 1196 1229 1240 (293).

187 1270 252 1303 Fr.
282 1270 481 1313 Damerhcs,
517 1281 594 1303 cum
631 1270 732 1302 levem
768 1270 926 1312 aliquam
954 1269 1209 1311 paenitentiam
1239 1273 1428 1301 recusasset
1464 1272 1494 1300 et
1528 1268 1740 1299 visitatorem
1766 1276 1825 1308 ap-

69 1322 240 1366 pellasset,
267 1324 314 1355 ad
339 1323 433 1355 hunc
450 1323 578 1355 missus
595 1327 641 1355 est
652 1335 665 1363 ,·
692 1323 766 1355 eius
784 1322 1009 1365 arv-oyantc'a,
1037 1323 1219 1364 opiniones
1239 1320 1501 1364 „pereyrinae“‚
1524 1331 1639 1362 prava
1658 1319 1824 1362 exempla.

69 1376 146 1409 FF.
173 1376 349 1409 Micbonis
383 1381 412 1410 et
439 1376 597 1410 Samonis
630 1386 743 1408 mores
772 1386 908 1417 parum
934 1375 1026 1408 boni.
1081 1376 1176 1417 Opus
1211 1379 1258 1407 est
1294 1375 1391 1407 noris
1419 1373 1685 1417 professoribus
1714 1372 1825 1415 philo-

68 1429 212 1471 sophiae
236 1430 402 1472 novisque
425 1429 714 1472 praeceptoribus
737 1428 938 1461 scholaram
967 1428 1191 1469 Inferiormn.
1228 1428 1412 1460 Rectorem}
1433 1427 1659 1468 infirmitates
1683 1430 1713 1458 et
1731 1425 1824 1467 diffi-

69 1482 222 1515 cultates.
273 1482 312 1515 P.
339 1482 461 1515 Bader
486 1482 668 1515 laboribus
693 1481 919 1524 opprimitur.

352 1553 446 1595 Pax
479 1552 637 1595 Christi
669 1552 898 1594 admodum
932 1551 1186 1593 Reuerende
1220 1551 1364 1593 Pater.

186 1623 306 1673 Quod
354 1624 409 1666 ad
455 1624 513 1667 M.
557 1623 803 1666 Simonem1
844 1621 1126 1664 Leodiensem
1175 1621 1357 1673 attinet,
1406 1619 1598 1662 adhibito
1647 1620 1824 1662 Patrum

67 1688 192 1731 huius
235 1688 405 1743 collegij
447 1688 603 1730 iudicio
646 1687 945 1740 communique
987 1700 1219 1736 consensu,
1271 1687 1475 1728 vocatum
1519 1685 1639 1727 illum
1681 1698 1824 1726 coram

67 1753 270 1797 Patribus
311 1754 468 1796 blande
509 1752 676 1803 monui,
719 1756 767 1795 vt
811 1766 935 1794 suum
977 1751 1241 1806 superiorem
1282 1751 1340 1793 M.
1386 1750 1648 1804 Georgium2
1686 1748 1826 1803 magis

66 1821 319 1861 reueretura
341 1817 416 1873 [?]‚
451 1832 477 1860 a
509 1832 592 1871 quo
620 1817 856 1859 iniunctam
888 1817 1028 1859 leuem
1065 1815 1377 1871 poenitentiam
1409 1815 1584 1858 facere3
1617 1814 1750 1856 semel
1783 1817 1827 1856 et

65 1884 220 1927 iterum
253 1883 463 1933 monitus,
506 1883 757 1931 recusabat,
801 1881 867 1924 cui
901 1884 1129 1935 praeterea
1161 1881 1325 1923 nullum
1358 1884 1587 1923 externum
1619 1879 1824 1921 honorem

64 1949 323 1991 tribuebat4.
388 1948 549 1989 Verum
591 1947 663 1988 ille
704 1949 752 1988 ut
793 1949 923 1988 antea
965 1960 1133 1999 quoque
1171 1946 1353 1995 solebat,
1396 1959 1536 1988 meam
1570 1946 1614 1987 et
1645 1944 1824 1986 Patrum

183 2035 211 2067 a)
234 2036 279 2060 Sic
299 2038 430 2066 autom-4
450 2034 543 2058 nescio
564 2041 602 2058 cm
623 2034 691 2058 Can.
711 2033 836 2058 scribere
858 2032 998 2057 voluerit:
1017 2031 1221 2058 reuereretur.

190 2143 197 2161 ²
224 2140 450 2180 Dainei·i11ni;
477 2140 557 2173 vide
584 2150 692 2184 supra
718 2151 750 2184 p.
777 2139 858 2174 450.

185 2194 198 2214 ‘²
224 2193 264 2228 P.
293 2192 485 2236 Georgium
512 2191 638 2233 Bader,
673 2192 814 2235 collegii
842 2192 1044 2226 ministrum
1072 2194 1116 2232 et,
1153 2194 1192 2225 ut
1219 2190 1384 2225 Canisius
1419 2191 1455 2224 in
1490 2190 1545 2223 his
1578 2190 1665 2234 ipsis
1691 2189 1822 2224 litteris

70 2246 189 2292 (paulo
216 2246 324 2289 infra)
347 2246 442 2287 dicit,
467 2245 760 2287 „vicerectorem“
777 2259 783 2286 ;
811 2245 850 2279 P.
869 2245 1111 2279 Theodoricus
1131 2244 1296 2279 Canisius
1316 2244 1458 2287 collegii
1476 2246 1593 2277 rector
1611 2242 1824 2286 languebat;

67 2301 283 2345 quapropter
309 2299 367 2332 vel
403 2299 471 2333 iam
499 2298 636 2332 abierat
662 2300 874 2342 Augustam,
902 2298 960 2332 vel
984 2294 1073 2343 ipsis
1099 2298 1171 2332 illis
1198 2297 1323 2332 diebus
1349 2297 1513 2331 abiturus
1539 2298 1626 2330 erat.

187 2354 199 2373 ³
230 2353 417 2395 „Officium
443 2353 610 2386 rectoris“
641 2352 706 2385 sub
733 2363 763 2386 a.
783 2352 873 2386 1566
899 2363 919 2385 a
938 2351 973 2386 S.
991 2351 1181 2386 Francisco
1200 2351 1332 2394 Borgia
1358 2350 1580 2393 recognitum
1599 2349 1650 2383 sic
1668 2348 1825 2383 habebat

68 2407 102 2440 in
128 2406 246 2451 cap.l
282 2417 314 2439 n.
346 2406 406 2439 10:
451 2404 682 2447 „Ordinariae
717 2404 968 2449 poenitentiae,
1007 2416 1098 2448 quae
1134 2405 1236 2438 iuxta
1271 2404 1317 2444 id,
1357 2403 1448 2446 quod
1486 2402 1613 2446 cuique
1648 2402 1824 2443 conuenit,

65 2459 179 2502 infligi
206 2461 366 2504 possunt,
402 2460 505 2491 erunt
530 2468 641 2502 parua
667 2469 801 2498 mensa,
836 2457 980 2502 publica
1006 2457 1245 2502 reprehensio,
1277 2456 1456 2491 conclusio
1483 2456 1517 2489 iu
1544 2454 1686 2496 circulo,
1722 2454 1825 2489 edere

66 2513 131 2546 sub
159 2523 291 2548 mensa.
319 2510 471 2545 osculari
490 2510 645 2544 omnium
673 2511 790 2555 pedes,
818 2522 919 2545 orare
945 2511 979 2544 in
999 2510 1214 2551 Refectorio,
1241 2509 1359 2544 dicere
1378 2509 1518 2553 culpam
1543 2519 1656 2548 suam,
1684 2508 1825 2542 demere

67 2565 238 2610 paulatim
266 2564 393 2605 cibum,
419 2575 533 2607 usque
559 2563 603 2597 ad
629 2574 768 2608 panem,
795 2566 831 2597 et
851 2575 992 2608 aquam,
1019 2565 1048 2598 si
1076 2575 1134 2598 res
1159 2563 1369 2608 postularet,
1397 2561 1594 2606 Disciplina
1620 2560 1763 2605 publica
1788 2561 1823 2594 in

66 2619 268 2653 Refectorio
298 2617 375 2662 (pro
403 2629 483 2661 qua,
511 2619 546 2650 et
572 2616 652 2661 alijs
679 2628 759 2650 cum
785 2619 924 2651 secreto
950 2617 1026 2650 fieri
1046 2617 1187 2656 debent,
1214 2616 1406 2660 deputetur
1430 2614 1572 2658 aliquod
1591 2613 1824 2657 cubiculum),

66 2675 101 2706 et
136 2671 308 2705 exercitia
343 2670 512 2704 humilia“
558 2670 618 2712 (ex
655 2669 817 2714 exemplo
855 2669 1063 2715 archetypo,
1104 2669 1216 2703 Roma
1255 2669 1298 2703 ad
1326 2667 1508 2703 Canisium
1544 2667 1663 2701 misso.
1719 2665 1823 2708 „Can⁸

66 2725 99 2758 X
125 2725 190 2759 Sa“
220 2725 243 2758 f.
274 2724 391 2766 11:2¹³).

185 2779 196 2797 ⁴
225 2778 260 2811 S.
279 2778 443 2819 Iynatins
469 2775 717 2813 constituerat,
744 2778 784 2809 ut
803 2775 895 2810 Socii
923 2776 1016 2809 inter
1041 2787 1080 2810 se
1111 2775 1291 2817 „exterius
1318 2774 1486 2808 honorem
1513 2784 1554 2806 ac
1573 2772 1823 2814 reverentiam,

66 2842 173 2874 quam
200 2830 314 2873 exigit
340 2830 512 2873 cuiusque
538 2831 666 2868 status,
702 2840 780 2863 cum
807 2828 1039 2873 simplicitate
1067 2831 1102 2862 et
1128 2827 1369 2862 moderatione
1397 2826 1562 2869 religiosa
1590 2825 1819 2860 exhibe1·ent“

69 2883 369 2927 (Constitutiones
393 2882 427 2916 S.
446 2883 490 2922 J„
517 2882 555 2915 P.
575 2882 606 2922 3,
635 2893 663 2915 ο.
682 2882 710 2922 1,
737 2894 770 2915 n.
788 2882 847 2925 4);
875 2882 1108 2926 singulariter
1134 2884 1253 2914 autem
1281 2881 1472 2919 institerat,
1499 2882 1538 2912 ut
1563 2890 1646 2913 suos
1673 2879 1824 2923 quisque

67 2936 288 2981 praepositos
323 2946 539 2979 magnopere
566 2937 793 2968 revereretur
820 2935 859 2977 (l.
886 2946 915 2969 c.
946 2935 984 2969 Ρ.
1012 2935 1044 2975 3,
1071 2946 1100 2968 c.
1131 2935 1160 2974 l,
1188 2946 1220 2967 11.
1247 2934 1312 2971 23:
1349 2933 1388 2966 P.
1415 2933 1445 2972 6,
1473 2944 1502 2966 c.
1533 2932 1560 2971 1,
1588 2943 1620 2965 n.
1651 2932 1687 2971 1;
1727 2931 1764 2966 P.
1792 2932 1822 2971 8,

67 2990 154 3029 c.1,
192 3000 226 3022 n.
260 2989 309 3031 3).
368 2989 413 3022 Et
451 2988 486 3022 in
528 2987 698 3030 „Regulis
736 2988 1003 3022 conununilms“
1045 2987 1133 3021 haec
1172 2988 1272 3020 erant
1313 2985 1361 3029 (n.
1398 2986 1481 3027 28):
1525 2984 1677 3026 ,Omnes
1716 2988 1824 3030 caput

67 3043 230 3087 aperiant
254 3042 330 3076 suis
355 3041 608 3086 superioribus,
636 3043 672 3074 et
689 3039 788 3074 Laici
814 3041 1072 3079 sacerdotibus,
1101 3039 1265 3083 discipuli
1293 3039 1399 3072 etiam
1426 3038 1502 3072 suis
1521 3037 1822 3082 praeceptoribus.

68 3094 200 3128 Omnes
235 3097 356 3128 autem
391 3094 619 3138 alloquantur
653 3093 855 3138 superiores
881 3105 1012 3137 magna
1039 3105 1118 3127 cum
1146 3091 1359 3131 reverentia,
1395 3093 1430 3124 et
1465 3090 1495 3124 is
1531 3102 1634 3134 quem
1661 3091 1823 3135 superior

69 3147 272 3191 alloquitur,
309 3150 370 3181 aut
406 3146 645 3192 reprehendit,
682 3146 866 3180 humiliter
901 3150 937 3180 et
971 3147 1048 3180 sine
1085 3144 1372 3189 interpellatione
1407 3143 1548 3177 audiat“
1579 3144 1641 3186 (ex
1667 3143 1823 3187 antiquis

68 3200 140 3234 illis
165 3201 337 3243 ÷÷Beynclis
371 3199 627 3239 communibus,
665 3210 755 3243 quae
790 3199 856 3233 sub
892 3210 922 3233 a.
953 3200 1042 3233 1566
1071 3198 1213 3232 Canisio
1250 3197 1381 3231 missae
1417 3207 1495 3230 esse
1522 3196 1699 3236 videntur,
1739 3196 1821 3230 Cod.
