2077 3461
604 213 648 247 II.
675 213 900 247 Prooemium
926 211 1118 246 voluminis
1145 211 1271 256 quinti.
1714 212 1821 241 XXIX

64 330 227 377 Synodus
258 330 468 365 dioecesana
503 329 670 373 Dilingae
703 329 826 364 habita
861 341 941 364 cum
976 328 1126 363 aliorum
1161 328 1390 363 catechismis
1425 328 1645 363 canisianum
1681 339 1822 372 quoque

63 383 326 420 commendavit
363 382 477 426 (825).
537 382 745 417 Adversarii
782 382 913 417 librum
950 382 1052 416 illum
1089 381 1341 416 formidabant.
1401 381 1544 416 Flacius
1582 381 1748 426 Illyricus
1786 381 1822 414 in

62 436 151 471 libro
180 434 252 478 „De
278 436 386 470 sectis
412 435 694 480 pontificiorum“
725 447 755 470 a.
785 436 874 470 1565
901 435 996 469 edito
1021 434 1217 475 asserebat,
1251 435 1289 468 in
1314 434 1448 470 Canisii
1474 434 1692 469 catechismo
1721 434 1821 468 iusti-

62 489 148 523 tiam
175 487 407 523 christianam
433 489 485 522 ita
510 488 669 533 proponi,
695 490 737 523 ut
767 488 987 534 „ipsissimus
1014 487 1268 522 ethnicismus“
1289 488 1508 523 traderetur:
1537 488 1579 521 de
1598 499 1684 521 vera
1701 489 1822 521 autem

63 541 201 578 iustitia
237 541 432 576 christiana
458 541 717 576 catechismum
751 553 820 576 non
856 541 987 576 habere
1024 541 1124 586 plus,
1164 552 1270 585 quam
1306 541 1456 585 quilibet
1482 540 1619 582 Tui-ca,
1658 540 1821 577 iudaeus.

63 606 225 641 paganus
253 596 376 629 nosset
404 595 524 639 (795):
562 595 639 637 „Ab
674 594 858 629 Ecclesiae
886 593 1090 629 Catholicae
1116 594 1299 635 hostibus,
1334 594 1599 637 multarumque
1633 593 1820 627 haeresum

62 647 222 693 patronis
247 647 469 692 reprehendi,
503 647 587 691 quid
615 649 670 681 est
696 647 803 687 aliud,
830 659 973 692 quaeso,
1010 658 1117 691 quani
1145 647 1419 688 commendari“,
1447 647 1570 690 inquit
1596 646 1762 681 Canisius
1787 646 1821 679 in

63 701 229 736 Summae
254 700 460 744 recognitae
485 700 709 745 praefatione
738 700 851 744 (160).
901 701 958 735 Ita
993 700 1158 734 catholici
1185 712 1308 734 omnes
1343 700 1565 740 sentiebant;
1600 702 1641 733 ut
1667 699 1823 733 Christo·

62 753 194 798 phorus
212 753 403 788 Plautinus
422 753 688 798 antverpiensis
713 753 775 787 ille
800 753 1107 798 typographorum
1133 754 1319 798 princeps;
1346 754 1407 797 qui
1424 753 1586 798 primam,
1613 763 1719 796 quam
1747 752 1823 796 ipse

63 808 273 848 curaverat,
308 806 474 841 Summae
509 818 572 851 per
598 806 782 840 Canisium
816 807 1022 850 recognitae
1057 807 1248 841 editionem
1274 806 1439 851 Philippo
1466 806 1498 840 ΙΙ
1524 806 1720 850 Hispaniae
1746 805 1823 848 regi

63 859 242 895 dedicavit
279 862 315 893 et
349 860 586 894 catechismos
622 859 822 894 canisianos
860 859 971 894 semel
1008 862 1116 904 atque
1152 860 1281 893 iterum
1309 859 1464 894 Gabrieli
1501 859 1544 893 de
1575 859 1692 905 §layas
1727 858 1823 900 regis

61 912 254 947 secretario
280 912 379 946 misit
398 912 484 957 (814
509 912 607 956 825).
642 913 688 946 Et
705 912 899 947 cardinalis
918 912 1159 947 Sei-bellonius
1178 913 1374 953 constituit,
1397 915 1438 946 ut
1455 923 1578 946 omnes
1596 912 1824 957 episcopatus

62 966 116 999 sui
141 966 364 1000 novariensis
390 965 536 1011 parochi
563 965 841 1010 explicationem>
869 966 1074 1008 „Summae“
1105 966 1270 1000 audirent
1297 966 1412 1009 (799).
1450 965 1541 1000 Socii
1567 965 1704 999 romani
1730 966 1823 998 cate-

63 1017 237 1053 chismum
272 1019 493 1053 canisianum
528 1018 711 1063 discipulis
744 1019 988 1064 exponebant;
1024 1019 1131 1053 iidem
1167 1019 1276 1053 Parvi
1313 1019 1530 1054 Catechismi
1558 1018 1822 1052 Catholicorum

62 1071 154 1106 3000
180 1072 388 1106 excudenda
413 1074 588 1107 curarunt
608 1072 721 1115 (802).
755 1071 941 1106 Versionis
966 1071 1119 1116 gallicae
1145 1084 1177 1106 a.
1198 1073 1287 1107 1565
1307 1073 1455 1107 Parisiis
1478 1083 1632 1106 excusae
1659 1070 1823 1114 exempla

61 1124 180 1159 omnia
217 1127 387 1168 quattuor
422 1125 605 1159 mensibus
640 1125 814 1159 distracta
851 1128 935 1159 sunt
973 1125 1087 1168 (476).
1138 1125 1270 1159 Eodem
1305 1137 1396 1160 anno
1431 1125 1587 1160 facultas
1621 1124 1824 1167 theologica

63 1177 284 1219 Sorbonnae,
318 1189 409 1222 quae
444 1178 614 1213 Societati
649 1178 732 1212 Iesu
767 1178 1029 1212 adversabatur
1064 1178 1182 1223 potius
1217 1190 1324 1223 quam
1360 1178 1524 1218 favebat,
1560 1177 1693 1212 Canisii
1729 1180 1822 1212 cate-

63 1230 238 1265 chismum
272 1242 335 1275 per
371 1231 533 1276 publicas
567 1230 708 1265 litteras
743 1243 813 1265 non
850 1231 967 1265 solum
1005 1231 1240 1276 approbavit,
1278 1231 1341 1265 sed
1380 1231 1487 1265 etiam
1525 1231 1715 1274 magnifice
1749 1229 1822 1264 lau-

63 1283 163 1318 davit
191 1283 305 1327 (801).

181 1336 323 1371 Canisio
358 1339 504 1372 auctore
530 1340 566 1371 et
595 1337 756 1372 adiutore
783 1349 814 1372 a.
844 1338 933 1372 1567
961 1337 1001 1372 Ρ.
1028 1337 1270 1382 Hieronymus
1295 1337 1482 1372 Torrensis
1509 1338 1542 1372 S.
1562 1338 1594 1371 J.
1621 1336 1824 1380 theologiae

62 1388 243 1434 professor
268 1390 474 1433 dilinganus
503 1390 748 1434 „Confessioni
766 1390 1022 1434 Augustanae“
1046 1392 1322 1435 protestantium
1348 1391 1514 1435 opposuit
1535 1390 1823 1432 „Confessionem

63 1442 398 1486 Augustinianam“,
433 1455 503 1488 qua
529 1444 646 1478 omnia
673 1444 855 1478 doctrinae
890 1444 1087 1478 catholicae
1121 1445 1240 1489 capita
1266 1455 1286 1477 a
1313 1444 1596 1489 protestantibus
1621 1443 1753 1477 reiecta
1780 1454 1825 1476 ex

62 1496 139 1541 ipso
165 1495 294 1531 Sancto
320 1497 523 1540 Augustino
549 1497 698 1542 eiusque
724 1497 844 1531 verbis
878 1498 1171 1542 proferebantur;
1206 1497 1286 1531 libri
1322 1496 1486 1542 exempla
1515 1497 1605 1531 1000
1631 1507 1763 1530 excusa
1790 1499 1826 1530 et

62 1549 199 1593 aliquot
223 1550 399 1584 mensium
424 1553 584 1595 tempore
609 1550 794 1584 divendita
820 1548 922 1591 sunt;
950 1562 1040 1595 opus
1064 1550 1218 1584 multum
1244 1550 1381 1595 placuit
1398 1553 1434 1584 et
1451 1549 1664 1594 compluries
1691 1550 1824 1584 editum

63 1604 119 1636 est
152 1602 237 1646 (216
262 1602 361 1646 817).
411 1603 513 1637 Anno
549 1604 639 1638 1566
677 1603 711 1638 S.
737 1604 825 1637 Pius
850 1604 905 1645 V.‚
942 1607 982 1637 ut
1016 1603 1156 1638 concilii
1190 1603 1376 1637 tridentini
1409 1604 1551 1637 decreto
1586 1603 1823 1643 satisfaceret,

64 1655 330 1690 Catechismum
364 1656 563 1690 Romanum
601 1656 636 1690 in
672 1668 775 1690 usum
813 1656 1048 1701 parochorum
1082 1657 1216 1691 Romae
1253 1656 1364 1690 latine
1403 1656 1581 1697 ediderat;
1621 1656 1825 1699 germanice

64 1719 203 1752 quoque
229 1709 379 1742 eundem
405 1709 557 1752 vulgare
582 1709 746 1750 volebat,
774 1721 865 1753 quae
891 1710 1000 1744 editio
1026 1721 1095 1754 quo
1122 1710 1166 1744 ab
1189 1709 1369 1744 erroribus
1396 1709 1584 1743 immunior
1611 1711 1717 1750 esset,
1745 1719 1823 1742 con-

63 1761 202 1802 stituit,
218 1763 257 1796 ut
282 1761 373 1796 liber
396 1762 434 1796 in
452 1762 644 1797 Germania
670 1774 734 1807 per
752 1762 873 1797 Socios
899 1765 1112 1803 verteretur,
1143 1762 1261 1797 versio
1279 1765 1407 1803 ¹autem
1434 1762 1582 1796 Romam
1609 1762 1825 1802 mitteretur,

64 1814 122 1848 vel
156 1815 204 1848 ibi
242 1814 301 1849 vel
338 1815 423 1849 alibi
456 1816 555 1860 typis
589 1815 825 1850 exscribenda
861 1816 976 1859 (307).
1025 1816 1238 1850 Franciscus
1273 1816 1425 1859 Borgias
1458 1815 1569 1859 igitur
1600 1815 1826 1860 praepositus

64 1868 244 1910 generalis
269 1868 427 1913 pontifici
452 1869 646 1914 proposuit,
673 1871 713 1903 ut
729 1869 770 1904 P.
789 1869 924 1904 Paulus
942 1869 1124 1909 Hoffaeus,
1151 1869 1211 1913 qui
1229 1869 1426 1912 germanici
1444 1869 1618 1903 sermonis
1645 1868 1825 1912 elegantia

64 1920 197 1966 pollere
223 1922 436 1963 traderetur,
462 1923 664 1956 versionem
691 1922 810 1957 facere
836 1923 1029 1965 iuberetur,
1057 1922 1199 1957 Canisio
1227 1934 1305 1956 eam
1330 1925 1627 1966 recognoscente,
1660 1921 1826 1956 Canisius

64 1974 140 2019 ipse
165 1976 319 2018 rogavit,
344 1976 570 2020 permitteret
596 1976 776 2021 pontifex,
811 1978 852 2010 ut
876 1977 994 2011 versio
1024 1977 1060 2010 in
1088 1976 1280 2010 Germania
1314 1976 1412 2020 typis
1447 1975 1712 2010 exscriberetur
1741 1975 1824 2018 (316

66 2027 130 2062 341
159 2027 256 2071 362).
306 2028 393 2063 Pius
426 2029 590 2074 permisit
624 2029 738 2072 (522).
789 2030 889 2064 Haec
925 2030 1008 2064 dum
1046 2030 1098 2063 ita
1131 2032 1306 2072 aguntur,
1344 2040 1459 2063 novus
1494 2029 1595 2062 labor
1627 2028 1825 2063 litterarius

66 2080 208 2116 Canisio
233 2081 324 2115 nihil
348 2081 420 2116 tale
446 2082 606 2126 opinanti
630 2083 850 2127 supervenit.
886 2083 1035 2127 Borgias
1062 2083 1117 2117 31.
1137 2083 1223 2117 Maii
1245 2083 1333 2116 1567
1353 2083 1384 2116 ei
1410 2083 1572 2127 scripsit:
1600 2082 1824 2117 Cardinalem

67 2133 368 2168 Commendonum
402 2136 445 2169 ad
480 2147 518 2169 se
545 2136 687 2170 venisse
722 2138 758 2170 et
782 2136 962 2181 pontificis
988 2137 1127 2170 nomine
1154 2136 1360 2177 mandasse,
1395 2138 1436 2169 ut
1462 2135 1627 2169 Canisius
1653 2135 1826 2169 adversus

66 2186 349 2222 Lutheranorum
370 2188 565 2223 Historiam
592 2189 690 2223 illam
717 2189 1000 2224 ecclesiasticam
1027 2201 1090 2234 per
1116 2189 1298 2223 centurias
1324 2189 1501 2232 digestam
1528 2191 1564 2222 et
1589 2188 1825 2232 Magdeburgi

67 2240 210 2282 editam,
237 2241 319 2275 dum
346 2241 484 2286 plenior
509 2243 625 2286 operis
650 2242 822 2276 refutatio
848 2245 1045 2287 pararetur,
1077 2243 1157 2284 cito,
1185 2242 1299 2277 Sociis
1325 2242 1454 2276 ceteris
1480 2242 1697 2280 iuvantibus,
1733 2253 1825 2275 com-

67 2297 215 2338 poneret
238 2294 369 2328 librum
394 2295 488 2328 haud
515 2296 565 2329 ita
591 2307 770 2338 magnum,
804 2307 873 2340 quo
900 2295 1080 2330 historicis
1107 2295 1178 2329 illis
1205 2296 1300 2330 credi
1328 2307 1397 2329 non
1423 2307 1527 2340 posse
1554 2296 1824 2335 demonstraret,

68 2346 241 2392 exemplis
275 2347 413 2391 aliquot
446 2348 704 2392 patefaciendo,
741 2351 959 2394 quantopere
995 2360 1052 2382 res
1086 2350 1263 2383 narrando
1295 2349 1543 2393 depravarent,
1575 2348 1668 2382 inter
1693 2359 1731 2382 se
1758 2348 1825 2392 ipsi

68 2403 287 2444 pugnarent,
322 2401 367 2435 ad
401 2401 556 2434 absurda
589 2402 820 2435 deflecterent
847 2402 961 2445 (480).
1013 2402 1177 2436 Canisius
1211 2402 1245 2435 id
1282 2402 1349 2435 sibi
1382 2401 1602 2445 reliquisque
1637 2401 1826 2435 Societatis

67 2452 244 2496 theologis
269 2454 305 2487 in
332 2453 525 2488 Germania
558 2455 786 2489 versantibus
819 2455 1068 2489 difficillimum
1096 2456 1171 2489 fore
1197 2455 1399 2499 respondit:
1436 2466 1559 2488 omnes
1593 2454 1698 2488 valde
1724 2466 1826 2488 occu-

69 2508 171 2551 patos
197 2518 293 2547 esse;
331 2507 471 2550 „nullus
497 2507 572 2541 fere
598 2510 758 2542 nostrum
785 2509 821 2542 in
846 2508 1006 2542 historiis
1033 2508 1289 2542 ecclesiasticis
1316 2508 1373 2542 vel
1408 2508 1633 2541 mediocriter
1659 2510 1827 2541 versatus

69 2560 166 2600 est“;
209 2560 332 2594 deesse
369 2560 502 2600 libros;
547 2561 703 2595 animum
738 2573 843 2596 suum
881 2562 1055 2595 sodalium
1092 2564 1128 2595 et
1166 2564 1392 2595 externorum
1429 2561 1524 2594 curis
1559 2562 1770 2595 distractum
1806 2572 1826 2594 a

73 2613 221 2655 „studiis
239 2613 337 2647 hisce
363 2614 589 2656 gravioribus
615 2614 826 2648 abhorrere“
852 2615 965 2658 (522).
1013 2614 1130 2656 „Quod
1149 2614 1288 2648 anobis
1314 2614 1547 2654 desideratur,
1574 2614 1613 2648 P.
1633 2613 1823 2648 Onofrius“

70 2666 268 2700 Panvinius
294 2666 580 2709 Augustinianus
610 2668 796 2710 „effectum
823 2669 897 2701 fere
924 2668 1088 2709 reddidit,
1123 2668 1207 2711 quia
1239 2667 1458 2711 conscriptos
1485 2666 1593 2701 habet
1617 2669 1691 2701 tres
1717 2667 1827 2702 libros

71 2721 194 2754 contra
227 2719 396 2753 authores
430 2719 601 2754 historiae
635 2721 902 2755 ecclesiasticae
928 2721 1311 2764 Magdcburgensium,
1348 2721 1381 2753 in
1418 2720 1546 2763 quibus
1582 2723 1637 2754 est
1671 2721 1827 2763 cognitio

71 2772 240 2806 distincta
282 2776 317 2806 et
358 2773 564 2807 authentica
606 2775 762 2808 omnium
804 2775 879 2808 fere
921 2786 1038 2808 reruni
1082 2774 1125 2807 ad
1168 2773 1351 2807 historiam
1396 2773 1675 2807 ecclesiasticam
1720 2774 1828 2818 perti-

71 2825 262 2859 nentium.“
323 2826 389 2860 Hic
431 2826 547 2868 „solus
589 2827 633 2860 ad
671 2827 763 2861 hanc
801 2839 873 2861 rem
917 2828 1005 2861 bene
1043 2827 1312 2869 transigendam
1352 2826 1560 2870 aptissimus
1599 2827 1826 2871 maximeque

73 2879 333 2923 promovendus
359 2879 474 2913 videri
499 2883 627 2923 potest,
663 2892 743 2914 cum
769 2880 903 2914 nullum
931 2881 1034 2914 hodie
1061 2881 1126 2914 sibi
1156 2882 1228 2913 fere
1261 2891 1381 2924 parem
1408 2879 1539 2914 habeat
1565 2881 1599 2913 in
1627 2881 1827 2923 cognitione

72 2931 311 2973 historiarum,
342 2943 434 2976 quae
460 2933 519 2967 vel
545 2936 657 2967 totuin
686 2933 863 2967 hominem
891 2934 1059 2967 vendicat
1084 2934 1170 2973 sibi,
1207 2934 1236 2966 si
1272 2933 1340 2966 rite
1366 2934 1493 2967 debeat
1528 2934 1608 2968 aliis
1643 2934 1827 2978 explicari,

73 2986 282 3028 praesertim
307 2985 482 3020 adversus
517 2986 638 3020 doctos
665 2989 699 3020 et
734 2988 974 3020 contentiosos
1005 2986 1237 3030 disputando“
1269 2986 1383 3030 (523).
1433 2987 1531 3020 Haec.
1567 2987 1676 3021 verba
1703 2990 1826 3020 notatu

75 3037 283 3080 dignissima
308 3041 411 3079 sunt;
446 3050 572 3083 parum
607 3040 699 3073 enim
726 3043 848 3073 notum
875 3042 947 3080 est,
984 3040 1107 3083 quanti
1136 3039 1300 3074 Canisius
1328 3040 1558 3077 Panvinium,
1594 3040 1711 3074 lumen
1739 3039 1825 3073 illud

74 3089 243 3124 historiae
269 3092 433 3132 criticae,
468 3092 609 3133 fecerit,
645 3095 679 3126 et
706 3095 879 3136 quantum
906 3093 1074 3126 momenti
1109 3092 1144 3126 in
1171 3095 1339 3126 accurata
1365 3093 1534 3126 historiae
1561 3094 1826 3127 ecclesiasticae

75 3143 275 3186 cognitione
313 3145 467 3188 positum
505 3157 584 3179 esse
622 3145 896 3179 existimaverit.
960 3147 1123 3180 Ceterum
1164 3146 1349 3186 Canisius,
1392 3158 1461 3189 qua
1504 3150 1579 3180 erat
1621 3146 1826 3180 oboediendi

76 3196 360 3240 promptitudine,
387 3198 422 3231 in
448 3197 589 3238 litteris,
616 3209 704 3242 quas
722 3199 824 3232 modo
842 3198 926 3239 dixi,
952 3198 1039 3232 haec
1057 3198 1212 3232 addidit:
1244 3198 1336 3240 „Nec
1363 3211 1486 3233 recuso
1513 3202 1630 3233 tamen
1659 3200 1825 3238 laborem,
