2077 3461
232 216 341 249 XVIII
775 214 820 250 11.
848 214 1072 250 Prooemium
1100 213 1292 249 voluminis
1318 212 1446 258 quinti.

231 332 372 370 fessarii
386 332 490 368 multi
503 333 783 368 reservationem
798 334 1024 377 peccatorum
1039 331 1115 366 fere
1134 330 1377 374 neglegebant
1393 329 1476 373 (361
1498 328 1597 373 414).
1625 329 1809 375 Herbipoli
1823 329 1988 365 Canisius

231 397 263 420 a.
292 386 380 420 1567
413 386 583 428 „audivit,
614 386 676 420 vix
703 385 829 419 adesse
855 384 1041 431 Herbipoli
1068 383 1346 424 confessarium,
1373 382 1434 427 qui
1458 382 1553 416 norit
1577 382 1729 417 formam
1755 382 1990 418 absolutionis

231 438 339 483 probe
357 439 527 473 recitare“
552 438 666 482 (402).
709 437 856 480 „Clerus
873 449 939 472 nec
964 448 1050 472 suos
1074 436 1216 471 morbos
1243 447 1308 470 nec
1333 435 1407 469 ulla
1433 435 1685 480 propemodum
1712 435 1870 470 remedia
1894 435 1989 469 ferre

231 502 336 536 posse
362 491 515 527 videtur.
534 518 542 526 .
562 518 570 526 .
590 519 596 526 .
640 490 781 526 Mavult
805 490 910 536 quasi
935 491 1051 536 perire
1077 490 1239 524 funditus
1264 500 1339 523 rem
1366 488 1662 529 ecclesiasticam,
1696 491 1804 533 atque
1829 490 1870 523 ut
1894 489 1991 523 sinat

231 555 270 578 se
295 545 339 579 ad
365 544 588 580 sacerdotale
610 544 768 579 officium
787 546 823 578 et
841 544 1127 579 observationem
1147 553 1321 577 canonum
1339 541 1522 576 revocari“
1546 540 1660 586 (411).
1697 541 1844 576 Interim
1868 543 1990 576 tamen

231 607 296 632 sua
321 598 410 637 iura,
436 597 637 643 privilegia,
662 597 849 632 libertates
873 597 1052 631 mordicus
1078 596 1235 630 retinent
1263 595 1345 639 (411
1373 595 1442 630 517
1468 594 1567 634 637).

349 650 521 695 Religiosi
540 662 681 695 quoque
698 651 840 685 ordines
858 650 951 684 male
968 650 1159 684 habebant.
1186 648 1479 690 Mendicantium,
1497 659 1587 692 quos
1603 659 1786 689 vocamus,
1803 658 1990 682 numerum

231 702 336 738 valde
359 705 530 748 exiguum
548 715 627 738 esse
645 706 801 738 testatur
819 703 1020 737 Felicianus
1037 701 1248 745 Ninguarda
1265 701 1512 736 dominicanus
1540 700 1654 745 (597).
1689 700 1990 745 Archiepiscopus

230 757 462 800 moguntinus
481 756 624 792 Canisio
641 756 751 791 semel
770 759 879 800 atque
897 756 1026 790 iterum
1045 755 1148 795 dixit,
1171 754 1268 797 „fieri
1286 754 1350 788 vix
1368 765 1484 800 posse,
1501 757 1542 788 ut
1559 754 1855 788 monasteriorum
1872 756 1991 789 status

231 809 266 843 in
292 821 357 844 sua
383 810 526 854 quidem
552 810 704 844 ecclesia
722 809 817 843 ultra
835 809 1044 843 decennium
1072 808 1237 848 dura1·et;
1265 810 1339 842 tam
1358 819 1492 853 paucos
1511 808 1546 842 in
1564 807 1637 842 illis
1654 807 1844 851 religiosos
1868 818 1990 852 super-

232 873 322 903 esse,
349 865 385 897 et
411 863 552 897 eosdem
579 862 776 905 irreligiose
802 861 937 903 vivere,
963 864 1004 895 ut
1028 872 1066 895 se
1093 861 1165 895 illis
1190 861 1350 896 novitius
1374 860 1496 895 nullus
1513 860 1603 895 velit
1628 860 1844 904 adiungere⁸
1875 860 1988 904 (517).

231 914 270 949 In
298 915 514 950 Franconiae
549 915 774 949 monasteriis
808 914 1012 959 potationes
1043 914 1328 958 saltationesque
1362 913 1498 948 fiebant
1532 916 1568 948 et
1601 924 1774 959 personae
1800 915 1991 957 suspectae

231 968 486 1013 comparebant
513 968 628 1011 (417).
680 967 845 1002 Canisius
871 967 914 1002 de
949 967 1119 1002 universa
1146 967 1298 1002 ecclesia
1323 967 1531 1011 germanica
1564 966 1737 1007 scribens,
1772 968 1874 1000 notat
1897 965 1990 1000 bona

232 1021 476 1056 ecclesiastica
493 1021 538 1055 ab
558 1021 645 1065 ipsis
665 1021 774 1055 etiam
791 1020 977 1056 monachis
996 1021 1182 1066 dissipari;
1205 1021 1286 1065 „qui
1304 1022 1484 1066 praesunt,
1503 1020 1577 1054 illic
1594 1019 1751 1064 hospitia
1768 1022 1805 1054 et
1820 1019 1991 1054 tabernas

231 1073 393 1119 publicas
419 1075 541 1109 fovere
568 1074 695 1117 magis,
722 1085 827 1118 quam
854 1074 1082 1109 monasteriis
1118 1085 1285 1119 praeesse
1315 1075 1352 1108 et
1386 1073 1555 1118 prodesse
1580 1073 1788 1114 videntur“;
1824 1071 1989 1107 monachi

230 1126 345 1167 multi,
371 1126 550 1170 religiosis
575 1127 738 1162 vestibus
764 1127 925 1168 abiectis,
951 1138 1015 1172 per
1041 1126 1271 1161 Germaniam
1298 1129 1488 1171 vagantur,
1516 1128 1561 1167 et,
1589 1137 1669 1160 cum
1696 1125 1757 1160 alii
1782 1125 1989 1161 sacerdotes

230 1191 299 1213 non
325 1182 528 1224 suppetant,
555 1179 758 1225 parochiale
784 1180 942 1215 officium
968 1180 1099 1225 adepti,
1130 1179 1322 1222 „ecclesias
1348 1179 1582 1214 dedecorant“
1615 1179 1727 1223 (517).

348 1233 522 1268 Iuventus
554 1233 732 1268 catholica
765 1233 890 1268 multis
915 1233 1003 1268 locis
1029 1233 1124 1268 haud
1150 1234 1201 1267 ita
1239 1233 1346 1278 probe
1380 1232 1648 1268 instituebatur.
1698 1234 1816 1276 Atque
1840 1231 1877 1266 in
1911 1232 1990 1277 ipsa

232 1285 317 1320 urbe
344 1285 535 1322 coloniensi
563 1289 807 1331 protestantes
828 1286 972 1322 scholas
991 1287 1153 1332 privatas
1171 1286 1362 1328 habebant,
1389 1286 1519 1330 quibus
1537 1286 1582 1320 ad
1600 1297 1739 1320 errores
1757 1285 1877 1331 pueris
1895 1285 1988 1320 clam

231 1339 458 1374 instillandos
490 1340 684 1374 utebantur
711 1340 796 1382 (326
823 1340 931 1383 681);
964 1340 1095 1374 ibidem
1130 1339 1303 1374 beneficia
1334 1339 1581 1374 ecclesiastica
1615 1338 1878 1384 professoribus
1913 1338 1989 1372 uni-

233 1392 416 1427 versitatis
442 1393 687 1428 sustentandis
713 1393 894 1428 destinata
918 1392 1012 1427 haud
1039 1404 1120 1427 raro
1144 1393 1179 1426 in
1205 1393 1368 1427 homines
1392 1392 1680 1433 conferebantur,
1707 1391 1767 1436 qui
1786 1392 1912 1426 docere
1929 1390 1989 1425 vel

230 1446 426 1490 nequibant
443 1446 500 1480 vel
519 1446 688 1480 nolebant
707 1445 821 1489 (682).
858 1446 895 1480 ln
914 1446 1152 1480 universitate
1171 1445 1445 1490 ingolstadiensi
1469 1445 1562 1480 satis
1583 1445 1773 1488 „confusa⁴‘
1794 1447 1872 1479 erat
1897 1445 1989 1479 ratio

231 1499 378 1533 docendi
404 1499 641 1544 studendique
671 1500 754 1542 (715
782 1500 879 1543 723).

354 1552 520 1594 „Nutat“,
546 1553 661 1597 inquit
679 1552 856 1594 Canisius.
885 1552 1085 1587 catholicus
1114 1551 1287 1597 „populus
1310 1551 1542 1586 vehementer
1565 1551 1602 1585 in
1629 1551 1699 1586 fide
1725 1562 1927 1595 magnaque
1952 1551 1989 1585 vi

231 1616 404 1650 praeceps
429 1606 544 1640 fertur
570 1606 613 1640 ad
641 1617 719 1640 eam
737 1606 959 1650 religionem,
985 1617 1077 1650 quae
1095 1605 1257 1650 specioso
1283 1605 1463 1639 libertatis
1489 1607 1526 1638 et
1543 1604 1733 1648 Evangelii
1750 1603 1857 1639 titulo
1875 1604 1990 1639 doctis

233 1658 341 1692 etiam
368 1661 404 1692 et
429 1658 616 1693 catholicis
643 1659 851 1703 frequenter
876 1659 1046 1704 imponit“
1079 1658 1192 1702 (411).

350 1711 381 1746 2.
409 1713 579 1746 Attamen
605 1712 798 1746 faustiores
822 1712 898 1747 dies
924 1713 994 1746 iam
1021 1711 1290 1746 illucescebant.
1328 1710 1445 1745 Multa
1462 1710 1529 1745 hoc
1546 1710 1714 1745 volumen
1740 1709 1849 1745 habet
1867 1721 1986 1744 monu—

231 1766 351 1798 menta
377 1766 764 1799 restaurationis
793 1765 1080 1799 catholicae.
1131 1766 1248 1808 Agam
1274 1764 1428 1809 primum
1457 1764 1500 1798 de
1534 1763 1688 1798 factis
1713 1763 1987 1798 eventibus-

232 1829 318 1862 que
344 1818 492 1862 aliquot,
519 1830 564 1852 ex
582 1819 712 1862 quibus
738 1819 781 1853 ad
801 1818 996 1852 catholicos
1015 1829 1206 1862 germanos
1224 1829 1356 1862 magna
1373 1817 1613 1851 emolumenta
1640 1818 1833 1857 venerunt;
1861 1817 1988 1851 deinde

231 1871 274 1906 de
300 1871 591 1913 hominibus,
618 1872 678 1915 qui
703 1871 802 1905 hisce
829 1872 932 1906 annis
959 1872 1002 1906 de
1028 1871 1191 1905 ecclesiis
1218 1870 1431 1905 Germaniae
1457 1871 1547 1905 bene
1571 1870 1689 1904 meriti
1715 1874 1812 1905 sunt.

350 1926 385 1963 a)
415 1924 588 1965 canisius,
616 1936 696 1959 cum
723 1928 862 1959 aestate
889 1925 971 1958 anni
992 1925 1082 1959 1565
1101 1924 1251 1958 Romam
1272 1925 1445 1965 venisset,
1470 1923 1574 1957 Pium
1592 1923 1654 1958 lV.
1680 1923 1884 1968 pontificem
1909 1922 1989 1957 reli-

231 1978 348 2021 gionis
372 1978 408 2012 in
427 1977 620 2013 Germania
646 1978 900 2011 instaurandae
918 1977 1023 2012 valde
1041 1978 1241 2012 studiosum
1261 1980 1431 2022 expertus
1449 1979 1516 2011 est.
1554 1977 1668 2010 Roma
1694 1977 1748 2010 17.
1767 1975 1989 2021 Septembris

234 2032 324 2066 1565
356 2031 527 2065 cardinali
556 2031 664 2065 Hosio
697 2031 861 2076 episcopo
896 2031 1091 2065 varmiensi
1117 2030 1281 2075 scripsit:
1321 2030 1433 2073 ,Illud
1468 2030 1503 2064 in
1539 2030 1705 2074 pontifice
1736 2030 1892 2063 maximo
1918 2040 1987 2063 non

231 2084 329 2129 potui
364 2096 433 2118 non
459 2084 644 2125 admirari,
682 2084 775 2128 quod
802 2084 981 2127 ingratam
1018 2086 1054 2117 et
1079 2095 1209 2126 magna
1244 2095 1289 2117 ex
1325 2086 1427 2128 parte
1462 2082 1631 2117 rebellem
1658 2082 1888 2117 Germaniam
1912 2085 1987 2117 tam

231 2138 395 2181 benignis
430 2137 543 2172 oculis
577 2141 722 2181 tamque
757 2140 906 2182 paterno
940 2148 1082 2181 semper
1117 2138 1248 2170 affectu
1282 2140 1532 2182 prosequatur.
1582 2135 1707 2170 Multis
1746 2136 1833 2170 mihi
1868 2136 1989 2171 verbis

231 2191 432 2226 declaravit
448 2191 630 2234 ingentem
650 2202 719 2234 qua
738 2194 918 2224 nostrates
937 2189 1197 2234 complectitur,
1222 2189 1520 2231 benevolentiam,
1539 2201 1672 2230 curam,
1690 2189 1987 2224 sollicitudinem:

231 2244 372 2289 quaerit
396 2244 564 2284 remedia,
591 2246 708 2278 tentat
733 2243 850 2277 media
876 2243 987 2283 varia,
1015 2243 1144 2287 quibus
1171 2243 1379 2277 consulatur
1404 2242 1563 2287 inclytae
1588 2242 1747 2277 nationi“
1779 2242 1870 2286 (96).
1912 2241 1988 2276 Hoc

231 2309 351 2333 amore
377 2299 495 2332 motus
521 2297 681 2342 pontifex
709 2296 814 2342 paulo
840 2300 921 2341 post
947 2296 1134 2331 concilium
1161 2296 1394 2330 tridentinum
1420 2295 1623 2330 absolutum
1658 2298 1694 2330 et
1727 2295 1772 2330 ab
1805 2296 1882 2340 ipso
1907 2306 1987 2329 con—

230 2351 413 2386 firmatum
448 2351 492 2385 ad
528 2351 713 2395 episcopos
748 2351 998 2395 principesque
1026 2349 1238 2384 Germaniae
1274 2349 1413 2383 concilii
1449 2350 1594 2383 decreta
1629 2360 1700 2383 una
1734 2360 1814 2383 cum
1844 2347 1986 2389 litteris,

232 2405 362 2449 quibus
387 2415 447 2438 eos
473 2404 517 2438 ad
544 2403 685 2437 illorum
711 2404 956 2437 executionem
986 2403 1148 2446 urgebat,
1176 2402 1432 2436 destinaverat.
1472 2402 1539 2436 Sed
1558 2402 1646 2436 haec
1672 2414 1735 2447 per
1760 2402 1854 2436 viam
1881 2401 1988 2435 inter-

232 2462 336 2503 cepta
359 2460 470 2499 erant,
505 2468 620 2501 neque
646 2457 700 2497 iis,
736 2457 865 2501 quibus
891 2456 1072 2490 destinata
1104 2459 1216 2493 erant,
1248 2456 1341 2490 tradi
1376 2458 1568 2500 potuerant
1604 2455 1841 2499 (149—152);
1877 2466 1987 2498 quare

232 2511 394 2556 pontifex
421 2510 562 2545 litteras
589 2510 716 2544 iterum
744 2510 851 2544 scribi
878 2510 985 2544 iussit
1011 2512 1045 2543 et
1073 2509 1215 2543 Canisio
1241 2509 1438 2550 mandavit,
1472 2511 1512 2543 ut
1538 2519 1599 2542 eas
1625 2508 1701 2553 ipse
1725 2519 1798 2542 una
1823 2519 1902 2541 cum
1930 2508 1986 2541 de-

232 2567 407 2598 cretorum
435 2564 709 2598 tridentinorum
738 2562 912 2608 exemplis
939 2562 1156 2596 authenticis
1181 2573 1301 2596 secum
1330 2563 1364 2595 in
1393 2562 1621 2596 Germaniam
1648 2563 1821 2606 perferret
1848 2563 1884 2594 et
1910 2573 1986 2606 pro-

232 2617 372 2651 ceribus
391 2617 535 2650 afi'erret
565 2616 682 2659 (150);
710 2616 886 2650 occultam
906 2618 1025 2649 tamen
1045 2615 1136 2649 hanc
1163 2615 1293 2658 legat
1308 2615 1458 2648 ionem
1477 2615 1564 2649 Pius
1590 2626 1668 2649 esse
1687 2613 1848 2649 volebat:
1876 2625 1987 2658 quare

232 2670 265 2704 S.
295 2671 506 2704 Franciscus
539 2670 689 2712 Borgias
724 2669 916 2704 Societatis
951 2669 1176 2714 praepositus
1213 2668 1391 2711 generalis
1418 2668 1611 2709 Canisium,
1646 2668 1705 2711 qui
1740 2667 1809 2700 iam
1835 2667 1916 2701 inde
1942 2668 1986 2702 ab

232 2734 263 2757 a.
294 2725 381 2757 155ss
410 2723 602 2757 Societatis
630 2735 691 2767 per
719 2722 947 2756 Germaniam
983 2722 1202 2766 superiorem
1234 2724 1309 2755 erat
1345 2722 1570 2766 praepositus
1604 2719 1845 2765 provincialis,
1880 2721 1986 2754 simul

232 2775 436 2820 provinciae
464 2776 641 2810 rhenanae
669 2775 891 2810 visitatorem
919 2775 1136 2814 nominavit;
1173 2775 1264 2818 quod
1293 2782 1411 2807 tamen
1438 2785 1567 2808 munus
1593 2785 1672 2808 eum
1698 2775 1839 2807 tantum
1865 2773 1987 2808 Socios

232 2828 446 2863 consolando
473 2832 507 2862 et
534 2829 576 2862 ad
604 2829 773 2873 pietatem
802 2828 990 2863 excitando
1018 2839 1185 2861 exercere
1212 2827 1316 2861 iussit
1344 2827 1457 2870 (103).
1508 2826 1672 2860 Canisius
1698 2826 1808 2869 igitur
1833 2830 1987 2860 exeunte

232 2893 263 2915 a.
287 2882 374 2915 1565
399 2893 461 2925 per
480 2881 655 2922 Suebiam,
682 2882 926 2921 Franconimn,
954 2880 1132 2920 Hassiam,
1160 2880 1273 2913 Rheni
1292 2879 1471 2913 inferioris
1489 2879 1652 2922 regiones
1670 2879 1705 2912 in
1723 2878 1986 2923 westphaliam

233 2945 344 2977 usque
380 2934 561 2978 profectus
592 2938 647 2968 est
675 2935 906 2977 (6353—691).
942 2945 1021 2968 cum
1058 2933 1138 2967 aliis
1173 2944 1302 2972 coram.
1339 2944 1418 2966 cum
1454 2932 1534 2966 aliis
1569 2944 1631 2977 per
1663 2931 1802 2966 litteras
1837 2932 1984 2975 agendo.

237 2986 504 3028 ,Conciliavit“‚
532 2990 568 3020 ut
596 2986 671 3031 ipsc
697 2988 844 3021 Romam
871 2987 1020 3028 rettulit,
1043 2985 1279 3031 „apostolicae
1304 2986 1379 3019 sedi
1398 2986 1534 3019 animos
1552 2984 1802 3030 praelatorum,
1828 2996 1985 3028 praeser-

231 3041 296 3073 tim
326 3039 473 3073 duorum
510 3039 858 3084 archiepiscoporum
886 3040 1085 3083 moguntini
1121 3042 1156 3072 et
1191 3039 1402 3073 trevirensis
1438 3050 1572 3072 necnon
1600 3039 1844 3082 episcoporum
1871 3037 1985 3071 herbi-

232 3092 388 3137 polensis
415 3095 450 3126 et
475 3092 753 3135 osnaburgensis
774 3120 780 3126 .
801 3120 807 3127 .
829 3121 835 3127 .
877 3092 1148 3127 Commendavit
1175 3092 1246 3126 illis
1271 3091 1545 3136 publicationem
1573 3093 1607 3124 et
1634 3090 1880 3124 executionem
1906 3101 1984 3124 con-

232 3145 303 3179 cilii
338 3145 540 3185 tridentini;
576 3146 760 3190 proposuit
794 3146 961 3186 consilia,
997 3157 1088 3190 quae
1123 3146 1165 3179 ad
1206 3145 1418 3179 catholicam
1458 3145 1665 3187 religionem
1705 3143 1984 3177 conservandam

232 3201 268 3232 et
293 3199 569 3243 pronwvendam
606 3210 671 3232 non
710 3210 833 3243 parum
870 3199 1048 3233 habebant
1083 3199 1270 3233 momenti“
1313 3198 1425 3240 (181).
1477 3197 1631 3239 Quorum
1667 3196 1894 3231 consiliorum
1921 3196 1986 3230 hoc
