2077 3461
248 184 329 224 124
480 180 583 216 1256.
610 180 759 213 loannes
785 179 828 213 de
855 178 1009 213 Polanco
1036 178 1189 213 Canisio.
1240 177 1353 211 Roma
1380 177 1411 212 3.
1429 177 1642 211 Novembris
1671 177 1772 211 1565.

243 298 406 343 collegijs
440 297 604 332 omnibus
639 296 714 331 suis
747 296 906 331 numeris
940 295 1168 331 absoluendis
1195 297 1230 329 et
1256 295 1461 329 ordinandis
1487 306 1528 329 ac
1554 295 1740 336 ornandis,
1776 294 1902 329 annuis
1929 294 2005 328 suis

243 352 441 386 redditibus
471 350 631 394 (tametsi
657 362 720 395 per
746 350 1020 391 conuentiones,
1056 361 1120 383 seu
1146 349 1420 383 constitutiones
1446 348 1586 392 aliquas
1613 347 1769 393 Capituli
1794 347 2004 391 moguntini,

242 408 325 439 ante
352 416 415 439 seu
441 405 523 448 post
549 403 761 438 electionem
788 402 947 437 eiusdem
973 401 1243 447 archiepiscopi,
1271 404 1332 435 aut
1357 402 1483 445 quouis
1509 401 1579 435 alio
1598 403 1764 446 'tempore
1782 401 1908 441 factas,
1936 400 2004 434 sibi

243 459 398 493 fortasse
433 457 476 491 de
510 456 583 491 illis
608 468 676 490 non
704 456 772 490 nisi
800 456 835 489 in
863 457 980 490 certos
1005 466 1094 488 vsus
1121 455 1308 499 disponere
1332 454 1455 498 liceat)
1484 454 1720 499 parcendun1“
1751 466 1848 495 esse,
1884 455 2005 487 monet

242 511 390 555 eiusque
415 510 467 544 rei
494 510 612 553 gratia
638 509 945 553 archiepiscopum
979 508 1125 549 „eximit
1151 510 1186 541 et
1204 507 1352 542 liberat“
1375 508 1418 542 ab
1437 508 1600 541 omnibus
1617 507 1691 541 illis
1713 507 2002 549 ,‚conditionibus‚

243 563 579 599 constitutionibus“
611 565 690 605 etc.,
722 563 849 605 „etiam
867 573 930 606 per
948 563 1187 595 iuramentum
1205 561 1422 601 roboratis“;
1449 561 1504 595 sin
1522 563 1642 595 autem
1661 561 1785 602 eidem,
1812 563 2003 604 antequam

243 617 396 661 collegia
421 616 618 651 absolverit
644 618 680 650 et
706 615 903 656 dotaverit,
931 615 1007 648 vita
1033 614 1227 648 cedendum
1255 614 1341 655 erit,
1377 614 1565 658 pecuniam
1591 615 1626 647 et
1651 613 1807 657 reliqua,
1843 625 1934 657 quae
1961 613 2005 646 ad

243 683 284 704 ea
320 669 538 704 absolvenda
572 668 776 703 necessaria
811 671 935 709 erunt,
970 668 1015 701 iis
1049 667 1269 711 relinquere,
1305 679 1419 711 neque
1455 668 1643 711 quisquam
1679 667 1715 700 in
1753 668 1934 711 posterum
1960 666 2004 699 ab

243 724 370 757 iisdem
396 723 468 757 illis
494 723 632 756 duobus
659 721 820 765 collegiis
845 721 937 755 bona
963 720 1024 754 illa
1050 721 1191 754 auferre
1216 720 1349 765 poterit
1377 720 1414 764 (l.
1443 732 1471 754 c.
1499 721 1523 754 f.
1551 720 1645 763 377).

363 777 539 810 Polcmeccs
565 777 684 809 autem
711 774 781 808 iam
803 774 857 808 14.
878 773 1043 808 Octobris
1064 774 1153 807 1565
1181 773 1332 817 Borgiae
1357 773 1529 807 mandatu
1554 773 1668 806 Roma
1693 773 1737 806 ad
1756 772 1794 807 P.
1814 771 2006 806 Antonium

243 829 381 870 Vinck,
417 828 623 874 provinciae
658 827 839 861 rhenanae
866 826 899 861 S.
928 827 961 861 J.
988 827 1250 871 praepositum,
1286 826 1528 871 *scripseratz
1563 826 1612 868 „11
1646 825 1886 870 motoproprio
1917 824 2007 870 peril

244 882 556 916 Reuerendissimo
592 881 741 914 elettore
778 880 813 914 di
840 880 1029 923 Moguntia
1065 882 1193 923 questa
1227 880 1422 913 settimana
1457 891 1627 924 pensamo
1661 890 1743 913 sara
1777 878 1936 923 spedito,
1971 880 2008 912 et

244 936 335 970 fatte
369 935 402 969 le
429 934 548 976 Bolle,
584 936 619 968 et
654 935 887 978 quantunque
921 933 945 966 il
971 933 1071 978 Papa
1096 933 1143 966 ha
1169 933 1260 967 fatto
1286 934 1401 977 gratis
1428 933 1510 977 quel
1536 933 1601 967 che
1626 932 1650 966 li
1677 934 1844 974 toccaua,
1877 931 2007 976 perche

243 989 267 1022 11
295 988 438 1023 officiali
464 987 639 1021 uoleuano
666 987 745 1022 600.
767 987 897 1027 ducati,
925 986 955 1020 si
982 989 1000 1020 e
1026 988 1226 1031 procurato,
1253 986 1345 1020 uada
1371 998 1434 1031 per
1460 986 1519 1020 uia
1544 988 1694 1027 secreta,
1721 985 1786 1019 che
1804 997 1848 1019 no
1867 986 2008 1019 costara

244 1041 303 1086 piu
330 1041 372 1075 de
399 1042 501 1074 cento
527 1040 639 1081 scudi,
666 1052 685 1073 o
704 1039 844 1080 Ducati,
872 1039 970 1083 quali
995 1039 1026 1073 si
1053 1039 1168 1073 danno
1196 1041 1216 1073 a
1242 1039 1351 1083 quelli
1377 1039 1442 1073 che
1469 1039 1610 1073 l’hanno
1637 1038 1828 1081 negotiato,
1855 1040 1891 1071 et
1909 1049 2008 1071 come

246 1094 397 1135 intendo,
425 1106 488 1138 per
514 1093 636 1127 ordine
663 1093 697 1126 di
724 1093 766 1127 V.
794 1092 856 1126 Rf‘
899 1092 1018 1136 Atque
1046 1092 1138 1126 idem
1164 1093 1341 1126 Polancns
1367 1092 1524 1126 eiusdem
1553 1092 1704 1135 Borgiae
1729 1091 1870 1125 nomine
1895 1091 2009 1124 Roma

245 1148 275 1182 3.
312 1146 526 1181 Novembris
554 1147 644 1181 1565
680 1146 719 1180 P.
747 1146 870 1180 loanni
906 1145 1036 1190 Dyrsio
1072 1145 1107 1179 S.
1135 1145 1168 1179 J.
1205 1146 1335 1180 rectori
1374 1145 1516 1188 collegii
1554 1145 1782 1190 oenipontani
1816 1143 2008 1188 *scripsitz

248 1200 462 1241 „Mittuntur
496 1199 555 1233 hic
581 1200 724 1233 litterae
751 1199 927 1243 quaedam
955 1199 998 1233 ad
1025 1199 1171 1233 Patrem
1199 1199 1380 1232 Canisium
1409 1211 1487 1232 cum
1515 1198 1727 1242 quibusdam
1755 1197 2008 1242 diplomatibus

245 1254 380 1287 Summi
406 1253 592 1287 Pontificis
627 1264 697 1286 non
724 1253 826 1297 parui
852 1252 1042 1293 momenti,
1080 1253 1114 1286 in
1140 1252 1303 1286 fauorem
1330 1251 1471 1297 collegij
1500 1251 1713 1294 Maguntini.
1764 1251 1805 1285 R.
1832 1250 1901 1284 V.²³
1927 1261 2006 1284 cum

243 1307 359 1351 prima
393 1318 473 1341 sese
509 1306 743 1341 commoditas
778 1305 967 1347 obtulerit,
1004 1305 1123 1339 mittat
1149 1307 1353 1349 Augustam
1380 1317 1512 1349 quaeso
1524 1305 1548 1339 ¹³.
1576 1305 1607 1339 si
1633 1305 1726 1338 enim
1752 1304 1904 1338 ulterius
1930 1314 2007 1348 pro-

244 1371 392 1402 gressus
428 1359 538 1394 fuerit
563 1360 601 1394 P.
629 1358 884 1399 Prouincialis,
920 1359 960 1393 P.
987 1358 1230 1392 Theodericus
1266 1358 1379 1403 ipsius
1411 1359 1524 1392 frater
1549 1358 1773 1402 Maguntiam
1799 1357 1937 1397 mittet,
1973 1359 2010 1390 et

244 1414 273 1447 si
309 1413 414 1447 latori
449 1413 584 1457 aliquid
620 1413 778 1446 solutum
813 1413 942 1456 fuerit,
978 1423 1190 1456 recuperare
1224 1412 1357 1456 poterit
1382 1412 1422 1445 R.
1451 1411 1493 1446 V.
1530 1423 1549 1445 a
1575 1411 1788 1454 Maguntino
1815 1409 2004 1453 Collegio.“

248 1466 319 1509 (Ex
345 1466 562 1511 apographis
588 1466 700 1500 eiusd.
728 1465 804 1499 fere
830 1468 959 1509 temp.;
991 1466 1130 1507 „Gern].
1157 1466 1221 1499 65“
1252 1466 1277 1499 f.
1297 1465 1489 1507 24b‘3211.)
1536 1465 1668 1498 Eadem
1696 1464 1890 1509 diplomata
1916 1474 2008 1497 com-

244 1522 488 1554 memorantur
522 1519 629 1553 etiam
656 1519 692 1552 in
718 1520 914 1553 *Historia
941 1518 1083 1562 collegii
1110 1518 1309 1562 moguntini
1336 1519 1369 1553 S.
1399 1519 1451 1559 J.,
1487 1518 1553 1552 sub
1580 1519 1717 1551 exitum
1742 1517 1876 1551 saeculi
1902 1515 2008 1556 XVI„

245 1576 285 1607 ut
310 1573 462 1615 videtur,
497 1573 651 1617 scripta,
685 1572 746 1606 ubi
773 1572 815 1606 de
842 1571 992 1605 Daniele
1019 1572 1172 1606 Brendel
1199 1571 1466 1616 archiepiscopo
1493 1573 1529 1605 et
1554 1571 1713 1616 principe
1740 1571 1894 1605 electore
1920 1569 2009 1603 haec

244 1626 468 1661 referuntur:
500 1626 794 1671 „Supplicauerat
820 1625 1091 1660 Illustrissimus
1118 1625 1291 1670 Princeps
1309 1625 1544 1668 Moguutinus
1563 1625 1694 1659 Pontis.
1714 1623 1873 1658 Maximo
1891 1623 1954 1658 Pio
1971 1622 2009 1656 4⁰

244 1680 288 1713 ab
321 1680 464 1713 ineunte
491 1691 582 1713 anno
611 1680 721 1720 1564,
758 1681 799 1712 vt
823 1679 860 1712 in
885 1679 1102 1712 dotationem
1132 1678 1281 1723 Collegij
1310 1678 1501 1713 Societatis
1526 1676 1864 1721 Moguntinae⁰[‘?],
1900 1678 2008 1720 atque

245 1733 395 1767 alterius
430 1732 590 1776 erigendi
616 1732 822 1773 Erfordiae,
859 1733 895 1765 et
920 1732 1108 1777 Seminarij
1144 1733 1247 1766 iuxta
1273 1732 1367 1766 Trid.
1397 1731 1545 1776 Concilij
1581 1732 1760 1765 decretum
1797 1728 2008 1764 instituendi

248 1786 291 1820 de
317 1785 516 1820 redditibus
543 1787 579 1818 et
604 1785 782 1820 fructibus
808 1785 864 1819 sui
891 1785 1231 1830 Archiepiscopatus
1257 1785 1348 1819 citra
1374 1785 1576 1828 Moguntini
1604 1784 1759 1829 Capit-uli
1786 1793 2009 1822 consensum,

245 1838 446 1883 expendere
472 1840 595 1883 posset
620 1838 860 1882 quadraginta
885 1840 946 1872 aut
974 1838 1235 1882 quinquaginta
1261 1838 1386 1872 miliad
1412 1839 1636 1872 florenorum.
1673 1837 1725 1871 De
1744 1836 1810 1870 hac
1836 1847 1873 1869 re
1899 1835 2009 1878 igitur

246 1890 414 1925 Summus
448 1891 617 1925 Pontifex
652 1903 715 1936 per
750 1891 790 1926 P.
817 1891 965 1925 Petrum
1001 1891 1183 1926 Canisium
1218 1891 1367 1925 missum
1403 1891 1447 1925 ad
1482 1890 1835 1925 Reuerendissimum
1868 1888 2010 1922 litteras

247 1945 319 1985 dat,
346 1944 629 1988 facultatemque
655 1945 805 1989 petitam
833 1944 1025 1978 concedit.“
1075 1944 1130 1988 (ln
1156 1956 1187 1978 a.
1218 1944 1318 1979 1565.
1359 1944 1440 1978 Cod.
1473 1944 1552 1986 „N.0
1582 1944 1645 1978 111
1673 1943 1834 1977 Historia
1860 1940 2009 1984 Collegii

247 1996 438 2032 Societatis
456 1997 537 2031 lesu
555 1997 768 2040 Moguntini‚
795 1997 838 2031 ab
857 1998 898 2031 A.
917 1998 1004 2031 1561
1025 2009 1138 2041 usque
1160 1998 1280 2032 1592.“
1320 1998 1538 2041 Moguntiae,
1556 1997 1592 2031 in
1610 1996 1826 2031 bibliotheca
1843 1994 2009 2035 urbana.)

367 2050 466 2092 Quod
501 2050 545 2084 ad
581 2050 721 2094 collegii
756 2050 956 2094 moguntini
992 2051 1210 2084 dotationem
1246 2051 1395 2091 attinet,
1430 2051 1470 2084 P.
1498 2051 1708 2084 Lambertus
1734 2051 1834 2083 Auer
1869 2047 2011 2090 collegii

248 2104 407 2138 eiusdem
441 2105 559 2137 rector
594 2104 629 2137 in
665 2103 865 2137 *relatione
901 2104 1074 2147 quadam,
1114 2115 1220 2148 quam
1256 2104 1322 2138 sub
1357 2115 1388 2138 a.
1418 2104 1508 2138 1566
1542 2103 1578 2137 111
1604 2115 1708 2137 11311111
1735 2102 1774 2137 P.
1801 2100 2010 2145 Hieronymi

248 2156 389 2190 Natalis
424 2157 615 2201 scripsisse
649 2156 810 2190 videtur:
846 2156 1150 2202 Archiepiscopus
1187 2157 1414 2199 „hactenus“,
1450 2157 1567 2201 inquit
1595 2167 1747 2201 „paucos
1772 2155 1914 2195 habuit,
1950 2154 2011 2197 qui

246 2210 336 2244 haec
361 2210 475 2254 ipsius
502 2210 651 2244 consilia
677 2209 838 2254 probent,
874 2210 959 2254 quin
986 2210 1147 2254 plerique
1175 2210 1410 2251 obstiterunt,
1446 2212 1619 2254 quantum
1646 2209 1680 2243 in
1707 2208 1795 2254 ipsis
1822 2208 1917 2242 erat⁴⁴
1951 2207 2011 2249 (ex

248 2266 407 2305 autogr.;
448 2263 550 2305 „Ass.
579 2262 697 2297 Germ.
726 2262 837 2296 Fund.
866 2263 899 2295 Γ*
930 2263 955 2297 f.
975 2263 1087 2305 34912).
1132 2263 1228 2297 Idem
1257 2266 1356 2297 Auer
1381 2262 1562 2306 *Borgiae
1589 2262 1775 2306 Moguntia
1801 2261 1832 2295 3.
1853 2260 2010 2305 Septem—

248 2316 321 2350 bris
351 2316 459 2350 1567:
501 2316 613 2359 „Sane
648 2316 772 2359 grauis
806 2317 862 2349 est
894 2315 1018 2349 multis
1053 2318 1222 2360 aspectus
1248 2319 1469 2358 nostrorum,
1504 2316 1659 2350 maxime
1686 2315 1745 2359 qui
1772 2313 2012 2348 dissolutioris

248 2372 332 2402 sunt
366 2369 482 2409 uitae,
521 2371 557 2403 et
595 2369 717 2414 plures
751 2368 917 2402 dicuntur
951 2368 1051 2402 nobis
1088 2381 1132 2402 ex
1168 2369 1282 2410 clero,
1318 2381 1424 2413 quam
1461 2381 1505 2403 ex
1532 2369 1685 2414 politicis
1712 2366 1916 2411 aduersarj“
1949 2366 2010 2409 (ex

251 2424 409 2465 autog1·.;
442 2422 504 2463 „G.
532 2422 596 2466 Ep.
622 2422 728 2456 VIII⁴⁴
759 2422 783 2456 f.
811 2422 924 2465 319³).

367 2475 406 2508 In
426 2475 572 2509 Polanci
597 2475 731 2509 litteris
748 2475 906 2509 notanda
932 2477 1015 2509 sunt
1034 2475 1142 2509 etiam
1170 2487 1261 2519 quae
1288 2476 1330 2509 de
1349 2476 1382 2509 S.
1402 2475 1534 2519 Ignatii
1554 2474 1766 2509 Antiocheni
1793 2472 1948 2518 episcopi
1975 2475 2012 2506 et

250 2529 421 2572 martyris
459 2528 623 2573 epistulis
665 2528 805 2571 graecis
844 2528 1020 2562 dicuntur.
1080 2527 1132 2562 De
1174 2528 1299 2562 iisdem
1338 2528 1376 2563 P.
1422 2530 1659 2562 Theodoricus
1703 2528 1869 2561 Canisins
1906 2525 1939 2558 S.
1977 2526 2009 2558 J.

250 2581 396 2624 Dilinga
430 2582 487 2616 29.
513 2581 728 2615 Novembris
757 2581 846 2616 1565
884 2581 916 2615 S.
944 2581 1135 2615 Francisco
1162 2582 1315 2624 Borgiae
1352 2581 1543 2625 *scripsitz
1575 2579 1776 2625 „Epistolae
1802 2579 1844 2612 D.
1871 2577 2009 2622 Jgnatij

251 2646 414 2677 graecae,
441 2645 591 2678 quarum
617 2634 652 2668 in
678 2634 793 2668 literis
821 2634 865 2668 ad
891 2634 932 2668 P.
952 2633 1133 2668 Canisium
1161 2634 1317 2679 scriptis,
1344 2635 1476 2668 mentio
1502 2634 1552 2674 fit,
1579 2645 1600 2667 a
1627 2633 1778 2677 quodam
1804 2631 1880 2665 viro
1907 2631 2011 2665 docto

252 2690 453 2729 Augustam
479 2687 611 2721 missae
636 2688 790 2728 fuerant,
817 2689 858 2721 vt
875 2687 1023 2721 Romani
1047 2687 1302 2732 perferrentur,
1329 2689 1364 2721 et
1381 2687 1511 2721 ibidem
1530 2698 1549 2720 a
1567 2686 1709 2726 nostris,
1735 2685 1766 2719 si
1783 2684 1861 2718 fieri
1879 2686 2009 2728 posset,

252 2750 331 2772 cum
357 2741 524 2773 vaticano
551 2740 745 2784 exemplari
773 2740 1040 2774 conferrentur“
1072 2739 1133 2783 (ex
1159 2742 1297 2784 autogr.
1329 2739 1390 2781 „G.
1409 2739 1473 2784 Ep.
1492 2739 1574 2773 V1.“
1603 2739 1627 2772 f.
1653 2737 1741 2781 85³).
1787 2737 1903 2771 Verae
1929 2736 2012 2769 illae

253 2795 390 2835 septem
410 2792 443 2827 S.
464 2793 592 2836 Ignatii
620 2792 795 2838 epistulae
820 2792 881 2826 illo
906 2794 1066 2837 tempore
1091 2793 1247 2826 nondum
1272 2796 1377 2826 notae
1395 2793 1508 2826 fuisse
1527 2792 1703 2825 videntur.
1739 2790 1875 2834 Corpus
1893 2792 2010 2823 autem

254 2855 464 2887 graecarum
491 2845 725 2890 epistularum
743 2845 875 2888 Ignatii
901 2846 1042 2879 nomine
1068 2845 1334 2890 inscriptarum,
1360 2846 1396 2879 in
1423 2856 1490 2889 quo
1517 2845 1537 2878 5
1564 2844 1737 2888 epistulae
1764 2843 1904 2876 omnino
1930 2854 2011 2886 sup-

253 2897 409 2941 positae,
436 2897 596 2941 reliquae
623 2899 642 2932 7
669 2898 906 2943 interpolatae
932 2901 1034 2939 sunt,
1061 2910 1152 2932 anno
1181 2899 1270 2932 1557
1298 2898 1464 2941 Dilingae
1489 2909 1552 2942 per
1577 2896 1807 2930 Valentinum
1832 2895 2011 2929 Pacaeum

257 2949 365 2990 (Fi-id,
392 2950 574 2993 Hartung)
613 2951 767 2995 primum
803 2950 942 2994 (deerat
967 2954 1087 2985 tamen
1113 2963 1183 2985 nna
1209 2951 1379 2996 epistula)
1416 2951 1513 2995 typis
1538 2949 1758 2993 exscriptum
1785 2951 1848 2982 est.
1901 2947 2012 2988 Quem

253 3002 383 3036 librum
410 3005 554 3036 secutae
581 3006 665 3037 sunt
691 3004 866 3037 editiones
892 3004 1042 3038 Parisiis
1068 3015 1098 3038 a.
1129 3005 1218 3039 1558
1245 3006 1280 3038 et
1308 3004 1397 3038 1562
1424 3015 1445 3037 a
1471 3002 1564 3037 Guil.
1590 3002 1739 3036 Morello
1769 3001 1947 3045 (Morelio)
1977 3003 2011 3034 et

372 3084 399 3113 a)
422 3083 457 3107 Ιη
477 3091 523 3114 (Q).
538 3084 670 3114 sequitm·
685 3090 817 3116 quaeso;
837 3084 920 3115 qnod,
941 3084 1041 3108 addito
1055 3085 1147 3108 altero
1163 3090 1274 3116 quaeso
1290 3089 1326 3113 (r.
1343 3084 1409 3108 tuln.
1425 3085 1462 3113 b).
1482 3083 1706 3108 oblittermzrhmz
1721 3084 1829 3114 fuerat.
1901 3082 1931 3112 b)
1952 3083 2012 3106 Hoc

254 3133 278 3149 r.
299 3132 391 3156 snpra
413 3132 525 3149 versum
544 3125 685 3156 scriptum.
705 3128 764 3154 est;
782 3128 944 3156 sequuntur
964 3133 1004 3150 rr.
1021 3124 1070 3157 qui
1091 3125 1116 3150 si
1136 3124 1206 3150 inde
1225 3125 1397 3156 recesserit,
1418 3133 1434 3149 α
1455 3125 1520 3149 libr.
1542 3125 1630 3149 oblitt.
1709 3126 1734 3158 e)
1759 3125 1822 3155 Sic,·
1840 3124 1889 3149 sed
1911 3124 2009 3147 malim

253 3168 345 3197 emere
365 3164 544 3197 Moguntini.
618 3164 646 3195 d)
668 3165 782 3190 milium
803 3166 868 3190 Coa.
