2045 3471
864 756 980 799 VIII.

505 839 832 897 MONUMEN
837 840 928 896 TA
966 839 1346 896 CANISIANA.

898 945 948 989 A.

293 1030 746 1074 MONUMENTA
780 1028 1224 1073 AUGUSTANA
1258 1026 1554 1070 CANISII.

217 1131 259 1185 a)
303 1129 492 1173 Labores
527 1129 643 1172 sacri
676 1127 873 1184 (praeter
906 1128 1127 1172 contiones
1161 1127 1204 1170 et
1236 1139 1310 1170 res
1343 1124 1632 1182 comitiorum)

693 1206 743 1237 ac
775 1206 848 1236 res
881 1193 1158 1236 domesticae.

46 1287 153 1325 626
180 1288 258 1323 sive
285 1296 407 1332 aug.
435 1286 492 1332 (a
513 1286 579 1332 1).
654 1285 709 1322 25.
735 1285 877 1332 Aprilis
904 1284 1007 1321 1565.

164 1358 220 1393 Ex
246 1357 453 1402 archetypo,
481 1357 525 1391 ab
552 1358 630 1401 ipsa
648 1357 815 1400 Fuggera
841 1355 1055 1400 subscripto.
1090 1355 1173 1389 God.
1198 1354 1300 1397 „EN“
1322 1366 1355 1389 n.
1376 1355 1431 1389 99.
1467 1354 1584 1388 Etiam
1606 1352 1668 1397 (ex
1686 1353 1809 1388 eodem

47 1411 260 1457 archetypo)
288 1412 324 1445 in
350 1411 438 1456 Epp.
466 1411 589 1444 Nadal
615 1410 648 1444 II
675 1410 873 1445 665—666.

169 1483 315 1517 Ccmz'sio
350 1483 514 1524 Auqusta
549 1482 700 1515 Romam
728 1481 972 1523 proficiscente
1007 1480 1138 1514 Ursulo
1172 1480 1339 1522 Ficqyera
1376 1479 1547 1512 Sanctum
1573 1479 1810 1512 Franciscmn

48 1537 220 1580 Boryz‘am
256 1537 440 1569 Societatis
480 1536 654 1568 vicarium
688 1535 886 1578 yeneralem
920 1545 988 1576 per
1022 1534 1159 1566 litteras
1194 1537 1391 1566 reverenter
1427 1533 1569 1565 salutat.
1624 1531 1810 1565 Canis-ium

46 1590 142 1624 brevi
171 1589 304 1622 remitti
338 1593 368 1621 et
399 1589 524 1632 plures·
558 1589 599 1620 cle
637 1588 808 1621 Socz'etate
834 1588 1015 1631 Anynstccc
1049 1587 1170 1628 defflere
1205 1589 1310 1628 cupit.
1363 1586 1406 1618 Se
1440 1596 1589 1628 suosque
1625 1585 1811 1618 societatis

43 1642 209 1687 precibus
243 1642 470 1675 commendat.
522 1642 575 1675 De
611 1640 872 1685 „contractibus
905 1637 1111 1674 usurariis“
1139 1640 1327 1672 consilium
1352 1639 1451 1682 petit.
1505 1638 1689 1672 canisium
1725 1637 1811 1671 haec

47 1700 77 1730 et
103 1696 178 1729 alia
205 1695 381 1737 copiosius
399 1697 676 1738 propositurum
702 1705 780 1728 esse.

163 1774 320 1815 Ursula
369 1773 419 1814 (lc
467 1772 772 1823 Liclztenstein,
823 1771 994 1825 Georfsii
1036 1770 1095 1812 II.
1139 1770 1323 1824 Fitqyeri
1370 1783 1478 1810 uxor
1525 1783 1574 1810 ac
1620 1768 1811 1823 Philippi

46 1839 253 1882 Edam-da·
275 1843 311 1880 et
337 1838 558 1879 Octaviani
581 1836 882 1890 Fuyqerorum,
918 1836 1076 1888 colleyii
1095 1836 1328 1889 {jer-manici
1350 1835 1640 1885 convictorum,
1664 1838 1810 1885 mater,

46 1905 241 1959 Auyusta
274 1905 345 1945 25.
369 1903 536 1957 Aprilis
574 1903 698 1950 1565,
734 1914 811 1955 quo
845 1905 1025 1955 tempore
1059 1900 1258 1941 Conisz'us
1291 1899 1469 1940 Romam
1503 1900 1560 1940 ad
1593 1899 1810 1941 Societatis

47 1970 403 2024 conqreyotionem
442 1968 676 2021 qeneralem
718 1970 809 2007 erat
850 1964 1131 2019 profecturus,
1175 1964 1311 2005 eodem
1347 1965 1405 2005 ad
1438 1965 1639 2006 Sanctum
1671 1963 1810 2004 Fran-

48 2035 198 2076 ciseum
234 2034 285 2074 de
315 2033 488 2087 Borqia,
525 2032 743 2073 Societatis
774 2030 980 2070 vicarium
1011 2030 1246 2083 yeneralcm
1276 2044 1354 2084 per
1380 2029 1600 2070 Cam'simn
1632 2029 1810 2069 latinam

47 2100 161 2140 misit
193 2099 414 2152 epistulam
449 2110 620 2150 comque
651 2094 750 2147 (succ
784 2109 929 2147 manu,
972 2099 1018 2135 ut
1058 2095 1244 2147 videtur)
1285 2095 1344 2135 sic
1376 2094 1654 2148 subscriptam
1670 2108 1682 2134 .·
1723 2091 1812 2133 Eur

48 2163 136 2204 vnd
178 2162 254 2204 der
293 2160 575 2216 gesellschaft
616 2161 722 2201 Jesu
765 2159 908 2212 wilige
949 2158 1153 2200 Deinerin
1195 2158 1282 2200 vnd
1324 2158 1580 2211 gehorsame
1623 2156 1813 2199 Dochter

49 2228 209 2270 Vrsula
231 2227 446 2281 fuggerin.
500 2226 656 2269 Scribit
678 2230 839 2266 autem:
870 2223 970 2265 Non
1002 2223 1123 2278 potui
1146 2223 1428 2273 committere,
1462 2222 1604 2265 isthuc
1625 2221 1813 2263 maxime

49 2292 287 2336 P.1R.D.1
319 2292 448 2333 Petro
481 2289 649 2332 Canisio
682 2288 982 2343 proficiscente
1015 2287 1154 2340 (cuius
1186 2288 1411 2341 aequidem
1442 2290 1568 2330 tanta
1600 2286 1810 2336 absentia,

49 2371 135 2399 non
175 2359 321 2411 potest
352 2370 436 2397 non
480 2358 524 2397 et
556 2368 624 2396 me
656 2367 861 2407 meosque
902 2356 947 2395 et
978 2353 1260 2406 Augustanos
1293 2366 1442 2394 omnes
1473 2352 1668 2406 grauiter
1699 2366 1814 2393 com-

50 2420 243 2475 mouere)
277 2421 349 2475 qui
381 2421 429 2463 T.
463 2421 514 2463 R.
549 2420 594 2462 P.
629 2418 732 2460 mihi
764 2418 865 2460 licet
899 2432 1077 2472 corpore
1109 2418 1318 2471 ignotam,
1354 2417 1495 2459 animo
1528 2431 1631 2458 uero
1665 2418 1812 2459 notam

51 2487 251 2537 maxime,
286 2501 415 2539 quam
438 2489 506 2528 et¹²
529 2482 588 2539 [P]
622 2486 847 2538 parentem
879 2483 921 2525 in
946 2483 1114 2525 Christo
1148 2497 1288 2525 meum
1323 2483 1584 2536 complector
1605 2481 1813 2535 inprimis,

51 2552 200 2606 paucis
240 2552 491 2600 salutarem,
536 2564 586 2591 ac
628 2548 758 2591 animi
799 2548 882 2590 mei
924 2547 1253 2602 propensionem
1287 2547 1424 2589 eidem
1458 2546 1708 2588 breuissime
1741 2546 1814 2588 de-

53 2617 275 2659 clararem.
320 2615 383 2657 Ac
415 2615 519 2656 illud
546 2613 740 2668 inprimis
772 2627 878 2666 rogo
912 2615 957 2655 et
989 2613 1165 2654 obsecro
1190 2626 1215 2654 a
1238 2612 1285 2654 T.
1302 2613 1352 2655 R.
1372 2613 1430 2663 P„
1464 2615 1513 2654 ut
1543 2611 1812 2665 praedictum

52 2681 227 2724 Patrem
259 2682 311 2724 D.
346 2680 575 2729 Canisium,
618 2679 746 2720 rebus
787 2677 914 2720 isthic
955 2677 1168 2720 foeliciter
1209 2677 1430 2726 confectis,
1473 2677 1527 2718 ad
1560 2676 1638 2717 Dei
1679 2675 1814 2717 omni-

53 2746 243 2800 potentis
277 2745 473 2799 gloriam,
516 2744 598 2785 huc
639 2743 787 2785 statim
822 2743 877 2784 ad
909 2757 1030 2784 suam
1072 2756 1270 2791 messem,
1314 2755 1494 2794 eamque
1527 2740 1606 2782 Dei
1638 2754 1815 2782 munere

53 2811 314 2853 uberrimam
355 2809 553 2852 remittat
594 2811 642 2850 ut
683 2810 727 2849 et
768 2821 871 2849 oues
912 2807 997 2849 iam
1038 2807 1081 2848 in
1113 2806 1270 2848 Christi
1313 2806 1424 2848 ouile
1466 2806 1671 2847 reductae
1713 2819 1814 2847 con-

55 2879 295 2926 seruentur,
339 2878 382 2917 et
414 2874 619 2916 seductae
661 2873 806 2927 plures
847 2871 1037 2925 quotidie
1069 2872 1123 2913 ad
1156 2871 1269 2913 idem
1302 2871 1413 2912 ouile
1446 2870 1658 2912 foeliciter
1688 2870 1815 2912 redu-

56 2943 229 2982 cantur:
271 2940 449 2982 Vtinam
491 2938 656 2981 utinam
699 2951 801 2979 uero
834 2938 1035 2990 Augusta
1066 2939 1216 2978 nostra
1257 2936 1403 2990 plures
1435 2950 1490 2977 ex
1521 2935 1601 2978 hac
1632 2935 1816 2977 nominis

175 3019 202 3050 a)
224 3020 287 3050 Sic;
307 3019 494 3050 leglendttmne
515 3017 570 3043 ut?

179 3114 187 3133 ¹
223 3113 336 3156 Lege:
380 3112 623 3152 committere,
667 3109 785 3144 isthuc
827 3110 984 3143 maximo
1024 3109 1130 3143 Patre
1169 3108 1380 3143 Reuerendo
1419 3109 1583 3143 Doctore.
1646 3108 1817 3143 Similiter

58 3164 163 3209 paulo
189 3165 293 3199 infra.
