2045 3471
201 238 297 272 Mon.
315 237 384 272 813
410 237 488 271 sive
514 237 553 273 it.
575 237 665 281 (20).
704 239 734 271 A
753 237 844 272 med.
864 238 940 272 fere
958 249 1004 273 m.
1020 237 1120 272 Iunio
1139 238 1183 272 ad
1201 238 1294 272 med.
1313 237 1389 272 fere
1406 249 1453 273 m.
1468 238 1561 282 Aug.
1581 238 1681 273 1565.
1762 241 1843 282 747

83 360 128 400 01,
160 356 271 398 rictu
311 355 470 410 lupino,
513 370 684 410 semper
715 356 816 398 mihi
850 356 988 398 visum
1031 356 1179 406 fuisse,
1221 369 1362 409 neque
1394 356 1438 397 in
1474 356 1548 398 illo
1581 357 1737 399 faciem
1771 357 1849 399 hu-

82 435 269 471 manam,
302 421 415 463 sicut
445 420 489 462 in
522 421 708 463 caeteris
739 422 1005 476 apparuisse.
1059 421 1102 463 Is
1133 423 1352 463 tormenta
1375 423 1419 463 et
1450 420 1593 474 ignem
1628 422 1849 465 1111111300-

80 486 179 541 pius
219 486 479 535 minabatur,
523 485 559 527 si
600 485 643 527 in
684 486 853 528 haeresi
895 486 1094 528 confessa
1134 485 1428 540 persisterem.
1492 484 1661 528 Nomen
1703 490 1849 530 autem

82 552 208 593 huius
240 550 475 593 resciscere
506 564 591 592 non
623 551 757 604 potui.

201 617 264 659 Iis
297 616 444 658 diebus
468 616 755 666 Camerarius,
790 622 836 658 ut
868 618 954 672 ipse
987 618 1058 661 ait.
1095 617 1231 658 animi
1262 617 1487 657 recreandi
1509 621 1546 657 et
1567 617 1852 670 confirmandi

83 696 213 724 causa
240 683 339 736 pias
372 682 530 735 aliquot
560 683 787 723 sententias
818 683 865 723 in
897 682 1143 723 calendario
1176 695 1249 722 suo
1281 682 1451 736 scripsit
1461 695 1478 733 7·
1518 686 1563 722 ut
1583 705 1641 709 —
1663 682 1850 723 exscribo

83 748 184 788 haec
215 761 264 788 ea·
296 745 472 788 Kannio
506 746 556 797 (l.
581 761 611 787 c.
637 746 726 800 36),
761 749 861 802 quia
891 762 916 788 a
938 747 1209 789 Schelhorm‘o
1241 747 1395 787 omissa
1427 751 1526 787 sant
1557 768 1615 774 --
1647 760 1716 787 am
1753 747 1850 788 1·3“”ι

85 809 274 866 [Iunius]
319 810 431 852 nach
476 810 553 852 der
592 811 874 864 Anfechtung
917 811 1051 853 durch
1097 810 1318 853 Canisius:
1378 810 1571 860 „Reisse
1616 824 1711 852 aus
1758 811 1850 853 der

83 876 240 918 Hand
281 875 375 918 des
417 875 643 917 Hundes
685 876 861 918 meine
894 876 1095 918 Seele“.
1155 876 1238 917 Am
1275 876 1390 917 l7te¹¹t
1440 875 1622 925 „Viele
1655 876 1847 918 Hunde

83 941 261 983 haben
293 940 432 982 mich
465 941 815 994 umgeben.“1

202 1006 321 1048 Haec
362 1007 412 1048 de
447 1006 613 1048 Canisii
649 1006 778 1059 factis
821 1008 968 1048 relatio
1010 1022 1036 1048 a
1070 1007 1317 1048 Camerario
1359 1006 1645 1061 amplificatur
1684 1008 1849 1059 litteris,

83 1074 129 1114 in
163 1072 315 1127 quibus
346 1073 435 1126 ipse
466 1077 634 1125 narrat,
679 1087 705 1112 a
743 1073 922 1126 „Cynico
963 1071 1058 1113 illo“
1095 1073 1333 1126 Auyasium
1368 1072 1584 1113 Saxoniae
1613 1073 1851 1126 principem

82 1138 305 1190 electorem,
338 1137 597 1178 Ioachimum
623 1136 930 1189 Carmei-arium,
966 1137 1071 1178 alios
1103 1137 1299 1178 conviciis
1333 1136 1501 1190 affectos
1526 1150 1623 1179 esse.
1672 1136 1851 1177 Nomine

83 1203 191 1243 enim
219 1200 418 1256 ,‚Cynici“
445 1202 754 1255 BIeZaricletlzon,
788 1202 1000 1243 Ioaclzimo
1024 1201 1271 1243 Camerario
1295 1202 1590 1253 amicissimas,
1628 1201 1848 1242 Canisium

84 1266 309 1309 denotabat.
320 1282 336 1319 ;
367 1281 487 1321 que-m
511 1281 558 1308 ea
580 1268 623 1308 in
650 1282 693 1307 re
724 1268 913 1308 imitatas
938 1271 993 1308 est
1014 1267 1235 1308 Illariinas
1260 1266 1520 1308 Clienmitias
1542 1263 1668 1316 (Can.
1692 1266 1721 1307 Ι
1737 1268 1850 1317 769,-

82 1332 163 1373 III
187 1331 306 1384 811).
359 1332 427 1373 Ita
460 1332 591 1386 iqitur
613 1332 837 1386 Philippus
861 1332 1136 1373 Camerarius
1157 1332 1370 1372 Ferraria
1403 1332 1443 1372 3.
1467 1330 1709 1372 Decembris
1733 1333 1848 1373 1565

82 1398 160 1438 uni
193 1411 242 1438 ex
268 1396 483 1450 fratribus
515 1398 683 1452 scripsit
703 1396 1023 1447 (Sclzelhornius
1055 1397 1080 1437 Z.
1105 1411 1136 1437 c.
1161 1396 1214 1437 II
1232 1395 1350 1447 102).
1397 1395 1582 1448 Cynicus
1614 1395 1686 1437 ille
1708 1395 1847 1448 Belga

83 1462 221 1504 multa
252 1461 444 1504 convitia
476 1461 519 1502 in
550 1464 746 1503 nostrum
780 1461 1017 1514 principem
1051 1460 1243 1513 aliosque
1275 1460 1369 1514 pios
1401 1460 1531 1510 viros,
1575 1474 1654 1502 nec
1685 1474 1770 1501 non
1804 1464 1848 1502 et

81 1526 124 1568 in
157 1529 326 1581 patrem
359 1529 554 1568 nostrum
579 1526 742 1575 effudit,
777 1528 822 1567 et
854 1525 992 1568 multa
1014 1525 1069 1567 ad
1100 1525 1333 1579 perniciem
1356 1528 1552 1567 nostram
1574 1524 1848 1567 machinatus

81 1594 163 1643 est,
196 1591 273 1633 sed
304 1591 417 1633 filius
449 1591 548 1632 DEI
581 1605 659 1633 sua
692 1590 868 1632 consilia
901 1590 1060 1632 evertit
1093 1592 1137 1633 et
1168 1589 1294 1631 irrita
1327 1603 1421 1631 esse
1449 1590 1592 1643 jussit.

201 1672 404 1716 Antequam
428 1675 558 1713 autem,
586 1683 693 1715 quam
711 1671 816 1705 fidem
839 1671 1066 1705 Camerarius
1085 1673 1275 1711 mereatur,
1303 1671 1429 1711 dicam,
1457 1683 1502 1705 ex
1529 1671 1642 1715 ipsius
1661 1670 1849 1705 Relatione

81 1726 272 1771 proferam,
300 1737 406 1769 quem
433 1725 569 1759 exitum
596 1725 689 1759 hanc
715 1724 966 1770 captivitatem
993 1735 1176 1765 romanam
1204 1724 1371 1758 habuisse
1397 1724 1474 1769 ipse
1493 1724 1661 1759 affirmet.
1698 1724 1849 1758 Ineunte

82 1791 128 1814 m.
155 1779 245 1813 Iulio
280 1779 482 1813 cardinales
517 1778 748 1822 inquisitores
784 1789 846 1822 pro
873 1780 996 1812 vetere
1031 1789 1128 1811 more
1162 1777 1306 1811 comitia
1332 1777 1544 1818 habuerunt,
1580 1789 1622 1811 ac
1657 1777 1849 1812 cardinalis

83 1832 240 1867 Michael
260 1831 437 1867 Grislerius
456 1831 497 1865 O.
515 1831 585 1871 Pr..
613 1831 674 1874 qui
700 1834 826 1875 postea
852 1831 1005 1865 Sanctus
1026 1830 1112 1864 Pius
1125 1831 1169 1865 V.
1196 1830 1359 1875 pontifex
1386 1830 1474 1864 fuit:
1505 1830 1695 1873 „Questo“‚
1722 1830 1849 1875 inquit,

88 1889 127 1928 „e
147 1898 216 1920 uno
236 1886 279 1920 de
306 1884 542 1925 iTodeschi“‚
569 1886 677 1927 atque
695 1884 849 1927 benigne
864 1883 1109 1918 Camerarium
1135 1884 1283 1924 monuit,
1310 1886 1350 1917 ut
1368 1883 1556 1918 catholicis
1581 1895 1619 1918 se
1638 1884 1851 1926 adiungeret

84 1939 123 1983 (a
150 1940 280 1973 Iudaeo
314 1939 468 1982 quodam
503 1938 686 1983 baptizato
720 1949 848 1972 nomen
882 1949 987 1972 suum
1023 1937 1067 1971 ad
1093 1937 1288 1972 Gislerium
1323 1937 1482 1971 delatum
1518 1949 1596 1971 esse
1624 1937 1851 1972 Camerarius

85 1993 280 2035 affirmat);
317 1991 445 2036 reliqui
482 2002 622 2035 quoque
658 1990 859 2025 cardinales
898 1992 1064 2035 (quorum
1099 1991 1243 2025 nomina
1275 1991 1358 2025 vide
1384 2002 1493 2036 supra
1520 2003 1553 2035 p.
1583 1990 1665 2034 101)
1703 1990 1853 2024 comiter

86 2058 167 2080 eum
194 2047 457 2080 tractaverunt.
508 2044 664 2078 Multum
700 2044 826 2078 deinde
858 2056 986 2089 operae
1012 2044 1185 2089 hispanus
1212 2044 1357 2088 quidam
1383 2044 1573 2089 episcopus
1608 2044 1643 2077 in
1679 2055 1718 2077 eo
1746 2044 1851 2078 collo-

87 2099 195 2134 cavit.
231 2098 455 2132 Dominicani
475 2100 606 2138 autem,
632 2098 662 2131 si
683 2097 888 2131 Camerario
907 2097 1032 2132 credas
1054 2097 1214 2141 (credere
1232 2109 1317 2131 vero
1337 2097 1409 2139 vix,
1434 2098 1540 2130 11111110
1559 2109 1603 2130 110
1622 2097 1685 2130 vix
1708 2097 1851 2140 quidem

86 2153 218 2198 potes),
246 2151 399 2186 Iesuitas
425 2151 469 2185 ad
496 2151 612 2195 ipsum
632 2163 700 2184 non
719 2151 960 2185 admittebant
975 2151 1044 2184 nisi
1064 2151 1183 2193 aegris
1202 2151 1341 2191 animis,
1369 2153 1488 2193 atque,
1515 2150 1574 2183 ubi
1593 2150 1645 2183 illi
1664 2152 1853 2189 venerunt,

85 2205 332 2240 Camerarium
350 2216 479 2247 urgere
499 2204 700 2243 desierunt:
728 2203 834 2237 immo
857 2203 1154 2246 „humanissime“
1186 2215 1272 2247 erga
1298 2215 1377 2237 eum
1405 2215 1444 2237 se
1463 2203 1648 2246 gerebant.
1687 2202 1851 2236 Exeunte

87 2271 134 2294 111.
152 2258 242 2292 Iulio
269 2258 497 2292 Camerarius
524 2259 559 2290 et
578 2257 745 2291 Rieterus
771 2257 900 2290 iterum
928 2268 948 2290 a
974 2256 1216 2291 cardinalibus
1244 2256 1354 2290 auditi
1383 2259 1418 2290 et
1444 2256 1568 2290 moniti
1595 2257 1697 2296 sunt;
1725 2255 1852 2289 deinde

86 2310 380 2346 Rosenbuschius
415 2312 451 2344 et
481 2309 799 2355 „Lykanthropus“
838 2310 898 2344 ille
934 2310 1048 2343 denuo
1075 2309 1319 2344 Camerarium
1355 2309 1557 2343 inviserunt
1592 2311 1628 2342 et
1657 2320 1695 2342 se
1722 2320 1784 2353 pro
1811 2320 1851 2342 eo

87 2366 202 2400 Deum
227 2366 437 2409 precaturos
463 2375 542 2397 esse
568 2363 826 2408 promiserunt:
863 2363 1035 2408 postridie
1070 2363 1146 2398 eius
1172 2363 1242 2397 diei
1277 2363 1321 2396 ad
1348 2374 1427 2396 eum
1454 2363 1638 2396 redierunt
1663 2364 1699 2396 et
1725 2362 1850 2402 denuo,

87 2422 128 2453 ut
162 2417 340 2451 haeresim
376 2416 543 2457 abiceret,
578 2416 798 2450 institerunt.
858 2416 970 2450 Paulo
1004 2418 1125 2450 autem
1160 2418 1242 2461 post
1276 2415 1505 2450 Camerarius
1537 2417 1573 2448 et
1608 2415 1775 2449 Rieterus
1805 2426 1851 2448 ex

87 2470 251 2506 custodia
277 2470 467 2503 admodum
493 2469 699 2503 humaniter
725 2469 847 2503 emissi
873 2471 975 2509 sunt;
1003 2469 1156 2514 pecunia
1182 2480 1332 2513 quoque,
1360 2480 1467 2512 quam
1494 2479 1615 2502 secum
1639 2468 1850 2509 attulerunt,

87 2523 256 2559 catenula
290 2523 411 2566 aliqua
437 2534 556 2563 aurea,
591 2523 684 2563 libri,
720 2525 862 2567 praeter
895 2534 1015 2564 unum,
1051 2522 1096 2556 iis
1129 2525 1214 2556 sunt
1244 2522 1387 2556 redditi.
1437 2522 1489 2555 Ac
1515 2533 1596 2555 cum
1624 2520 1850 2556 Camerarius

89 2578 217 2612 deinde
242 2577 277 2610 in
305 2576 511 2610 deversorio
537 2576 658 2620 aliquo
676 2578 893 2620 aegrotaret,
920 2576 1029 2610 iudex
1055 2575 1298 2619 inquisitionis
1324 2586 1405 2609 eum
1432 2574 1559 2608 invisit
1585 2575 1621 2607 et
1638 2574 1752 2608 amice
1770 2586 1851 2608 cum

88 2643 130 2666 eo
156 2631 240 2674 egit.
292 2628 582 2663 Rosenbuschius
609 2640 749 2673 quoque
784 2632 819 2663 et
846 2629 938 2663 alter
964 2629 1107 2673 quidam
1134 2629 1176 2663 de
1204 2628 1382 2663 Societate
1417 2627 1462 2661 ad
1494 2638 1575 2661 eum
1601 2638 1752 2668 venere3
1788 2627 1850 2661 sed

87 2686 165 2730 ipse
191 2684 235 2718 ab
262 2695 383 2717 eorum
410 2693 606 2725 congressu
633 2682 858 2723 abhorrebat,
885 2685 920 2716 et
939 2681 1105 2726 Prosperi
1133 2682 1176 2716 ab
1195 2682 1316 2715 Arcu²
1343 2681 1501 2715 caesarei
1527 2680 1620 2725 apud
1648 2681 1852 2725 pontificem

90 2738 244 2772 oratoris
280 2747 387 2781 opera
414 2736 580 2770 effectum
608 2738 672 2776 est,
709 2738 747 2769 ut
774 2736 889 2769 denuo
915 2735 1037 2769 venire
1073 2735 1123 2769 illi
1151 2736 1376 2768 vetarentur.
1427 2734 1480 2767 Ita
1511 2734 1742 2767 Camerarius
1776 2735 1853 2778 ipse

92 2791 132 2835 (l.
159 2802 188 2825 c.
216 2790 248 2824 11
274 2789 442 2831 25—36).
484 2789 537 2822 Ex
564 2788 645 2822 aliis
672 2791 791 2822 autem
819 2788 977 2822 eiusdem
1005 2788 1176 2832 temporis
1201 2787 1453 2827 monumentis,
1480 2798 1572 2830 quae
1598 2786 1853 2821 Schelhornius

90 2843 221 2889 posuit,
247 2843 313 2877 hoc
339 2842 583 2885 intellegitur:
611 2841 688 2875 Duo
707 2842 759 2875 illi
779 2841 943 2882 studiosi,
970 2853 1048 2875 011111
1069 2841 1156 2875 duos
1174 2852 1317 2874 menses
1335 2841 1371 2874 et
1388 2851 1497 2873 unum
1517 2839 1609 2873 diem
1638 2840 1671 2873 111
1691 2840 1853 2874 custodia

90 2897 257 2937 fuissent,
293 2895 539 2930 Maximiliano
566 2895 610 2929 II.
646 2906 792 2929 caesare
828 2895 907 2939 (per
932 2894 1080 2937 Arcum)
1120 2897 1156 2928 et
1191 2894 1271 2927 aliis
1299 2892 1511 2927 Germaniae
1547 2893 1779 2937 principibus,
1814 2895 1854 2926 ut

92 2950 240 2984 Alberto
251 2950 295 2983 V.
315 2949 493 2983 Bavariae
512 2949 612 2989 duce,
639 2948 882 2982 cardinalibus
901 2959 1042 2992 quoque
1061 2947 1198 2991 aliquot
1224 2958 1286 2991 pro
1312 2946 1401 2991 ipsis
1419 2945 1621 2989 deprecatis
1649 2945 1852 2980 libertatem

92 3005 309 3048 acceperunt
338 3002 610 3045 (Scliellzorm'us
635 3001 658 3036 l.
685 3013 714 3035 0.
743 3002 775 3035 II
802 3001 941 3036 81-82
968 3000 1024 3036 98.
1067 3002 1197 3034 Kanna
1222 3000 1244 3034 1.
1272 3011 1301 3034 0.
1328 2999 1499 3042 46—85).

215 3121 224 3140 ¹
255 3119 594 3162 „Circumdederunt
630 3131 688 3152 me
713 3130 822 3153 canes
847 3118 961 3152 multi.
982 3146 988 3152 .
1010 3146 1016 3152 .
1038 3146 1043 3151 .
1089 3118 1182 3151 Erue
1209 3129 1229 3151 a
1254 3117 1392 3151 framea
1418 3116 1516 3151 Deus
1541 3116 1697 3150 animam
1727 3128 1853 3152 meam.

92 3175 129 3207 et
154 3174 196 3207 de
222 3185 329 3207 manu
356 3172 455 3207 canis
481 3172 622 3206 unicam
648 3173 784 3206 meam“
811 3171 875 3215 (Ps
893 3172 949 3213 21,
970 3172 1011 3206 17
1032 3171 1106 3214 21).
1147 3170 1303 3214 Sugillat
1322 3170 1548 3204 Camerarius
1568 3170 1700 3204 Canisii
1727 3181 1855 3203 nomen

94 3226 327 3269 gentilicium.
473 3226 486 3245 ‘³
517 3225 691 3270 „Prosper
717 3225 759 3259 de
786 3224 925 3259 Archa“
956 3227 1106 3258 vocatur
1133 3223 1225 3268 apud
1253 3225 1383 3257 Kanm¹
1411 3223 1449 3266 (l.
1477 3235 1506 3257 c.
1534 3223 1607 3266 55).
