2045 3471
476 194 570 228 Mon.
590 194 659 229 699
685 195 762 227 sive
789 194 848 228 dil.
870 193 936 237 (3).
982 194 1035 227 16.
1063 195 1099 226 et
1127 193 1180 227 17.
1200 192 1301 226 Febr.
1324 193 1425 227 1565.
1750 194 1831 234 (501

73 313 227 363 mulus,
261 327 387 366 quem
410 312 478 354 hic
501 313 699 355 Castrum
723 312 882 354 doloris
904 312 1142 362 nominant,
1176 313 1353 364 opertus
1376 325 1458 352 non
1482 311 1660 364 pullatis
1682 311 1836 365 pannis

74 380 122 420 ut
154 377 390 419 communis
431 377 564 419 habet
604 391 718 427 mos,
761 377 837 418 sed
869 376 1014 418 rubeis
1055 375 1258 430 appensis
1291 375 1346 417 ad
1380 377 1567 428 quatuor
1598 376 1739 418 latera
1771 374 1836 416 in-

72 441 266 495 signibus
288 441 440 484 solitis.
484 442 682 494 Rogatus
704 441 1026 484 Illustrissimus
1045 440 1296 490 Cardinalis‚
1321 454 1454 493 quare
1477 443 1652 493 praeter
1672 453 1835 481 morem

74 506 281 548 Tumulus
312 521 398 548 non
430 506 607 560 pullatis
639 506 714 548 sed
755 506 899 547 rubeis
941 506 1095 560 pannis
1126 507 1269 548 tectus
1302 506 1431 555 esset,
1475 518 1609 557 quare
1650 503 1837 557 insignia

72 571 177 614 item
208 571 356 621 rubea,
398 573 474 613 aut
506 571 636 624 ignea
668 574 827 621 essent,
871 585 954 612 non
988 573 1134 612 autem
1167 569 1339 612 omnino
1380 570 1519 622 nigra,
1563 572 1639 612 aut
1679 569 1835 611 saltem

72 636 215 678 media
247 650 302 678 ex
333 639 472 690 parte.
536 635 790 689 Respondit,
831 635 876 676 in
918 635 1162 677 huiusmodi
1202 634 1285 676 uiri
1326 634 1522 688 exequijs
1562 633 1837 687 gaudendum

71 700 229 755 potius,
273 714 401 754 quam
441 700 675 753 lugendum
718 713 826 742 esse.
890 700 937 741 Id
980 703 1126 742 autem
1169 702 1213 742 et
1253 714 1344 750 nos,
1388 702 1432 741 et
1472 698 1625 751 reliqui
1668 698 1837 752 experti

73 780 233 815 sumus,
267 780 365 807 nam
391 765 473 807 etsi
495 764 647 818 frigus,
682 764 796 817 quod
819 778 868 806 eo
892 765 972 814 die,
1008 768 1051 807 et
1073 764 1271 818 sequenti
1293 764 1375 806 fuit
1397 763 1836 813 uehementissimum,

74 844 222 872 omnes
253 830 499 879 infestaret,
533 829 677 872 omnia
709 832 855 871 tamen
889 843 1056 871 summo
1090 829 1252 880 ordine,
1286 843 1365 871 nec
1396 828 1552 871 minori
1583 828 1837 870 Animarum

73 895 304 937 deuotione
336 897 381 936 et
412 894 568 936 solatio
600 897 828 936 transacta
869 898 982 937 sunt.
1048 895 1253 947 Sequenti
1287 894 1355 936 die
1396 908 1507 947 quae
1548 893 1631 936 fuit
1666 894 1732 935 17.
1757 893 1838 934 Fe-

76 959 239 1014 bruarij
285 973 412 1001 mane
452 959 560 1001 hora
600 959 743 1001 media
788 962 890 1001 ante
925 960 962 1001 7.
997 959 1124 1001 solito
1167 959 1342 1009 uestitu,
1387 962 1431 1001 et
1463 958 1669 1000 comitatu
1712 956 1842 1010 redijt

73 1028 204 1078 atque
235 1024 562 1067 Pontificalibus
595 1026 774 1065 ornatus
806 1024 1013 1074 uestibus,
1048 1024 1227 1066 Sacrum
1261 1023 1514 1066 Pontificale
1546 1023 1662 1073 fecit,
1705 1021 1839 1064 sacri-

72 1089 214 1131 ficium
247 1089 518 1131 incruentum
541 1089 726 1130 offerens
748 1088 945 1139 Domino,
980 1103 1057 1142 pro
1080 1089 1224 1130 anima
1247 1088 1439 1131 defuncti
1462 1088 1605 1130 Patris
1628 1090 1673 1130 et
1698 1087 1837 1130 amici.

73 1154 189 1197 Ante
222 1157 266 1197 et
298 1157 397 1208 post
430 1168 614 1204 sacrum,
654 1168 804 1196 sacras
836 1154 933 1195 illas
967 1157 1012 1196 et
1043 1154 1196 1196 solitas
1229 1153 1512 1195 caerimonias
1545 1152 1751 1203 adhibuit,
1785 1152 1840 1194 ad

74 1220 302 1261 Tumulum
335 1219 533 1270 accessit,
576 1221 716 1262 totum
760 1219 905 1260 11111111ὃ
938 1218 1073 1260 obiuit
1106 1218 1355 1269 Thuribulo‚
1399 1221 1447 1260 ut
1479 1218 1611 1259 moris
1652 1220 1733 1269 est,
1774 1218 1838 1258 in-

73 1298 247 1326 censum
281 1285 478 1335 offerens,
522 1286 567 1326 et
598 1284 833 1338 aspergillo
867 1297 1023 1337 aquam
1055 1283 1329 1326 benedictam
1362 1297 1611 1337 aspergens.
1678 1282 1839 1324 Eodem

73 1352 269 1403 tempore
302 1351 345 1392 et
378 1353 509 1392 antea
541 1348 679 1391 nostri
712 1348 975 1399 sacerdotes,
1019 1351 1121 1391 sunt
1153 1351 1297 1391 autem
1340 1348 1408 1390 hic
1447 1351 1629 1402 excepto
1663 1348 1710 1390 P.
1734 1347 1839 1389 Pro-

72 1414 270 1463 uinciale‚
294 1415 345 1456 D.
370 1414 501 1456 Petro
525 1413 708 1464 Canisio‚
736 1415 802 1456 10.
827 1414 1086 1456 Sacerdotes
1107 1448 1114 1457 .
1137 1413 1461 1456 immaculatum
1486 1413 1684 1455 similiter
1705 1411 1839 1454 sacri-

72 1478 215 1520 ficium
237 1478 281 1520 in
304 1479 401 1533 alijs
424 1478 635 1521 altaribus
658 1493 734 1532 pro
759 1478 949 1520 eiusdem
973 1478 1121 1532 optimi
1146 1478 1191 1520 P.
1208 1477 1368 1520 Anima
1381 1479 1472 1520 Deo
1497 1477 1758 1520 obtulerunt.
1776 1510 1784 1518 .
1804 1510 1811 1517 .
1831 1513 1837 1519 .

73 1543 214 1586 Finito
248 1544 380 1586 Sacro
414 1543 607 1586 adhibita
639 1543 722 1585 fuit
754 1543 948 1585 funebris
981 1543 1121 1586 oratio
1153 1543 1272 1585 iussu
1304 1542 1669 1584 Reuerendissimi
1693 1541 1840 1584 Cardi-

73 1607 205 1655 nalis,
250 1608 293 1649 in
338 1622 424 1661 qua
467 1608 607 1650 minus
649 1608 784 1650 libere
826 1608 1037 1650 celebrari
1078 1611 1314 1663 potuerunt
1362 1608 1555 1650 defuncti
1596 1607 1640 1651 P.
1673 1607 1837 1652 laudes,

74 1673 186 1726 quod
219 1687 270 1715 ea
303 1674 357 1714 ab
390 1687 474 1715 uno
508 1687 563 1715 ex
595 1673 757 1715 nostris
790 1673 1038 1723 haberetur,
1081 1673 1146 1715 cui
1181 1674 1313 1716 etiam
1354 1673 1506 1727 optimi
1537 1672 1682 1715 Patris
1715 1673 1841 1725 gesta

72 1753 158 1780 non
190 1738 298 1781 satis
331 1738 507 1792 cognita
549 1738 763 1781 fuerant&
794 1774 800 1781 .
828 1774 833 1779 .
863 1774 868 1780 .
906 1739 1147 1781 Cardinalis
1189 1738 1388 1791 quamuis
1429 1738 1657 1780 uerissima
1699 1736 1841 1778 onmia

74 1817 170 1845 esse
203 1804 490 1854 confirmaret,
524 1818 610 1845 non.
641 1806 789 1846 tamen
821 1804 964 1858 potuit
995 1818 1092 1845 sese
1125 1803 1360 1855 continere,
1396 1803 1497 1856 quin
1530 1802 1687 1856 aliqua,
1731 1815 1841 1854 quae

74 1868 156 1922 ipsi
203 1882 297 1909 cum
341 1869 472 1910 Patre
516 1868 693 1911 fuerant
737 1868 1002 1919 communia,
1047 1870 1147 1923 post
1190 1869 1446 1910 Concionem
1491 1868 1683 1918 adderet,
1730 1880 1840 1920 quae

74 1933 265 1975 breuiter
305 1932 432 1976 libuit
474 1933 543 1975 hic
586 1934 789 1977 scribere.
852 1933 1109 1976 Profecturo
1155 1933 1197 1974 in
1240 1933 1425 1976 Galliam
1471 1933 1633 1987 optimo
1676 1931 1837 1981 Patri‘2‚

76 1997 476 2040 Reuerendissimus
499 1998 740 2041 Cardinalis
763 2013 920 2052 equum
943 1999 1225 2049 commodum,
1260 2001 1305 2041 et
1326 2012 1584 2051 generosum
1608 1997 1838 2046 obtulerat,

75 2076 200 2115 quem
242 2066 388 2105 tamen
431 2063 564 2106 Pater
605 2063 802 2117 accipere
844 2063 1076 2106 recusauit.
1142 2063 1341 2118 Optimus
1384 2063 1524 2117 inquit
1565 2064 1713 2116 Equus
1759 2064 1837 2111 est,

75 2128 198 2170 nobis
231 2132 391 2178 autem,
434 2128 505 2181 qui
538 2129 758 2182 Pauperes
791 2143 952 2175 sumus,
995 2129 1169 2170 minime
1211 2128 1426 2172 conuenit.
1492 2129 1594 2170 Cum
1629 2127 1840 2169 creandus

77 2193 296 2235 uideretur
326 2193 438 2234 idem
476 2193 518 2236 P.
543 2193 783 2235 Cardinalis
816 2208 840 2236 a
874 2194 1009 2236 Paulo
1044 2194 1133 2236 ,493
1166 2195 1221 2236 ad
1248 2193 1669 2236 Reuerendissimum
1693 2192 1839 2234 Cardi-

78 2258 219 2299 nalem
251 2260 446 2300 nostrum
481 2259 785 2310 Augustanum
818 2259 951 2308 uenit,
996 2261 1040 2300 et
1080 2259 1438 2301 lachrimantibus
1472 2258 1617 2307 oculis,
1661 2258 1714 2299 ab
1747 2258 1839 2310 ipso

76 2321 294 2375 flagitauit
317 2322 485 2373 obnixe,
520 2326 568 2364 ut
591 2324 817 2376 quominus
841 2323 882 2365 id
904 2325 1041 2374 fieret,
1065 2324 1179 2378 apud
1203 2324 1325 2367 Pont.
1350 2323 1651 2373 intercederet,
1676 2322 1840 2364 omnia-

78 2401 158 2440 que
190 2389 385 2430 tentaret
398 2388 426 2430 6.
470 2387 591 2437 Quod
623 2388 658 2429 si
680 2388 723 2429 id
745 2388 886 2430 minus
910 2388 1094 2431 obtineri
1126 2390 1287 2443 posset,
1322 2403 1367 2430 se
1390 2389 1443 2430 ad
1467 2389 1615 2441 fugam
1638 2390 1840 2441 paratum

77 2466 172 2494 esse
205 2452 388 2495 dicebat.
432 2452 684 2495 Accersitus
710 2453 823 2494 idem
847 2454 1034 2507 optimus
1057 2454 1190 2495 Pater
1212 2454 1265 2495 ab
1290 2454 1438 2495 eodem
1464 2452 1839 2494 Reuerendissimo

77 2517 316 2567 Cardinale,
359 2520 407 2559 ut
448 2518 539 2559 eius
573 2518 885 2560 confessionem
921 2518 1092 2561 audiret
1133 2519 1187 2560 ad
1220 2519 1448 2568 Conclaue,
1488 2517 1558 2559 ubi
1591 2517 1840 2559 Cardinales

79 2582 131 2624 :id
174 2582 417 2636 eligendum
458 2582 583 2626 Pont.
626 2582 778 2625 inclusi
821 2587 968 2634 erant,
1017 2584 1195 2626 resciuit
1236 2583 1492 2637 praecipuos
1534 2582 1742 2635 quosdam
1785 2595 1838 2623 ex

78 2647 377 2689 Gardinalibus
420 2647 571 2690 tulisse
616 2648 892 2701 suffragium,
935 2651 983 2691 ut
1026 2648 1118 2701 ipse
1164 2651 1387 2690 crearetur
1432 2647 1659 2697 Pontifex,
1708 2649 1840 2700 atque

80 2712 157 2753 hoc
201 2711 354 2753 nuncio
396 2715 598 2766 accepto,
646 2713 797 2755 statim
839 2727 864 2755 a
906 2713 1109 2755 Conclaui
1155 2712 1366 2765 aufugiffl.
1431 2712 1530 2753 Non
1573 2712 1707 2765 igitur
1748 2712 1840 2753 sine

196 2786 224 2817 a)
245 2785 320 2811 mua
340 2794 387 2817 al..

202 2862 210 2881 ¹
238 2860 402 2895 canisius
429 2873 449 2895 a
475 2862 630 2896 romanis
657 2862 769 2896 Sociis
796 2863 909 2907 petiit,
944 2866 981 2896 ut
1009 2862 1303 2896 commentarium
1331 2862 1373 2896 de
1400 2862 1506 2896 rebus
1532 2874 1551 2896 a
1579 2862 1701 2896 Lainio
1727 2862 1841 2906 gestis

78 2914 276 2949 scriberent
302 2917 337 2948 et
363 2914 397 2948 in
426 2913 653 2949 Germaniam
681 2916 884 2956 mitterent3
914 2916 995 2949 vide
1021 2927 1129 2960 supra
1155 2927 1188 2959 p.
1211 2915 1264 2949 18.

198 2968 211 2987 '²
236 2966 382 3001 Lainius
411 2968 440 3001 1.
468 2967 546 3001 Iulii
577 2969 661 3001 1561
692 2967 803 3002 Roma
830 2968 864 3001 in
892 2968 1047 3002 Galliam
1073 2968 1257 3013 profectus
1283 2970 1339 3002 est
1367 2968 1472 3010 (Can.
1502 2969 1549 3002 111
1580 2969 1692 3011 177¹).

199 3022 211 3039 ³
238 3019 401 3054 Exeunte
426 3031 457 3055 a.
489 3021 576 3054 1555
604 3021 653 3054 ita
680 3021 797 3063 egisse
824 3021 984 3057 videtur:
1013 3021 1058 3055 cf.
1086 3023 1210 3062 Boero,
1238 3020 1367 3054 Lainez
1398 3022 1591 3056 144—149.

199 3076 211 3093 ⁴
239 3073 416 3107 Conclave
452 3073 557 3113 dicit,
593 3073 704 3116 quod,
742 3073 852 3107 Paulo
880 3073 938 3107 IV.
967 3074 1043 3107 vita
1078 3074 1219 3114 functo,
1255 3086 1286 3107 a.
1318 3075 1406 3108 1559
1441 3085 1532 3109 am.
1561 3074 1761 3120 Septembri
1796 3075 1839 3108 ad

82 3124 313 3160 Decembrem
339 3125 499 3160 habitum
529 3128 602 3160 ost:
631 3125 766 3160 electus
793 3128 848 3159 est
874 3126 1017 3159 tandem
1038 3126 1124 3160 Pius
1144 3126 1202 3160 IV.
1238 3126 1289 3160 De
1316 3127 1381 3161 1100
1402 3127 1513 3161 Lainii
1541 3129 1635 3162 facto
1663 3128 1707 3162 cf.
1728 3129 1840 3161 Boero

82 3178 103 3211 l.
131 3189 159 3211 c.
190 3178 392 3219 198—200;
423 3179 646 3221 .§'‹u·<·lecnu1›2,
674 3177 765 3212 Hist.
794 3178 826 3212 S.
856 3179 888 3211 J.
918 3179 959 3219 II,
986 3179 1007 3213 l.
1035 3180 1066 3219 3,
1093 3191 1125 3213 n.
1153 3180 1208 3213 47.
