2077 3461
536 193 700 237 Augusta
728 193 992 227 Vindelicorum
1019 193 1074 227 20.
1103 191 1238 237 Aprilis
1266 192 1368 226 1565.
1772 193 1824 233 57

74 313 239 356 manice
280 313 507 366 scriptus1,
550 312 592 353 in
635 326 717 365 quo
759 311 967 354 acerrime
1009 314 1175 366 pugnat
1217 311 1425 352 aduersus
1467 309 1737 352 Lutheranos
1780 323 1829 351 ac

75 379 217 428 docet,
260 378 495 420 Lutherum
534 376 790 419 Antichristi
833 391 983 418 uerum
1025 389 1352 430 praecursorem
1394 388 1500 416 esse.
1566 375 1671 415 Tum
1714 374 1829 415 lectu

74 443 202 496 digna
241 442 415 484 scribita
447 442 499 483 de
532 442 727 483 Romano
760 442 943 495 Imperio
977 441 1063 483 iam
1096 440 1353 489 declinante,
1388 439 1552 492 dequeb
1584 442 1827 481 nostrorum

72 511 312 561 temporum
335 506 651 548 infoelicitate⁰.
697 507 902 549 Sanctum
937 510 980 549 et
1006 505 1166 548 foelixd
1190 505 1357 547 Pascha
1390 504 1512 546 nobis
1544 504 1708 546 tribuat
1741 503 1830 556 qui

73 572 318 615 traditus
360 574 444 614 est
484 575 715 625 propter
757 574 990 625 peccata
1032 574 1228 613 nostra
1269 573 1322 613 et
1353 572 1586 624 propter
1617 568 1830 610 iustifi-

74 637 345 680 cationem
379 640 623 679 nostram
658 637 1018 679 resurrexit2.
1082 636 1309 689 Augustae
1344 637 1411 677 20.
1449 634 1608 688 Aprilis
1646 635 1770 675 1565.

910 720 1069 761 Seruus
1101 718 1143 760 in
1177 717 1370 760 Christoe
1404 717 1451 759 P.
1485 715 1712 759 Canisius‘.

189 801 217 853 †
256 801 633 843 Reuerendissimo
666 800 708 842 in
742 800 909 843 Christo
943 801 1063 854 Patrj
1098 803 1142 842 et
1173 799 1473 842 Illustrissimo
1508 797 1702 846 Domino,
1746 798 1831 838 Do-

75 866 186 908 mino
229 866 445 908 Stanislao
478 865 613 907 Hosio
646 865 861 919 Cardinalj
904 868 948 907 et
980 866 1194 919 Episcopo
1227 864 1472 918 Varmiensj
1515 865 1699 917 patrono
1741 876 1831 904 am-

76 931 280 986 plissimo,
343 931 628 974 Petricouiae.

187 1028 415 1072 inscriptioni
433 1039 542 1062 manu
562 1028 731 1062 Stanislai
745 1027 864 1062 Rescii
883 1028 1068 1062 secretarii
1086 1028 1295 1062 adnotatum
1315 1029 1387 1061 est:
1420 1026 1665 1070 „Responsvm
1692 1025 1724 1059 ,4
1741 1025 1832 1068 Aug:

78 1083 165 1116 1565
192 1081 458 1126 Heilspergae.“

189 1152 354 1186 Canisius
380 1163 451 1186 una
477 1163 557 1186 cum
585 1151 640 1185 his
666 1151 808 1191 litteris,
835 1153 876 1185 ut
902 1163 946 1185 ex
973 1152 1061 1196 ipsis
1088 1150 1322 1194 intellegitur,
1349 1150 1458 1184 Hosio
1485 1150 1583 1183 misit
1609 1149 1833 1193 praeclarum

71 1205 245 1250 quoddam
273 1205 416 1239 Ottonis
442 1205 635 1239 cardinalis
662 1208 698 1239 et
723 1205 879 1249 episcopi
913 1205 1106 1248 augustani
1137 1205 1401 1246 „mandatum“.
1452 1204 1571 1246 Atque
1598 1202 1664 1236 hoc
1690 1201 1830 1245 quidem

71 1261 221 1296 constat.
249 1258 417 1293 Ottonem
435 1258 581 1301 Dilinga
608 1260 638 1292 5.
667 1258 788 1292 Martii
818 1259 908 1293 1565
937 1258 980 1292 ad
1008 1258 1142 1292 clerum
1170 1258 1212 1291 de
1239 1260 1466 1302 peccatorum
1494 1255 1718 1290 confessione
1743 1258 1829 1288 tem-

69 1323 152 1357 pore
178 1310 482 1355 Quadragesimae
507 1311 672 1346 facienda
698 1311 830 1345 latinas
857 1311 998 1345 dedisse
1033 1311 1185 1345 litteras.
1236 1311 1275 1345 In
1303 1310 1432 1354 quibus
1462 1311 1536 1343 Otto
1563 1308 1730 1346 affirmat.
1766 1308 1832 1341 hoc

70 1365 161 1410 apud
191 1367 354 1407 „veteres
380 1365 602 1399 Catholicos“
634 1368 670 1399 et
699 1365 808 1406 „bene
834 1364 1021 1398 institutos
1046 1364 1288 1398 Christianos*
1318 1375 1460 1407 semper
1485 1362 1714 1396 observatum
1742 1372 1831 1401 esse,

75 1422 131 1461 „ut
156 1430 225 1452 non
259 1418 450 1463 rejicerent
483 1418 519 1451 in
556 1417 721 1452 ultimum
747 1418 840 1452 diem
877 1418 1154 1452 confessionem“
1186 1420 1270 1451 ante
1305 1416 1589 1450 communionem
1626 1413 1831 1459 paschalem

69 1471 267 1506 faciendam
293 1483 409 1516 neque
439 1471 696 1515 „gene1·aliter“
726 1473 877 1511 tantum,
913 1471 975 1505 sed
1002 1471 1212 1513 singulatim
1239 1472 1388 1515 peccata
1414 1469 1687 1508 confiterentur3
1725 1467 1831 1500 immo

71 1525 175 1559 etiam
208 1525 261 1567 „in
280 1525 558 1569 quadragesima
583 1525 657 1559 bis“
681 1536 741 1558 eos
767 1524 929 1558 confiteri
948 1524 1200 1565 consuevisse3
1226 1524 1296 1558 iam
1316 1527 1434 1557 autem
1462 1522 1586 1556 multis
1605 1521 1832 1566 episcopatus

69 1578 259 1621 augustani
276 1578 364 1612 locis
387 1578 599 1622 „pessimam
618 1578 911 1612 consuetudinem
929 1577 1158 1617 inolevisse“,
1186 1580 1225 1611 ut
1245 1577 1406 1611 homines
1429 1576 1573 1618 „ultimo
1593 1575 1667 1608 die“
1700 1575 1831 1616 „cater-

68 1631 178 1665 vatim
205 1631 250 1665 ad
276 1631 504 1665 Sacerdotem
541 1631 770 1665 accedentes⁴‘
806 1631 1043 1674 „generaliter
1078 1630 1192 1664 solum
1228 1642 1266 1664 se
1302 1631 1509 1674 peccatores
1542 1626 1831 1662 confiterentur-⁶⁶.

70 1684 288 1719 Gravissime
308 1685 418 1728 igitur
437 1684 629 1718 cardinalis
646 1684 892 1718 sacerdotibus
916 1684 1101 1729 praecipit,
1129 1686 1265 1725 curent,
1292 1686 1332 1717 ut
1350 1683 1475 1717 fideles
1505 1683 1672 1727 „peecata
1691 1691 1832 1714 enume-

68 1740 146 1772 rent
166 1749 207 1772 ac
225 1738 394 1772 distincte
413 1738 684 1777 confiteantur“;
712 1737 838 1772 deinde
863 1737 946 1778 „sub
966 1749 1078 1782 poena
1104 1737 1369 1782 suspensionis“
1400 1735 1592 1777 interdicit,
1624 1746 1687 1776 „ne
1713 1733 1827 1767 ullus*

68 1791 233 1825 sacerdos
263 1791 542 1831 „confessionem
562 1790 630 1824 sibi
648 1803 717 1824 non
744 1790 875 1824 subditi
896 1791 1020 1824 audire
1046 1792 1253 1835 praesumat
1270 1790 1346 1824 sine
1366 1800 1547 1834 expressa,
1575 1790 1609 1822 et
1635 1788 1668 1821 in
1687 1785 1832 1830 scriptis

69 1844 212 1878 obtenta
238 1844 384 1878 licentia
409 1856 429 1878 a
456 1844 598 1889 proprio
631 1844 707 1889 ejus
734 1843 903 1885 Pal-ocho,
940 1843 998 1877 vel
1025 1843 1257 1888 Superiore“;
1294 1843 1400 1877 simul
1426 1843 1584 1885 mandat,
1620 1843 1659 1875 ut
1685 1838 1832 1885 parochi

68 1897 203 1931 idoneis
234 1899 375 1931 tantum
410 1897 656 1931 sacerdotibus
692 1909 770 1930 eam
805 1897 988 1930 licentiam
1023 1897 1183 1930 tribuant
1218 1908 1308 1930 neve
1344 1896 1432 1930 alios
1459 1907 1564 1940 quam
1601 1894 1747 1928 idoneos
1777 1892 1831 1934 „in

70 1950 324 1995 Cooperatores
359 1962 442 1984 suos
477 1952 697 1984 assumant“.
753 1950 842 1992 „Per
876 1951 965 1984 haec
999 1952 1119 1984 tamen
1155 1952 1333 1984 certorum
1366 1950 1537 1983 Ordinum
1566 1948 1761 1986 Fratribus,
1798 1948 1831 1979 et

70 2003 256 2038 Societatis
283 2004 370 2038 Jesu
398 2004 635 2048 Presbyteris,
673 2016 864 2048 eorumque
890 2003 1125 2037 facultatibus
1153 2015 1172 2037 a
1198 2003 1348 2037 summis
1383 2002 1617 2036 Pontificibus
1652 1999 1832 2035 concessis

69 2056 232 2091 nolumus
258 2057 529 2101 praeiudica1·i“.
580 2057 736 2091 Tandem
765 2057 851 2091 Otto
878 2057 1116 2091 confessarios
1150 2060 1281 2097 monet,
1317 2058 1366 2096 ut,
1403 2068 1493 2100 quae
1520 2056 1561 2089 de
1588 2053 1830 2088 reservatione

73 2112 298 2154 peccatorum
333 2112 471 2144 statuta
509 2111 600 2150 sint,
639 2110 840 2144 observent.
894 2110 1049 2144 Litterae
1085 2111 1247 2154 integrae
1285 2110 1384 2154 typis
1423 2110 1627 2153 exscriptae
1665 2110 1748 2141 sunt
1786 2106 1830 2139 ab

70 2164 142 2197 ιῙοε.
170 2165 253 2197 Ant.
281 2165 429 2205 Steiner,
457 2164 549 2197 Acta
574 2163 709 2198 selecta
735 2163 918 2197 Ecclesiae
937 2164 1180 2207 Augustanae,
1208 2165 1395 2207 Augustae
1414 2163 1520 2197 Vind.
1552 2162 1650 2200 1785.
1679 2159 1828 2195 87-90.

71 2216 263 2250 Praeterea
297 2219 417 2251 autem
449 2228 495 2250 m.
522 2217 653 2250 Martio
680 2228 710 2252 a.
740 2217 829 2251 1565
866 2217 909 2250 ab
936 2216 1069 2251 Ottone
1105 2217 1200 2251 aliud
1241 2217 1503 2258 „mandatum‘‚
1538 2215 1644 2259 idque
1680 2215 1833 2248 fortasse

74 2270 277 2312 germanica
296 2270 429 2312 lingua⁷
457 2270 590 2311 datum,
616 2272 661 2311 et,
680 2271 719 2304 ut
741 2271 909 2304 Canisz‘us
926 2270 1112 2304 Dominiea
1132 2269 1191 2304 IV.
1231 2269 1534 2312 Quadragesimae
1552 2269 1630 2302 sive
1652 2268 1680 2301 1.
1701 2265 1834 2311 Aprilis

75 2323 162 2357 1565
190 2335 234 2357 ex
270 2323 488 2357 cathedralis
519 2322 691 2357 ecclesiae
725 2326 948 2367 augustanae
975 2326 1152 2367 suggestu
1187 2324 1395 2360 affirmavit.
1432 2326 1467 2357 et
1493 2323 1559 2367 ipsi
1592 2324 1645 2363 „ct
1671 2319 1835 2354 omnibus

73 2375 237 2420 parochis
264 2376 307 2410 ad
334 2376 616 2410 annuntiandum
644 2379 700 2410 est
726 2376 966 2417 iniunct11m“;
1003 2377 1095 2420 quod
1122 2377 1340 2417 mandatum,
1367 2379 1408 2410 ut
1434 2376 1597 2410 Canisius
1625 2375 1684 2410 ait,
1716 2384 1833 2415 „reno-

76 2430 172 2463 uatio
191 2433 226 2463 et
251 2429 417 2474 repetitio
443 2429 715 2474 praecipuarum
736 2430 911 2474 partium“
942 2432 1019 2463 erat
1038 2441 1128 2474 quas
1154 2442 1277 2464 omnes
1296 2429 1481 2464 christiani
1501 2432 1537 2462 et
1554 2428 1645 2463 scire
1664 2430 1698 2460 et
1718 2427 1835 2459 facere

75 2482 223 2521 debent:
243 2482 344 2527 plura
363 2483 404 2516 de
423 2483 545 2516 eodem
565 2483 732 2517 mandato
751 2494 796 2517 ex
816 2483 990 2525 contione,
1010 2495 1116 2527 quam
1136 2484 1221 2523 dixi,
1249 2485 1489 2528 proponentur
1508 2482 1612 2519 infra,
1639 2492 1731 2514 mon.
1751 2491 1833 2522 aug.

74 2535 111 2577 (b
133 2536 165 2578 1)
194 2536 230 2579 (b
250 2535 285 2577 9)
309 2536 345 2575 (b
366 2536 438 2577 10).
473 2536 683 2569 Mandatum
710 2536 826 2581 ipsum
846 2548 914 2570 non
934 2536 1018 2570 vidi.
1053 2535 1177 2580 Neque
1204 2537 1248 2570 ab
1275 2536 1341 2570 hoc
1368 2536 1544 2571 mandato.
1571 2546 1685 2577 neque
1704 2533 1747 2566 ab
1775 2532 1834 2565 illo

73 2589 311 2633 componendo
339 2588 471 2624 Canisii
507 2601 651 2633 operam
686 2589 846 2623 abfuisse
873 2592 969 2634 putO,
1004 2590 1216 2634 praesertim
1251 2600 1330 2622 cum
1367 2588 1424 2622 hic
1452 2588 1504 2622 10.
1534 2586 1715 2621 Februarii
1747 2586 1833 2619 1565

72 2641 216 2685 Dilinga
242 2641 286 2675 ad
312 2641 480 2684 Bor-giam
506 2642 698 2682 rettulerit,
734 2654 773 2676 se
800 2642 870 2676 illis
897 2642 1022 2676 diebus
1049 2642 1224 2676 cardinali
1259 2642 1372 2686 ipsius
1408 2645 1535 2684 rogatu
1567 2639 1755 2681 „nonnulla
1782 2651 1833 2673 re-

72 2695 187 2729 media
213 2697 523 2738 eommonstrasse,
558 2698 597 2728 ut
625 2698 660 2729 et
695 2695 763 2729 sibi
791 2699 826 2729 et
862 2695 1035 2729 ecclesiae
1062 2696 1283 2730 consuleret⁸⁴
1319 2707 1401 2739 „pro
1428 2695 1482 2728 sui
1517 2694 1624 2727 officii
1653 2693 1834 2728 latione‘:

76 2748 154 2782 vide
180 2759 288 2792 supra
316 2760 347 2792 p.
375 2748 406 2782 8.
459 2747 511 2781 Cf.
540 2748 646 2781 etiam
677 2750 764 2782 Can.
792 2748 840 2782 IV
867 2750 937 2783 814
963 2750 1042 2783 928.

188 2843 214 2869 a)
235 2841 357 2873 scripsit
377 2843 408 2866 Γ.
464 2840 493 2867 b)
516 2842 549 2865 In
571 2842 650 2865 arch.
665 2849 738 2866 corr.
754 2849 790 2865 ex
810 2840 950 2873 (lenique.
1006 2843 1031 2872 c)
1048 2839 1227 2865 infelicitate
1248 2842 1280 2866 P.
1337 2840 1366 2868 d)
1388 2839 1459 2865 felix
1481 2842 1513 2865 Γ.
1576 2844 1602 2868 e)
1624 2839 1652 2865 in
1674 2839 1787 2865 Christi
1803 2841 1833 2864 Γ.

74 2880 100 2911 f)
125 2882 200 2911 Quae
220 2885 390 2913 sequuntur,
412 2883 440 2906 ιή
462 2883 493 2906 P.
514 2890 567 2906 nou
589 2885 665 2906 sunt.

193 3021 202 3040 ¹
241 3020 349 3062 „Vom
386 3022 517 3056 letsten
553 3022 623 3056 und
660 3033 808 3065 grossen
836 3022 968 3061 Absall,
1004 3034 1043 3056 so
1071 3034 1133 3055 vor
1169 3023 1230 3056 der
1256 3022 1419 3056 zukunfft
1445 3023 1507 3056 des
1534 3022 1747 3056 Antichristi
1775 3033 1832 3064 ge-

72 3072 225 3106 schehen
252 3074 337 3107 soll“
370 3075 595 3118 (ingolstadii
623 3087 654 3110 a.
685 3076 772 3109 1565
801 3076 892 3119 apud
918 3075 1234 3109 Weissenhornios
1260 3076 1294 3108 in
1321 3077 1359 3109 40
1385 3087 1559 3115 excusus;
1588 3075 1697 3109 latine
1717 3075 1833 3109 editus

75 3125 192 3168 1569).
243 3127 333 3160 Vide
360 3129 440 3162 Joh.
462 3130 614 3171 Soffner,
642 3128 825 3162 Friedrich
854 3128 1062 3172 Staphylus,
1093 3128 1239 3161 lireslau
1270 3129 1368 3169 1904,
1397 3129 1593 3163 165—167.

191 3179 203 3198 ‘²
230 3179 316 3213 Rom
341 3181 373 3219 4,
401 3180 455 3214 25.
507 3181 671 3214 Canisius
698 3192 798 3214 sacro
827 3181 1047 3214 l'arasceves
1075 3181 1129 3214 die
1156 3181 1243 3215 haec
1270 3181 1426 3225 scripsit.
