2045 3471
203 196 287 239 538
399 193 494 227 Mon.
514 192 582 226 632
600 191 678 226 sive
696 201 777 234 aug.
798 189 834 233 (a
849 189 885 233 7)
905 208 951 214 -
969 189 1038 223 634
1055 188 1133 223 sive
1152 199 1234 232 aug.
1256 188 1293 233 (a
1307 187 1358 231 9).
1396 187 1490 230 Aug.
1510 206 1555 210 —
1573 185 1669 231 Sept.
1691 184 1791 220 1565.

202 314 390 356 Augustae
425 311 617 353 collegium
652 308 882 343 incoharetur
919 307 1025 352 (Epp.
1052 307 1175 341 Nadal
1199 306 1232 340 Il
1269 306 1347 341 140.
1399 304 1452 339 Of.
1483 305 1569 338 Can.
1595 303 1647 337 IV
1678 302 1759 346 36);
1794 302 1831 337 id
1866 301 1960 336 enim

202 367 389 409 Augustae
424 366 460 397 et
494 375 514 397 a
549 362 722 396 cardinali
757 364 793 395 et
828 372 849 395 a
874 360 989 395 Sociis
1023 362 1057 394 et
1088 371 1109 394 a
1134 359 1297 404 patriciis
1323 357 1475 402 aliisque
1501 356 1641 391 civibus
1666 355 1854 390 catholicis
1879 366 1962 397 age·

202 418 317 459 batur,
344 420 384 451 ut
408 416 611 459 Augustani
639 414 830 458 collegium
858 413 1048 448 Societatis
1073 412 1249 447 haberent
1277 412 1384 456 (Can.
1411 411 1461 445 III
1488 410 1627 445 34-35
1655 410 1698 445 79
1725 409 1770 443 98
1796 409 1864 443 245
1891 408 1961 443 264

203 472 271 506 599
298 471 366 505 672
385 470 473 510 675;
501 468 552 503 IV
570 468 710 503 32—33
736 467 924 502 763—765
943 465 1050 510 etc.);
1079 465 1240 508 collegiis
1259 467 1380 499 autem
1398 476 1461 509 per
1478 463 1670 498 Societatis
1687 461 1962 497 constitutiones

140 537 143 539 ·
201 524 308 570 plane
342 523 428 557 licet
460 522 598 556 reditus
635 532 772 556 annuos
803 520 937 554 habere
966 519 1022 562 (P.
1047 519 1082 560 4,
1108 531 1137 553 c.
1165 519 1195 560 2,
1222 531 1256 553 n.
1284 519 1304 553 5
1332 519 1372 558 6;
1401 529 1429 552 c.
1459 517 1512 558 10,
1539 529 1573 551 n.
1601 516 1649 560 1).
1700 515 1850 558 Collegii
1875 526 1962 549 vero

202 578 390 620 Augustae
417 575 590 610 condendi
616 586 699 619 spes
725 585 757 608 a.
774 573 865 607 1565
890 572 1080 606 imminuta
1107 574 1203 613 erat;
1231 583 1274 606 ac
1299 571 1329 605 si
1356 570 1449 605 Socii
1475 569 1662 614 pecuniam
1687 568 1787 602 illam
1812 567 1963 613 capituli

201 642 271 664 non
298 629 547 669 admittebant,
581 639 660 662 cum
688 627 802 661 maior
827 626 916 671 ipsis
943 628 1021 660 erat
1045 625 1175 669 agendi
1201 625 1360 666 libertas,
1396 626 1472 658 tum
1499 624 1705 668 paupertas,
1740 633 1846 666 quam
1882 632 1963 655 con-

201 682 409 718 stitutiones
435 681 686 727 praescribunt
712 682 748 714 et
774 679 831 713 cui
857 678 890 713 S.
910 678 1125 713 Franciscus
1142 678 1294 722 Borgias
1320 677 1546 723 praepositus
1573 675 1752 719 generalis
1770 674 1962 717 diligenter

201 736 381 778 studebat,
407 735 523 779 magis
549 736 627 768 erat
652 733 688 767 in
713 734 790 766 tuto
818 732 1003 766 collocata.

204 850 311 887 632
337 851 414 886 sive
441 859 564 894 aug.
592 849 650 894 (a
667 847 742 893 7).
816 846 984 883 Exeunte
1010 856 1055 883 m.
1075 847 1241 893 Augusto
1267 848 1304 883 et
1329 846 1479 882 ineunte
1505 843 1711 892 Septembri
1736 843 1830 880 1565.

322 916 377 950 Ex
402 915 534 949 litteris
560 913 777 958 archetypis,
813 913 943 957 quibus
969 912 1054 946 Otto
1080 924 1146 946 sua
1171 924 1279 946 manu
1314 915 1349 946 et
1375 923 1504 946 nomen
1528 910 1745 956 subscripsit
1776 912 1811 944 et
1841 909 1963 952 „Post-

204 970 397 1015 scriptum“
427 968 601 1002 adiunxit.
656 967 764 1012 „Epp.
792 965 920 1000 Cardd.
947 966 982 1000 1⁶⁴
1013 966 1037 1000 f.
1065 966 1120 1000 67.

329 1039 536 1074 Cardinali's
563 1040 806 1082 Anyustanus,
843 1048 921 1070 cum
947 1037 1100 1080 capitulo
1136 1037 1335 1070 cathedrali
1368 1038 1409 1070 de
1441 1037 1545 1070 rebus
1580 1036 1766 1069 Sociorum
1800 1037 1965 1077 auyusta-

204 1105 333 1127 norum
360 1098 390 1127 ct
416 1094 669 1135 dilinycnsizmz
697 1102 814 1135 aqens,
842 1102 863 1123 a
890 1092 1071 1124 canonicis
1097 1091 1187 1123 dure
1211 1091 1369 1124 habetur.
1421 1091 1474 1123 De
1499 1089 1719 1123 contionibus
1744 1087 1965 1131 auqustanis,

203 1147 351 1190 salario,
377 1147 520 1180 ecclesia
545 1156 622 1179 cum
653 1145 798 1178 Cam'sio
825 1155 943 1177 coram
970 1148 1057 1186 aqet.
1113 1143 1198 1177 Cum
1229 1144 1372 1177 Canisio
1398 1144 1592 1186 theoloynm
1618 1144 1735 1176 venire
1760 1142 1866 1184 cupit.

327 1217 537 1251 Cardinalis
576 1216 652 1249 Otto
689 1217 852 1257 Anyasta
890 1216 919 1248 1.
948 1214 1160 1256 Septembris
1188 1216 1278 1247 1565
1313 1214 1509 1247 Francisco
1544 1213 1585 1246 dc
1610 1213 1745 1256 Boryia
1781 1210 1966 1245 Societatis

199 1272 405 1315 praeposito
436 1269 596 1314 yenerali
629 1269 677 1301 ad
710 1269 824 1311 ipsius
849 1268 987 1301 litteras
1023 1269 1076 1301 18.
1104 1268 1259 1310 Auyusti
1285 1269 1377 1300 1565
1412 1267 1516 1299 datas
1541 1266 1636 1307 (vide
1667 1275 1780 1307 snpra
1809 1275 1847 1307 p.
1876 1264 1963 1304 537)

205 1325 407 1369 respondit:
432 1323 469 1356 Io
496 1321 540 1355 ho
567 1321 677 1364 hoggi
703 1321 864 1354 riceuuto
891 1320 913 1354 l’
929 1320 1057 1354 ultima
1083 1320 1214 1353 lettera
1241 1320 1275 1353 di
1290 1319 1333 1355 V.
1360 1320 1399 1354 P.
1427 1318 1638 1353 Reuerenda
1664 1319 1707 1352 de
1736 1318 1777 1352 18
1804 1316 1862 1350 del
1888 1327 1966 1361 pas-

206 1380 297 1419 sato,
324 1379 359 1410 et
386 1376 502 1410 inteso
528 1374 550 1408 l’
566 1373 820 1419 impossibilita
847 1373 942 1407 della
967 1375 1101 1407 uenuta
1127 1372 1184 1406 del
1210 1373 1328 1407 Padre
1347 1372 1489 1406 Canisio
1515 1373 1535 1405 ό
1561 1371 1644 1406 altri
1669 1373 1690 1404 a
1716 1369 1870 1404 trouarsi
1896 1380 1967 1413 qua

205 1432 374 1476 presente
401 1427 600 1463 al’trattar’
617 1427 682 1461 che
708 1426 739 1461 si
765 1426 811 1460 ha
838 1427 882 1460 da
908 1426 985 1460 fare
1012 1426 1067 1460 col
1087 1425 1249 1471 Capitolo
1276 1426 1331 1460 col
1349 1426 1455 1470 quale
1481 1426 1548 1459 sie
1567 1425 1626 1467 gia
1644 1426 1740 1458 stato
1764 1423 1846 1457 dato
1872 1422 1966 1467 prin-

207 1484 311 1529 cipio,
338 1482 404 1517 che
430 1482 479 1515 fin
505 1483 566 1526 qui
592 1483 611 1514 e
637 1482 732 1514 stato
759 1479 853 1513 assai
881 1479 1009 1513 acerbo
1036 1482 1072 1513 et
1090 1479 1177 1513 duro
1203 1491 1266 1524 per
1291 1479 1317 1513 il
1342 1490 1533 1524 progresso
1560 1478 1625 1512 che
1651 1478 1697 1511 ha
1722 1477 1868 1511 hauuto.
1906 1475 1967 1509 Ma

205 1549 276 1571 non
302 1548 366 1581 per
391 1537 518 1579 questo
545 1534 706 1578 despero.
748 1534 862 1567 Plura
890 1544 929 1567 ea
956 1535 995 1567 de
1021 1545 1060 1566 re
1084 1535 1306 1576 scripturum
1331 1544 1400 1566 esse
1425 1533 1463 1566 P.
1488 1533 1743 1565 Theodoricam
1769 1530 1966 1572 canisium,

208 1592 270 1634 qui
294 1600 408 1624 secum
434 1590 617 1630 Augustae
641 1591 807 1620 versetur.
858 1585 999 1628 Quanto
1034 1586 1091 1631 poi
1128 1585 1161 1619 al
1194 1585 1411 1630 particulare
1438 1584 1530 1619 delle
1555 1583 1788 1629 predicationi
1814 1584 1851 1616 et
1876 1581 1967 1616 altro

208 1643 275 1677 che
300 1642 358 1676 laa
378 1640 424 1685 [22]
451 1640 569 1674 scriua
589 1639 670 1683 [?]b‚
708 1641 840 1672 uenuto
877 1639 941 1672 che
968 1640 1021 1672 sia
1047 1638 1076 1672 ll
1102 1638 1217 1672 Padre
1246 1638 1389 1672 Canisio
1415 1637 1651 1677 Pmuinciale,
1678 1639 1891 1670 trattaremo
1916 1634 1967 1668 in-

208 1696 319 1730 sieme
345 1695 380 1728 di
403 1696 537 1738 quanto
563 1693 594 1727 si
620 1693 803 1736 giudicare
829 1692 916 1726 utile
943 1694 979 1726 et
1004 1692 1202 1736 spediente.
1251 1693 1300 1725 Et
1325 1694 1363 1725 in
1382 1689 1641 1736 „Postscripto“
1666 1692 1741 1724 Otto
1766 1701 1833 1723 sna
1858 1699 1969 1722 manti

207 1750 372 1792 scripsit:
410 1747 453 1781 Jo
488 1749 545 1780 sto
580 1757 645 1780 con
681 1757 816 1779 sommo
852 1747 888 1779 et
922 1745 1123 1779 indubitato
1159 1744 1334 1778 desiderio
1362 1744 1435 1778 Che
1462 1744 1505 1778 V.
1538 1743 1747 1777 Reuerenda
1782 1741 1969 1776 Paternita
2021 1759 2026 1763 ·

208 1801 380 1836 mandimi
406 1799 555 1834 insieme
582 1811 646 1833 con
674 1798 699 1832 il
726 1798 842 1832 Padre
869 1797 1010 1832 Uanisio
1037 1809 1106 1832 vno
1125 1797 1304 1841 Theologo
1332 1797 1425 1831 della
1451 1796 1671 1841 Compagnia
1697 1795 1781 1839 qual
1806 1795 1876 1829 stia
1903 1805 1969 1828 con

208 1866 266 1889 me
292 1854 363 1888 alla
390 1852 506 1887 Corte.

209 1963 315 2000 633
342 1964 420 1998 sive
447 1972 570 2007 aug.
598 1961 655 2007 (a
679 1960 756 2006 8).
831 1960 886 1996 22.
915 1959 1139 2007 Septembris
1165 1960 1259 1996 1565.

327 2035 384 2069 Ex
408 2033 614 2080 apographo
640 2033 752 2067 eiusd.
779 2033 961 2077 temporis.
1016 2032 1156 2074 „Germ.
1184 2033 1247 2066 65²
1279 2032 1303 2066 f.
1325 2032 1505 2066 I4b—158.

330 2107 367 2140 S.
385 2107 605 2139 Franciscus
622 2105 776 2148 Boryz'as
793 2105 1013 2137 cardinalem
1031 2106 1282 2146 Auyustanwn
1307 2104 1421 2137 denuo
1438 2107 1561 2146 royat:
1590 2104 1706 2146 Curet,
1732 2107 1771 2136 ut
1789 2103 1971 2145 Auqustae

213 2159 380 2193 Canisius
414 2159 644 2193 contionandi
679 2158 796 2200 officio
832 2158 1000 2190 liberetur
1026 2162 1056 2190 et
1083 2158 1179 2190 Socii
1212 2168 1252 2190 ea
1282 2158 1432 2200 ratione,
1469 2167 1557 2200 quae
1591 2167 1668 2188 cum
1696 2156 1880 2189 Societatis
1914 2156 1970 2188 in-

208 2214 330 2246 stituto
356 2216 538 2255 conyrltat‚
562 2214 825 2252 sustententm·;
853 2210 1040 2243 canisium
1066 2222 1139 2243 rem
1165 2211 1320 2253 amplius
1345 2210 1588 2252 expositurum
1614 2220 1693 2242 esse.

331 2282 367 2315 S.
394 2283 612 2315 Franciscus
637 2282 801 2323 Boryza-s,
839 2280 1023 2314 Societatis
1051 2281 1280 2323 praepositus
1305 2280 1492 2323 yeneralis,
1526 2280 1640 2312 Roma
1674 2280 1730 2312 22.
1758 2278 1970 2321 Septembris

218 2338 308 2369 1565
333 2336 381 2367 ad
402 2336 555 2368 Ottonem
575 2334 763 2367 Truclesess
789 2334 1008 2366 cardinalem
1027 2335 1277 2376 Auyustanum
1301 2333 1438 2366 litteras
1464 2333 1568 2374 dedit,
1596 2333 1731 2375 quibus,
1758 2343 1848 2375 qnae
1873 2331 1904 2364 ei
1928 2332 1970 2365 de

211 2389 327 2422 Sociis
352 2388 562 2430 auyustanis
586 2388 658 2420 iam
685 2391 766 2420 ante
791 2387 1091 2420 commendaverat
1118 2387 1215 2428 (vide
1231 2397 1344 2429 supra
1360 2398 1399 2429 p.
1419 2386 1520 2428 537),
1546 2386 1660 2418 denno
1686 2385 1730 2417 ab
1755 2395 1792 2417 eo
1813 2384 1971 2427 petebat:

213 2439 475 2484 Specialmente
493 2439 740 2485 supplichamo
752 2438 795 2473 V.
815 2438 849 2473 S.
869 2439 1117 2472 Illustrissima
1143 2438 1173 2472 si
1191 2438 1321 2472 ricordi
1339 2438 1418 2472 dela
1444 2437 1572 2472 liberta
1589 2439 1712 2471 nostra
1738 2436 1773 2470 in
1791 2437 1968 2479 Augusta,

211 2495 346 2537 quanto
380 2492 451 2526 alla
485 2503 638 2537 persona
673 2491 730 2526 del
766 2491 882 2526 Padre
908 2491 949 2526 D.
978 2491 1120 2526 Canisio
1158 2493 1195 2525 et
1221 2491 1286 2525 che
1313 2491 1427 2525 anche
1453 2490 1536 2534 quel
1571 2490 1635 2523 che
1669 2489 1699 2523 si
1727 2489 1813 2522 dara
1846 2500 1909 2533 per
1934 2489 1970 2523 la

211 2546 473 2579 sustentatione
510 2546 552 2579 de
586 2545 598 2579 i
624 2544 737 2579 nostri
772 2545 803 2578 si
829 2545 887 2578 dia
921 2545 955 2578 in
984 2545 1085 2578 modo
1111 2556 1181 2578 non
1207 2545 1431 2589 repugnante
1466 2543 1500 2577 al
1525 2544 1647 2576 nostro
1680 2542 1845 2575 instituto
1871 2553 1971 2576 come

212 2598 362 2632 sarebbe
396 2609 435 2632 se
470 2598 501 2632 si
527 2598 621 2632 (lessi
648 2603 768 2631 comee
793 2597 971 2642 stipendio
1005 2599 1024 2631 o
1050 2597 1180 2631 salario
1207 2597 1263 2631 del
1290 2597 1513 2642 predicatore
1539 2595 1588 2629 dil
1613 2594 1679 2629 che
1705 2594 1764 2637 gia
1789 2606 1852 2638 per
1877 2595 1971 2629 altra

212 2651 243 2684 si
268 2653 287 2684 e
314 2652 396 2685 dato
421 2651 559 2685 ricordo
586 2653 622 2684 et
647 2650 849 2695 supplicato
860 2651 904 2685 V.
925 2649 958 2684 S.
978 2650 1228 2684 Illustrissima
1247 2650 1279 2684 ci
1297 2650 1447 2684 aiutassi
1462 2676 1469 2684 .
1484 2649 1545 2693 piu
1567 2648 1603 2682 in
1628 2647 1841 2692 particolar-e
1866 2651 1970 2693 potra

211 2704 425 2747 raggionare
451 2704 485 2737 di
512 2706 638 2747 questo
664 2703 690 2737 il
715 2703 923 2748 sopradetto
949 2703 1065 2737 Padre
1093 2703 1245 2737 Oanisio.

214 2804 320 2840 634
346 2807 423 2841 sive
450 2816 571 2852 aug.
599 2807 657 2852 (a
676 2806 751 2852 9).
826 2806 881 2842 28.
909 2806 1134 2853 Septembris
1160 2806 1253 2842 1565.

333 2876 387 2910 Ex
422 2877 628 2922 apographo
663 2877 774 2912 eiusd.
800 2878 984 2922 temporis.
1040 2876 1179 2920 „Germ
1207 2878 1269 2912 65“
1300 2877 1325 2911 f.
1355 2877 1424 2910 172.
1475 2874 1660 2920 Epistulae
1694 2874 1841 2908 brevem
1876 2887 1970 2909 sum-

215 2938 309 2961 mam
335 2931 454 2972 posuit
479 2931 586 2963 Dnhr
611 2929 646 2963 in
677 2930 903 2972 „Zeitschrift
928 2931 986 2964 fiir
1012 2930 1110 2964 kath.
1131 2930 1343 2973 Theologie“
1374 2928 1494 2962 XXIV
1512 2928 1580 2962 212
1607 2930 1642 2961 et
1668 2927 1742 2961 Jes.
1769 2927 1785 2960 I
1804 2928 1882 2962 714.

334 2998 485 3041 Borye'as
514 3011 582 3041 per
610 3000 794 3033 Callistum
820 3000 969 3034 Ursulae
996 3001 1181 3043 Fuyyerae
1215 3001 1420 3043 respondet:
1457 2999 1535 3032 Non
1573 2998 1691 3031 omnia
1725 2997 1971 3040 Fuyyerorum

217 3051 353 3092 negotia
380 3052 417 3082 in
442 3052 703 3092 fenerationmn
730 3064 876 3086 numero
903 3064 973 3086 esse
997 3053 1157 3085 habenda
1168 3065 1180 3093 ,·
1213 3053 1254 3086 de
1286 3053 1438 3094 sin-aulis
1472 3055 1586 3084 autem
1620 3052 1732 3093 mayae's
1764 3052 1968 3093 sinyzclatim

217 3103 375 3144 coyrzosci
401 3108 569 3145 oportere.
614 3105 773 3137 Eandem.
799 3109 912 3148 royat,
938 3110 977 3138 ut
996 3107 1174 3148 patienter
1198 3106 1304 3148 ferat,
1331 3105 1423 3148 quod
1445 3104 1608 3137 Canis-ius
1626 3114 1774 3146 pereqre
1798 3104 1970 3138 mittatur.

339 3178 365 3202 a)
386 3176 415 3206 b)
436 3179 491 3203 Sic.
531 3180 630 3204 Nonne
650 3181 832 3205 scribendum
853 3182 912 3212 fuit
930 3181 1046 3212 potius:
1065 3180 1179 3206 ch'ella
1199 3180 1296 3206 scriue
1317 3182 1360 3206 vel
1381 3180 1434 3206 cho
1455 3179 1512 3205 ella
1531 3178 1650 3204 scriue?
1722 3182 1747 3210 c)
1767 3186 1824 3204 con
1843 3187 1889 3211 ap.
