2045 3471
201 193 283 235 796
776 190 873 224 Mon.
892 189 959 225 855
987 189 1065 224 sive
1090 189 1160 223 iia.
1182 188 1248 233 (4).
1290 189 1390 224 1565.

196 309 365 354 reperies.
407 307 498 342 Nam
526 307 562 341 in
588 307 829 352 descriptione
855 307 1020 341 justiciae
1048 305 1284 346 Christianae,
1316 317 1386 350 qua
1412 317 1530 340 coram
1558 305 1632 340 Deo
1659 305 1895 341 iustificemur
1920 319 1963 341 ac

196 362 389 402 saluemur,
407 361 470 396 fol.
488 361 565 396 117.
584 361 723 405 primae
741 361 919 402 editionis,
947 363 982 394 et
1000 359 1137 404 aliquot
1155 360 1298 405 paginis
1316 359 1561 403 sequentibus,
1588 361 1700 393 totam
1721 359 1962 394 Christianam

195 415 377 449 iusticiam
403 414 555 449 collocat
580 414 617 448 in
642 414 719 448 sola
745 416 869 448 nostra
887 413 1077 448 omissione
1103 413 1277 447 malorum
1305 424 1462 457 operum,
1489 414 1525 446 et
1547 413 1752 457 operatione
1778 413 1960 447 bonorum.

198 468 334 502 Christi
359 479 445 501 uero
480 467 641 501 iustitiae
667 469 731 501 aut
756 466 981 501 obedientiae
1016 467 1237 506 meritorum,
1274 465 1450 510 passionis
1476 467 1539 499 aut
1568 465 1765 509 sanguinis,
1801 466 1893 510 quod
1920 477 1963 500 ea

197 533 316 556 coram
343 521 418 555 Deo
444 520 632 554 iustificari
660 520 863 561 debeamus,
894 519 992 554 nulla
1018 531 1165 565 prorsus
1191 519 1240 553 ibi
1267 519 1308 552 fit
1333 519 1477 552 mentio.
1530 517 1643 560 Quam
1670 521 1790 552 autem
1816 519 1962 554 obsecro

196 574 304 609 aliam
331 573 529 608 doctrinam
556 573 598 607 de
624 573 769 607 iusticia
794 575 1009 617 proponeret
1035 572 1166 616 aliquis
1193 571 1368 606 Ethnicus
1403 571 1558 616 sapiens,
1586 571 1813 612 Aristoteles,
1848 572 1961 614 Plato,

197 629 386 668 Auerroes,
414 626 652 667 Mahometus,
679 629 741 660 aut
767 626 899 670 aliquis
917 625 1083 660 Iudaicus
1101 625 1262 659 Rabinus
1287 624 1345 659 uel
1370 624 1599 665 Pharisaeus,
1627 624 1685 658 uel
1710 626 1818 659 etiam
1845 625 1962 669 quiuis

196 692 267 715 non
292 692 441 725 prorsus
467 680 624 714 furiosus
650 679 790 714 Turcus
817 681 880 713 aut
905 679 1088 720 Tartarus,
1124 690 1230 722 quam
1258 678 1365 712 istam
1392 677 1518 722 ipsam.
1570 677 1705 712 Omitte
1736 678 1830 712 mala
1856 689 1964 723 opera

197 735 261 768 aut
286 734 395 775 facta,
423 735 459 767 et
484 733 542 767 fac
568 733 670 767 bona.
714 732 752 767 Si
777 732 866 766 haec
886 735 941 766 est
967 732 1110 777 propria
1128 731 1329 776 peccatoris
1348 742 1467 765 coram
1486 730 1559 764 Deo
1578 731 1730 772 iusticia,
1758 733 1834 765 tum
1853 731 1963 766 libere

198 798 352 830 uereque
387 798 466 820 cum
494 786 605 820 Paulo
632 786 750 820 dicere
776 796 977 830 possumus,
1014 785 1197 819 Christum
1233 784 1370 818 frustra
1405 786 1584 818 mortuum
1620 796 1838 830 passumque
1873 796 1964 819 esse.

196 840 252 873 Ita
279 840 348 874 iste
372 839 439 873 flos
465 838 729 882 Theologorum
755 839 875 883 Papae
902 838 991 871 nihil
1018 838 1098 883 plus
1124 837 1224 871 nouit
1250 837 1292 871 de
1318 837 1487 882 primario
1515 837 1741 871 Christianae
1766 837 1965 881 Religionis

197 893 325 937 capite,
361 904 488 937 nempe
524 892 566 926 de
602 891 745 926 iusticia
781 891 998 930 Christiana,
1034 902 1105 935 qua
1138 891 1216 925 sola
1251 902 1373 924 omnes
1408 891 1560 924 miseros
1595 892 1804 935 peccatores
1838 890 1874 924 in
1903 890 1963 924 illo

197 944 426 979 seuerissimo
444 945 511 979 Dei
529 945 660 979 iudicio
680 944 867 979 iustificari
893 944 1103 988 seruarique
1122 945 1296 988 oporteat,
1323 955 1429 987 quam
1453 943 1584 987 aliquis
1603 943 1752 984 Tru-cus,
1781 943 1964 984 Ethnicus,

197 998 362 1040 Iudaeus,
388 1000 452 1032 aut
478 997 597 1042 quiuis
623 997 715 1032 alius
739 1000 825 1031 trux
851 999 887 1031 et
913 997 1088 1031 barbarus
1113 996 1311 1035 idololatra,
1339 999 1375 1029 et
1401 996 1443 1030 ab
1471 996 1566 1029 omni
1591 996 1753 1030 doctrina
1778 996 1965 1040 religione-

200 1062 269 1095 que
296 1050 431 1085 Christi
457 1050 607 1084 alienus.
659 1050 718 1084 Sic
744 1050 837 1084 idem
864 1049 926 1084 ille
953 1049 1286 1084 authenticissimus
1312 1049 1402 1083 liber
1429 1049 1634 1093 Papisticae
1660 1049 1853 1091 doctrinae,
1884 1060 1963 1083 cum

198 1104 241 1138 de
267 1106 496 1148 peccatorum
524 1103 739 1148 expiatione,
773 1103 1036 1148 propitiatione,
1072 1105 1108 1136 et
1133 1103 1198 1136 Dei
1224 1103 1435 1147 placatione,
1472 1101 1532 1136 fol.
1556 1103 1631 1137 145.
1659 1105 1694 1136 et
1721 1102 1965 1146 sequentibus,

200 1156 355 1198 disserit,
384 1184 391 1191 .
413 1184 418 1190 .
440 1183 447 1190 .
475 1156 711 1190 disertissime
738 1156 907 1196 affirmat,
942 1155 1077 1190 multos
1113 1168 1191 1190 esse
1218 1156 1341 1190 modos
1370 1155 1471 1198 (sunt
1497 1155 1573 1190 eius
1600 1155 1723 1198 uerba)
1752 1155 1870 1189 media
1905 1157 1967 1189 aut

199 1210 359 1243 rationes
395 1209 562 1254 expiandi
597 1212 758 1254 peccata.
810 1209 863 1243 Ex
900 1209 1030 1253 quibus
1065 1208 1125 1242 ille
1161 1209 1209 1242 ibi
1243 1220 1309 1242 sex
1344 1210 1540 1249 enumerat,
1576 1209 1670 1242 inter
1705 1220 1795 1253 quos
1828 1208 1964 1242 nullum

200 1274 348 1307 prorsus
373 1262 491 1296 locum
517 1262 579 1296 dat
605 1263 773 1306 sanguini
800 1265 862 1296 aut
886 1262 1044 1307 passioni
1065 1261 1208 1296 Christi.
1253 1261 1353 1303 Quod
1373 1262 1456 1305 quid
1476 1261 1573 1295 aliud
1596 1261 1740 1295 tandem
1767 1263 1832 1302 est,
1859 1273 1966 1305 quam

200 1316 344 1350 unicum
370 1315 471 1349 illum
498 1327 630 1358 agnum
649 1315 711 1349 Dei
735 1343 741 1349 .
763 1343 768 1349 .
788 1342 795 1349 .
815 1327 886 1349 una
913 1327 992 1349 cum
1020 1326 1085 1349 sua
1111 1316 1277 1359 passione
1304 1327 1451 1360 prorsus
1477 1326 1518 1348 ac
1542 1314 1702 1348 funditus
1721 1315 1891 1349 abolere?
1910 1340 1918 1348 .
1935 1342 1941 1348 .
1957 1341 1965 1348 .

200 1369 379 1403 Videntur
396 1369 507 1412 igitur
526 1368 666 1402 omnino
685 1369 745 1402 isti
766 1368 924 1402 Iesuitici
943 1369 1151 1402 seductores
1174 1368 1208 1402 id
1227 1380 1344 1411 agere,
1371 1370 1410 1401 ut
1428 1368 1761 1409 Mahometanismo,
1789 1379 1969 1401 armorum

201 1421 372 1456 uiolentia
386 1421 422 1455 in
436 1433 500 1456 nos
515 1421 675 1462 irruenti,
691 1421 825 1455 aditum
841 1421 1017 1466 aperiant,
1033 1424 1068 1455 et
1082 1421 1262 1455 hominum
1280 1424 1418 1455 mentes
1434 1421 1545 1454 ueluti
1560 1421 1689 1454 initiali
1705 1420 1966 1466 alphabetaria-

202 1487 271 1519 que
298 1475 452 1518 quadam
488 1474 715 1508 institutione
740 1477 966 1519 praeparent.
1018 1474 1106 1508 Cum
1133 1475 1226 1508 enim
1262 1474 1432 1508 iuuentus
1458 1476 1493 1508 et
1519 1474 1578 1519 alij
1612 1486 1753 1518 quoque
1779 1473 1967 1508 Turcicam

203 1528 366 1562 iusticiae
393 1531 429 1561 et
454 1527 717 1561 iustificationis
736 1539 777 1561 ac
803 1527 932 1561 salutis
951 1530 1118 1561 aeternae
1136 1528 1312 1561 rationem
1338 1528 1516 1571 uiamque,
1544 1530 1580 1561 et
1602 1530 1831 1572 peccatorum
1849 1527 1968 1572 expia-

202 1581 346 1623 tionem,
374 1592 465 1624 quae
492 1583 575 1614 sunt
602 1581 793 1625 praecipua
820 1580 1018 1624 Religionis
1045 1581 1173 1625 capita,
1201 1581 1416 1621 imbiberint,
1443 1592 1639 1624 ueramque
1665 1592 1707 1614 ac
1726 1580 1968 1615 Christianam

206 1646 284 1668 esse
313 1633 473 1678 persuasi
500 1634 635 1667 fuerint
654 1647 660 1667 :
680 1633 786 1667 facile
806 1636 940 1678 postea,
967 1636 1141 1676 regnante
1160 1633 1285 1675 Tru-co,
1313 1646 1417 1678 porro
1436 1634 1471 1667 in
1490 1634 1802 1667 Mahometismum
1823 1644 1969 1678 prorsus

205 1687 484 1730 degenerabunt.
535 1686 627 1720 Nam
653 1687 723 1720 ista
750 1687 817 1720 duo
844 1687 1027 1730 religionis
1054 1687 1171 1731 capita
1200 1699 1346 1731 prorsus
1372 1688 1543 1731 primaria
1569 1689 1663 1727 sunt,
1689 1690 1725 1720 et
1751 1687 1785 1720 in
1813 1687 1969 1720 maxima

203 1740 315 1773 totius
342 1740 526 1783 religionis
553 1741 655 1784 praxi
683 1742 884 1774 uersautur.
929 1739 1073 1781 QuartO,
1102 1752 1145 1773 ex
1173 1741 1355 1784 praedicto
1374 1740 1602 1784 Papistarum
1626 1751 1787 1773 summae
1813 1739 1967 1773 authori-

202 1793 290 1826 tatis
316 1792 406 1826 libro
432 1792 670 1836 liquidissime
697 1793 974 1834 demonstratur,
1001 1793 1097 1837 ipsos
1125 1798 1284 1827 extreme
1302 1793 1459 1837 impiam,
1486 1793 1742 1834 Pharisaicam,
1769 1792 1966 1833 Turcicam,

203 1848 239 1879 et
273 1846 379 1889 plane
406 1846 739 1887 Antichristianam,
775 1848 837 1879 aut
864 1845 997 1880 Christi
1033 1846 1150 1880 officio
1187 1858 1231 1880 ex
1266 1846 1441 1879 diametro
1476 1848 1735 1890 repugnantem
1770 1845 1967 1879 doctrinam

203 1897 498 1942 Religionemque
519 1911 724 1943 proponere,
752 1902 787 1933 et
806 1902 928 1943 aperte.
947 1899 1117 1944 profiteri,
1146 1899 1358 1943 pusillisque
1378 1899 1511 1932 Christi
1531 1899 1656 1932 fraude
1675 1901 1711 1932 et
1736 1898 1967 1941 sanguinaria.

204 1951 375 1985 uiolentia
402 1952 592 1985 obtrudere
619 1952 750 1986 conari.
802 1952 1000 1986 Dolendum
1029 1953 1188 1996 profecto
1216 1954 1252 1986 et
1278 1952 1534 1997 deplorandum
1562 1955 1626 1992 est,
1653 1951 1866 1985 monarchas
1891 1954 1966 1985 tam

205 2005 351 2049 impium
388 2016 501 2048 genus
538 2005 720 2039 doctrinae
755 2005 830 2039 suis
865 2006 1106 2039 seuerissimis
1142 2005 1279 2045 edictis,
1315 2006 1456 2039 miseris
1483 2005 1637 2039 subditis
1663 2005 1698 2038 ui
1729 2017 1769 2038 ac
1796 2004 1968 2038 uiolentia

204 2058 394 2092 obtrudere
422 2059 571 2092 conarL
619 2059 673 2092 lta
700 2060 854 2092 Flavius
880 2059 914 2091 in
942 2058 1022 2092 libri
1053 2058 1336 2100 Praefatione,
1364 2070 1455 2102 quae
1481 2058 1706 2092 inscribitur:
1743 2057 1968 2100 Christiana

204 2111 405 2145 adhortatio
431 2111 479 2144 M.
498 2111 550 2145 Fl.
570 2111 717 2155 Illyrici,
755 2112 797 2145 ad
825 2111 1099 2145 Serenissimvm
1136 2111 1340 2156 Principem
1377 2114 1412 2145 et
1446 2111 1620 2155 inclytum
1656 2110 1826 2144 Senatum
1852 2110 1967 2144 Vene-

203 2164 345 2201 tiarum
381 2164 425 2198 ad
452 2165 683 2198 scrutandam
712 2165 1031 2208 inquirendamque
1058 2177 1103 2198 ex
1129 2165 1347 2199 coelestibus
1382 2176 1566 2198 sacrarum
1601 2163 1785 2198 literarum
1812 2163 1967 2198 oraculis

203 2217 393 2251 ueritatem
409 2244 416 2257 ,
459 2217 494 2250 in
537 2218 788 2261 praesentibus
830 2217 1027 2261 Religionis
1069 2217 1346 2262 controuersijs,
1390 2219 1425 2251 et
1467 2217 1681 2251 Antichristi
1723 2217 1962 2250 reuelatione

205 2272 253 2314 (p.
273 2270 441 2313 3436).
492 2270 663 2304 Similiter
689 2271 723 2304 in
750 2271 828 2315 ipso
854 2271 935 2304 libri
962 2283 1109 2315 corpore
1136 2271 1312 2315 loquitur
1340 2273 1380 2304 ut
1407 2282 1487 2304 cum
1513 2271 1655 2304 scribit:
1687 2270 1882 2311 ,Videatur
1907 2270 1965 2304 uel

206 2323 419 2357 Iesuitarum
440 2323 697 2363 Catechismus,
725 2335 816 2357 anno
847 2325 934 2358 1554
953 2324 1113 2358 Viennae
1140 2336 1220 2358 cum
1248 2324 1377 2358 eximio
1397 2323 1596 2368 priuilegio,
1623 2326 1686 2357 aut
1703 2324 1820 2368 potius
1839 2335 1963 2358 seuero

204 2376 370 2410 mandato
407 2377 533 2415 editus,
570 2377 629 2410 ubi
665 2380 741 2410 tota
776 2377 918 2411 iusticia
954 2377 1148 2412 Christiani
1183 2377 1335 2411 hominis
1371 2378 1405 2410 in
1441 2377 1526 2411 solis
1553 2377 1717 2421 operibus
1743 2376 1964 2411 collocatur:

202 2441 329 2473 nempe
355 2429 391 2463 in
417 2429 608 2463 omissione
635 2430 821 2471 malorum,
848 2433 884 2464 et
911 2431 946 2463 in
972 2430 1178 2474 operatione
1206 2430 1375 2464 bonorum
1394 2441 1567 2474 operum:
1587 2432 1627 2463 ut
1651 2441 1798 2474 prorsus
1820 2430 1965 2474 perinde

202 2482 356 2516 disserat
381 2483 423 2516 de
443 2483 601 2522 Iusticia,
628 2484 721 2517 sicut
747 2483 878 2527 aliquis
896 2483 1124 2524 Pharisaeus,
1151 2483 1301 2523 Turcus,
1327 2483 1503 2517 Ethnicus
1529 2485 1592 2517 aut
1616 2483 1777 2516 iudaeus.
1822 2484 1966 2526 Ignorat

203 2546 298 2574 uero,
334 2538 395 2569 aut
433 2538 529 2569 certe
555 2536 684 2569 saltem
719 2536 872 2579 negligit
908 2537 1050 2580 penitus
1078 2536 1211 2571 Christi
1247 2536 1425 2570 iusticiam
1452 2535 1674 2569 obedientiae
1701 2547 1742 2569 ac
1777 2536 1964 2580 passionis,

204 2590 240 2621 et
266 2589 440 2631 quomodo
466 2591 641 2632 sanguine
669 2589 801 2623 Christi
828 2590 1074 2623 iustificemur.
1127 2589 1214 2623 Cum
1250 2601 1355 2634 porro
1382 2589 1425 2623 ad
1461 2589 1701 2632 expiationem
1739 2591 1964 2632 peccatorum

202 2640 311 2681 uenit,
347 2641 480 2674 multas
514 2642 672 2676 rationes
708 2654 749 2675 ea
785 2642 963 2686 expiandi,
998 2642 1184 2685 Deumque
1220 2642 1385 2686 placandi
1419 2653 1482 2686 per
1508 2642 1599 2675 bona
1630 2653 1736 2683 opera
1762 2644 1963 2676 monstrat:

203 2692 296 2726 inter
323 2704 411 2736 quas
438 2705 613 2738 nusquam
640 2695 808 2739 reperies,
837 2696 928 2739 quod
949 2697 1097 2737 sanguis
1117 2695 1251 2729 Christi
1269 2707 1332 2728 nos
1351 2695 1498 2728 mundet
1516 2697 1578 2727 aut
1599 2694 1722 2727 abluat
1740 2694 1782 2728 ab
1802 2694 1963 2728 omnibus

204 2746 374 2788 peccatis.
425 2746 596 2781 Recitabo
631 2751 751 2781 autem
786 2748 969 2793 amplioris
1003 2748 1085 2781 fidei
1120 2749 1249 2790 gratia,
1285 2749 1441 2792 ipsorum
1479 2748 1622 2791 propria
1657 2747 1777 2781 uerba.
1829 2746 1963 2788 Quibus

205 2809 289 2831 uero
315 2798 428 2832 modis
458 2799 589 2843 (inquit
614 2800 802 2834 Iesuiticus
832 2800 1096 2844 Catechismus)
1125 2803 1273 2845 peccata.
1300 2800 1520 2844 expiantur?
1562 2799 1696 2833 Multos
1723 2802 1818 2833 certe
1845 2800 1962 2834 huius-

205 2850 309 2883 modi.
330 2878 336 2884 .
358 2878 364 2884 .
388 2878 394 2884 .
423 2852 488 2885 His
516 2852 668 2897 alijsque
688 2853 801 2887 modis
827 2856 863 2887 et
889 2853 1019 2898 officijs
1038 2865 1144 2887 uerae
1162 2854 1320 2898 pietatis,
1348 2863 1606 2897 comparamus,
1633 2854 1719 2886 etc.
1747 2852 1825 2895 (l.c.
1844 2865 1876 2897 p.
1889 2853 1962 2896 58).

323 2903 362 2936 In
390 2904 511 2938 eodem
538 2904 627 2939 libro
657 2905 705 2949 (p.
727 2907 785 2948 77)
816 2906 959 2940 Flacius
984 2918 1053 2939 non
1077 2910 1233 2946 veretur,
1261 2906 1398 2939 foedam
1426 2906 1524 2939 illam
1552 2905 1764 2938 calumniam
1792 2908 1963 2950 repetere,

206 2954 312 2987 immo
339 2956 445 2989 etiam
473 2957 605 2990 certius
632 2958 834 3001 clariusque
860 2959 1030 3003 proferre,
1058 2970 1164 3002 quam
1191 2971 1221 2993 a.
1244 2960 1333 2993 1559
1360 2959 1479 2992 libello
1506 2958 1709 3000 germanice
1727 2958 1860 3002 scripto
1879 2958 1961 2991 effu-

208 3006 326 3040 derat:
355 3008 534 3042 Canisium
562 3021 653 3043 anno
684 3011 770 3044 1557
799 3011 1007 3054 Moguntiae
1034 3023 1114 3045 cum
1141 3011 1325 3046 abbatissa
1351 3012 1503 3054 quadam
1529 3014 1691 3055 stuprum
1719 3010 1859 3045 fecisse.

325 3059 530 3094 Calumniae
548 3062 659 3095 verba
676 3075 745 3096 non
772 3075 871 3107 pono,
898 3064 982 3107 quia
1008 3065 1079 3097 iam
1104 3064 1206 3108 posui
1228 3065 1314 3098 Can.
1333 3063 1582 3098 11800801.
1623 3063 1756 3097 Ibidem
1779 3075 1820 3096 ea
1838 3063 1959 3097 fabula

206 3110 396 3145 refutatur.
446 3113 500 3146 Ad
527 3114 784 3148 catechismum
811 3116 944 3149 Canisii
969 3119 1125 3151 transeo.
1176 3116 1288 3158 Quem
1323 3128 1430 3161 quam
1459 3116 1552 3150 male
1587 3118 1780 3150 tractasset
1805 3116 1956 3158 Flacius,

209 3162 277 3196 iam
306 3164 443 3197 ostendi
473 3166 558 3199 Can.
587 3165 635 3199 IV
664 3167 763 3209 1027,
800 3179 878 3201 cum
907 3169 948 3202 de
983 3168 1095 3202 altero
1130 3169 1191 3203 illo
1226 3169 1315 3203 libro
1342 3169 1453 3203 Flacii
1479 3169 1701 3203 dissererem.
1753 3168 1820 3203 Hic
1847 3181 1961 3214 pauca
