2045 3471
213 198 297 240 400
688 196 789 231 1406.
817 195 982 231 Canisius
1009 195 1044 230 S.
1063 195 1252 230 Francisco
1279 196 1321 230 de
1348 196 1488 239 Borgia.

212 326 244 348 11.
276 313 340 348 188
370 313 452 356 (407
478 312 576 357 408).
628 313 814 358 Epistulae
848 315 970 358 partes
1005 313 1140 357 aliquot
1175 324 1220 347 ex
1255 312 1478 357 autographo
1514 313 1716 357 exscriptae
1752 314 1899 347 exstant
1932 312 1969 346 in

212 366 450 454 {gpmgfadal
481 366 532 400 ΙΙΙ
559 366 638 400 786.
689 366 852 411 Epistula
886 366 941 401 usi
973 368 1057 401 sunt
1093 366 1298 410 SaoeMnns,
1335 365 1420 399 Can.
1447 366 1527 405 241,
1563 368 1598 399 et
1628 367 1753 409 Boero,
1789 364 1873 400 Can.
1901 365 1968 400 309

334 495 554 539 Curandum,
592 501 628 529 ut
661 497 818 530 homines
852 497 888 529 in
922 495 1092 528 haeresim
1121 495 1254 537 relapsi
1277 495 1353 527 sine
1377 495 1601 528 ahiam-atione
1626 499 1656 527 et
1681 495 1886 528 testimoniis
1911 495 1970 528 ab·

211 548 298 581 solvi
329 559 398 591 per
424 549 544 582 Socios
575 551 710 592 possint
717 562 732 592 ,·
763 550 896 593 reliqui
921 549 1133 591 confessarii
1160 549 1199 580 id
1224 548 1330 580 libere
1359 548 1510 589 faciunt.
1561 547 1653 581 Novi
1672 549 1893 590 professores
1918 548 1969 580 di-

212 601 362 644 linyani.
415 602 623 635 Catechismi
648 603 803 636 Romani
833 604 945 636 versio
968 602 1185 645 yermanica.
1239 601 1378 633 Cam'sii
1403 601 1578 634 contiones
1603 601 1876 644 herbipolenses,·
1901 601 1970 643 epi-

211 656 308 697 scopi
342 655 449 697 favor
462 668 475 696 ,·
512 656 679 689 admissio
717 656 874 699 colleyii,·
912 656 1005 698 quod
1045 660 1080 688 ut
1120 655 1222 687 initio
1260 655 1450 696 inferiores
1486 658 1622 686 tantam
1665 654 1802 687 scholas
1835 654 1969 697 habeat,

212 708 432 741 suadendum
458 713 505 741 est
513 721 527 751 ;
550 710 610 742 sed
635 709 674 741 P.
698 709 840 742 Natalis
867 711 887 741 9
913 709 1038 741 classes
1056 708 1226 750 promisit
1234 719 1248 748 ,·
1271 708 1430 750 primam
1455 708 1679 740 contionator
1703 711 1733 739 et
1752 711 1971 749 procurator

211 761 303 793 mitti
331 761 462 795 debent.
512 762 728 794 Dioecesana
753 762 907 804 synodus
937 762 1105 803 Dilinyae
1130 760 1300 793 habenda.
1352 760 1594 803 Franconum,
1620 761 1774 792 maxime
1799 759 1971 792 nobilium

212 817 243 845 et
277 813 496 857 clericorum,
530 814 615 856 fides
649 825 829 857 moresque
862 816 1035 857 corrupti.
1096 813 1234 847 Canisii
1267 813 1453 846 catecheses
1486 813 1764 855 lterbipoienses,·
1797 812 1970 845 institutio

213 867 522 908 confessariormn.
581 868 707 900 Rector
741 867 949 910 dilinyanus
983 868 1131 899 nimium
1159 866 1357 899 laborando
1392 866 1531 907 effectas
1564 870 1611 898 est
1648 865 1821 906 infirmas.
1874 865 1969 908 „Ear-

210 917 389 962 pressins“
417 921 698 963 respondendum
725 925 781 953 est.

555 1010 582 1061 †
620 1009 714 1051 Pax
745 1009 903 1051 Christi
935 1008 1166 1051 admodum
1199 1007 1451 1050 Reuerende
1484 1007 1627 1049 Pater.

331 1086 492 1140 Accepi
524 1099 634 1139 quae
666 1085 840 1140 scripsit
871 1085 926 1128 ad
957 1098 1026 1127 me
1058 1084 1307 1127 Paternitas
1330 1084 1490 1126 Vestra
1523 1084 1563 1124 8⁰
1596 1085 1641 1125 et
1673 1083 1743 1123 25⁰
1766 1081 1970 1135 Ianuarij.

332 1151 452 1201 Quod
485 1151 539 1193 ad
571 1151 827 1193 facultatem
859 1151 1056 1204 relapsos
1087 1149 1155 1191 hic
1189 1148 1440 1191 absoluendi
1454 1150 1481 1198 ¹,
1524 1147 1664 1190 sentio
1704 1147 1816 1189 idem
1858 1146 1972 1199 quod

214 1216 263 1258 R.
287 1216 334 1260 P.
358 1216 546 1267 Natalis,
579 1216 814 1269 largiorem
847 1215 1212 1269 dispensationem
1246 1213 1368 1255 nobis
1400 1212 1688 1255 necessariam
1718 1225 1825 1254 esse.
1878 1211 1971 1253 Nec

214 1281 355 1323 idonei
387 1285 488 1324 sunt
520 1281 730 1324 Rectores
763 1281 818 1323 ad
861 1295 957 1322 eam
991 1279 1291 1330 exercendam,
1332 1292 1419 1320 non
1450 1278 1613 1320 Doctor
1644 1276 1844 1326 Lanoius,
1887 1290 1972 1317 non

214 1346 260 1389 P.
284 1346 546 1396 Dominicus,
587 1360 673 1388 000
705 1345 845 1388 frater
877 1345 1009 1387 etiam
1022 1346 1051 1396 2,
1096 1344 1167 1398 qui
1209 1346 1284 1386 aut
1325 1342 1514 1397 imperiti
1555 1345 1657 1384 sunt
1689 1341 1971 1384 Germanicae

214 1411 400 1465 linguae,
435 1413 511 1454 aut
544 1411 704 1453 nullam
738 1411 902 1453 habent
935 1410 1285 1452 commoditatem
1319 1423 1414 1450 cum
1446 1407 1630 1462 relapsis
1662 1406 1831 1461 agendi,
1865 1419 1971 1459 quos

214 1491 298 1518 non
326 1476 540 1530 Dilingae,
574 1476 649 1518 sed
671 1476 912 1529 Augustae,
947 1474 1177 1528 Monachij,
1211 1472 1474 1527 Jngolstadij
1508 1476 1552 1515 et
1584 1471 1686 1514 alibi
1718 1471 1970 1526 reperimus.

215 1541 361 1594 Jgitur
393 1555 446 1583 ne
478 1540 769 1595 impediantur
809 1539 948 1582 nostri
981 1553 1156 1593 quaeso,
1200 1553 1295 1581 cum
1327 1538 1480 1580 volunt
1521 1541 1565 1580 et
1606 1540 1787 1591 possunt
1819 1536 1871 1578 de
1903 1549 1971 1577 re-

172 1625 175 1627 ·
215 1605 350 1660 lapsis
382 1606 489 1648 bene
523 1605 691 1656 mereri,
726 1605 800 1647 sed
832 1605 1088 1659 impetretur
1120 1604 1204 1645 illis
1236 1603 1426 1645 facultas
1459 1602 1641 1656 amplior
1672 1601 1714 1643 in
1747 1601 1827 1642 hoc
1859 1600 1971 1642 diffi-

217 1669 287 1711 cili
318 1672 437 1712 statu
470 1670 720 1724 Religionis,
764 1673 807 1712 et
848 1670 955 1711 haec
987 1668 1239 1710 absoluendi
1275 1669 1473 1722 potestas
1506 1666 1559 1707 ad
1593 1665 1831 1708 ordinarios
1865 1665 1972 1707 Ger-

217 1749 441 1777 manorum
474 1734 769 1777 Confessarios
802 1749 931 1776 unum
965 1737 1009 1776 et
1049 1734 1234 1776 alterum
1277 1733 1319 1773 in
1361 1730 1514 1784 quouis
1548 1730 1729 1784 collegio
1763 1730 1972 1772 extendat

216 1813 325 1850 sese,
360 1800 501 1853 quoad
524 1800 615 1841 eius
647 1800 739 1841 fieri
761 1802 850 1853 pot.
874 1798 1090 1853 Monachij
1124 1798 1206 1840 hac
1228 1797 1443 1850 indigeret
1464 1798 1686 1850 potestate
1708 1796 1760 1838 D.
1783 1795 1971 1838 Paulus3

217 1867 261 1906 et
293 1865 339 1907 P.
363 1864 638 1906 Theobaldus
651 1866 679 1913 4,
714 1863 941 1916 Augustae
973 1864 1020 1905 P.
1046 1862 1311 1916 Gregorius5
1343 1864 1386 1903 et
1428 1861 1475 1903 P.
1499 1861 1765 1902 Vendelinus
1777 1861 1806 1911 6,
1842 1859 1971 1902 Oeni—

215 1929 337 1983 ponti
367 1929 415 1974 P.
441 1929 679 1983 Georgius7
711 1932 756 1971 et
778 1929 823 1971 P.
848 1928 1016 1970 Dirsius
1040 1963 1048 1970 .
1073 1926 1336 1981 Jngolstadij
1360 1926 1406 1969 P.
1430 1925 1673 1967 Henricus8
1696 1929 1741 1967 et
1761 1926 1812 1967 D.
1832 1925 1971 1967 Theo-

217 1995 384 2037 dorus9.
448 1994 668 2048 Jntelligit
708 1994 822 2035 haud
865 1993 991 2035 dubie
1023 1994 1070 2036 P.
1089 1993 1141 2035 V.
1167 1995 1376 2046 quantum
1417 1991 1608 2032 horroris
1649 1991 1882 2033 allaturum
1914 1990 1971 2033 sit

217 2059 455 2110 Germanis,
499 2059 536 2101 si
568 2060 621 2101 ad
654 2058 968 2101 abiurationem
1002 2061 1046 2100 et
1086 2057 1337 2100 testimonia
1368 2056 1584 2106 veniatur,
1627 2055 1883 2110 praesertim
1917 2055 1970 2096 ab

215 2125 281 2179 ijs,
324 2124 396 2178 qui
436 2124 574 2178 magis
616 2125 742 2178 culpa
782 2126 1006 2177 pastorum
1048 2137 1177 2176 quam
1218 2136 1297 2164 sua
1339 2134 1470 2175 saepe
1512 2124 1588 2163 aut
1630 2120 1849 2171 dubitant,
1895 2123 1970 2162 aut

216 2193 365 2233 errant
397 2189 512 2232 circa
542 2190 670 2231 fidem
703 2192 746 2231 et
771 2188 1055 2242 Religionem.
1108 2187 1295 2230 Jnterim
1327 2186 1409 2228 soli
1430 2186 1626 2228 Jesuitae
1657 2199 1742 2227 non
1773 2187 1967 2240 possunt,

216 2255 328 2307 quod
361 2255 475 2309 apud
504 2254 800 2297 Confessarios
834 2253 1072 2295 Germanos
1105 2266 1253 2294 omnes
1284 2252 1420 2294 libere
1452 2250 1662 2293 committi
1704 2253 1748 2292 et
1780 2251 1833 2292 ab
1865 2250 1968 2305 Epi-

215 2319 356 2374 scopis
387 2320 561 2374 probari
594 2318 784 2372 quotidie
825 2319 1123 2372 comperimus.
1187 2318 1349 2359 Verum
1389 2317 1497 2358 haec
1528 2315 1652 2358 salua
1692 2329 1862 2369 semper
1894 2316 1968 2357 ob-

216 2384 404 2427 edientia
436 2387 481 2427 et
511 2384 758 2427 reuerentia
789 2384 976 2426 Sanctae
1008 2383 1132 2426 Sedi³
1163 2382 1443 2436 Apostolicae
1476 2381 1621 2423 debita
1654 2380 1848 2423 dixerim.

332 2450 569 2503 Pergratus
601 2449 684 2491 erit
724 2448 847 2490 nobis
880 2448 1092 2490 aduentus
1131 2448 1310 2489 duorum
1343 2445 1711 2500 Philosophorum,
1753 2459 1859 2497 quos
1892 2445 1967 2487 Di-

214 2514 358 2567 lingae
390 2515 597 2557 maiorem
629 2514 671 2555 in
704 2514 877 2556 modum
910 2515 1158 2566 expectant.
1213 2511 1508 2555 Catechismus
1539 2510 1758 2552 Romanus
1789 2509 1833 2550 in
1861 2510 1965 2552 Ger-

214 2579 400 2621 maniam
433 2579 574 2633 coepit
605 2578 761 2628 inuehi,
796 2581 840 2621 et
871 2578 1058 2620 nondum
1092 2580 1158 2619 est
1189 2577 1359 2630 integre
1393 2589 1624 2618 conuersus
1647 2588 1672 2616 a
1693 2575 1744 2616 D.
1769 2574 1903 2616 Paulo
1919 2577 1964 2617 10.

214 2644 614 2686 Reuerendissimus
661 2642 899 2685 Cardinalis
947 2645 1096 2684 noster
1143 2656 1249 2696 opus
1296 2641 1376 2683 hoc
1423 2639 1723 2682 Germanicum
1766 2639 1966 2693 Dilingae

332 2735 360 2767 a)
382 2738 405 2759 A
427 2738 495 2760 Can.
516 2739 671 2761 correctum
693 2743 728 2760 ea*
749 2734 844 2760 Sedis.

336 2864 345 2882 ¹
371 2863 461 2897 Vide
487 2875 595 2908 supra
621 2877 653 2909 p.
674 2864 741 2898 340
769 2863 966 2897 343—344.

332 2915 345 2934 ²
370 2915 440 2949 ΡΡ.
467 2916 637 2951 Nicolaus
663 2916 826 2957 Lanoius,
862 2915 1069 2949 Dominicus
1096 2915 1297 2958 Menginus,
1332 2914 1572 2948 Theodoricus
1599 2912 1772 2953 Canisius,
1808 2915 1964 2947 rectores

216 2965 443 3008 collegiorum
470 2970 705 3014 oenipontani.
732 2969 967 3009 monacensis,
994 2968 1177 3012 dilingani.
1211 2967 1365 3001 Lanoius
1392 2970 1427 3000 et
1449 2965 1690 3000 Theodoricus
1715 2965 1858 3008 linguae
1878 2965 1964 3000 Ger-

214 3018 353 3051 maniae
387 3022 579 3064 superioris
614 3023 770 3066 aliquam
805 3021 983 3055 habebant
1019 3021 1216 3061 scientiam,
1253 3020 1347 3054 haud
1377 3020 1428 3054 ita
1452 3022 1572 3052 tamen
1599 3029 1783 3061 magnam:
1813 3031 1846 3052 v.
1878 3020 1962 3052 Can.

215 3068 266 3101 ΠΙ
293 3070 360 3103 694
386 3075 421 3105 et
446 3084 553 3117 supra
580 3086 612 3118 p.
640 3075 720 3109 262.

335 3124 347 3142 ³
373 3123 551 3160 Hoffaeus.
696 3129 707 3147 4
734 3127 844 3160 Sto’tz.
989 3127 1001 3146 ⁵
1027 3126 1217 3160 Roseffius.
1362 3126 1374 3145 ⁶
1400 3123 1525 3158 Vclck.
1672 3124 1683 3143 Τ
1711 3123 1867 3168 Crispus.

334 3176 346 3194 ³
372 3176 560 3211 Arboreus.
705 3180 717 3198 ⁹
744 3179 926 3213 Peltanus.
1075 3179 1100 3198 ¹0
1126 3179 1283 3212 Hoffaeo.
