2077 3461
679 634 727 706 P
752 633 1283 706 RAEFATIO.

213 868 353 946 Opus
371 891 440 933 diu
459 891 751 934 desideratum
773 895 817 934 et
840 892 893 934 ad
916 892 1041 934 huius
1063 891 1293 934 voluminis
1316 891 1524 945 epistulas
1545 890 1862 945 intellegendas

95 969 463 1022 illustrandasque
480 967 755 1010 utilissimum
778 982 890 1010 anno
912 970 1022 1011 1907
1049 968 1182 1010 edidit
1205 968 1250 1012 P.
1269 968 1400 1010 Bern
1412 967 1566 1010 ardus
1583 968 1620 1009 D
1631 968 1723 1010 uhr
1740 968 1780 1012 S.
1799 969 1860 1018 J.;

96 1045 252 1087 librum
283 1045 389 1096 dico,
424 1044 495 1098 qui
527 1043 796 1086 inscribitur:
837 1044 1120 1095 „Geschichte
1154 1045 1229 1086 der
1251 1044 1449 1087 Jesuiten
1480 1044 1524 1086 in
1557 1044 1640 1086 den
1662 1045 1862 1087 Landern

97 1121 328 1164 deutscher
351 1121 499 1174 Zunge
530 1120 588 1162 im
614 1120 729 1163 XVI.
753 1120 1094 1162 Jahrhundert“.
1138 1119 1254 1162 Usus
1287 1134 1381 1161 sum
1413 1119 1573 1173 insigni
1604 1120 1685 1162 hoc
1717 1135 1861 1176 opere,

97 1200 304 1253 quantum
333 1196 425 1239 fieri
456 1199 652 1251 poterat;
686 1197 821 1239 multo
853 1199 1000 1239 autem
1035 1195 1249 1250 copiosius
1278 1197 1426 1238 eodem
1450 1211 1553 1238 usus
1578 1211 1732 1248 essem,
1766 1197 1860 1247 nisi,

97 1289 193 1317 cum
224 1274 330 1316 illud
361 1273 405 1315 in
436 1273 575 1315 lucem
610 1273 906 1323 emitteretur,
949 1273 1151 1314 volumen
1192 1272 1271 1314 1100
1306 1272 1540 1315 maximam
1574 1273 1661 1315 iam
1693 1276 1862 1328 partem

94 1352 216 1407 prelo
248 1353 450 1405 paratum
482 1349 638 1392 fuisset
668 1363 748 1392 nec
780 1349 1018 1402 longiorem
1048 1364 1214 1391 moram
1246 1349 1432 1392 tulisset.
1478 1350 1713 1392 Plurimum
1746 1351 1862 1393 utili-

95 1429 202 1471 tatis
246 1427 340 1481 cepi
384 1427 517 1468 etiam
561 1440 617 1468 ex
659 1426 789 1469 tomis
834 1426 908 1469 III.
943 1429 987 1468 et
1026 1425 1100 1468 IV.
1152 1426 1472 1480 „Epistolarum
1516 1426 1563 1469 P.
1607 1426 1863 1481 Hieronymi

96 1504 240 1546 Nadal
273 1504 314 1546 S.
348 1504 414 1546 J.“
481 1503 652 1545 Matriti
683 1503 808 1545 annis
843 1504 1135 1545 1898—1905
1169 1503 1222 1544 ab
1255 1503 1510 1557 hispanis
1553 1502 1863 1546 Societatis

95 1581 218 1623 Iesu
260 1579 653 1622 sacerdotibus
684 1579 911 1622 editarum.
954 1579 1083 1621 Haud
1114 1593 1266 1634 pauca,
1302 1593 1411 1632 quae
1440 1580 1495 1622 ab
1517 1579 1602 1621 illis
1625 1594 1680 1622 ex
1712 1580 1862 1622 arche-

95 1657 213 1712 typis
254 1657 326 1698 vel
367 1656 557 1698 eiusdem
599 1656 807 1710 temporis
852 1655 1115 1710 apographis
1158 1655 1342 1710 primum
1386 1656 1570 1709 vulgata
1613 1658 1736 1707 sunt,
1783 1670 1863 1709 ego

97 1747 266 1788 quoque
307 1747 363 1775 ex
402 1732 553 1774 iisdem
594 1732 786 1774 fontibus
828 1732 930 1774 mihi
971 1732 1302 1774 transcribenda
1343 1746 1438 1774 esse
1471 1732 1639 1784 censui,
1682 1747 1778 1775 cum
1812 1746 1863 1774 ea

97 1811 280 1866 primum
315 1809 487 1863 quidem
521 1808 574 1850 ad
597 1808 817 1858 Natalem,
852 1808 1004 1850 deinde
1028 1811 1173 1851 autem
1207 1809 1262 1851 ad
1287 1808 1504 1850 Canisium
1538 1823 1708 1863 quoque
1740 1823 1863 1863 spec-

95 1892 192 1932 tare
225 1885 652 1933 animadvertissem:
699 1886 879 1937 accedit,
924 1886 1037 1940 quod
1070 1885 1212 1940 operis
1250 1887 1333 1928 mei
1374 1886 1622 1929 institutum
1666 1900 1862 1928 nonnun—

98 1980 225 2019 quam
259 1963 409 2017 exigit,
444 1965 492 2005 ut
524 1963 721 2017 epistulis
752 1963 837 2005 illis
869 1963 1244 2016 monumentisque
1267 1964 1582 2017 explicationes
1615 1963 1786 2017 aliquae
1819 1965 1864 2005 et

96 2040 411 2083 illustrationes
452 2039 765 2093 adiungantur,
809 2054 919 2093 quae
960 2040 1002 2082 in
1042 2040 1275 2094 „Epistolis
1317 2041 1363 2084 P.
1396 2041 1654 2094 Hieronymi
1691 2039 1859 2082 Nadal“

98 2117 391 2173 praetermitti
431 2119 636 2171 poterant
677 2118 746 2159 vel
788 2117 918 2160 etiam
964 2117 1191 2160 debebant.
1254 2118 1419 2159 Eadem
1455 2118 1507 2159 de
1540 2131 1672 2160 causa
1704 2117 1862 2170 aliqua,

99 2195 153 2238 ad
177 2209 355 2248 quorum
388 2193 531 2236 fontes
553 2207 621 2235 me
642 2194 871 2248 pervenire
894 2195 1008 2237 haud
1040 2194 1168 2237 facile
1191 2200 1299 2245 erat,
1333 2195 1398 2245 iis,
1433 2209 1613 2248 quorum
1637 2194 1862 2244 intererat,

98 2271 338 2314 liberaliter
370 2271 716 2322 concedentibus,
758 2285 813 2313 ex
844 2271 950 2326 ipsis
990 2272 1076 2314 illis
1107 2272 1237 2315 tomis
1270 2272 1596 2315 matritensibus
1630 2270 1862 2325 exscripsi;

99 2348 187 2391 suis
228 2348 334 2390 locis
374 2347 482 2390 haec
513 2347 767 2401 singillatim
805 2349 1084 2391 notabuntur.
1148 2348 1349 2390 Plurimis
1391 2362 1561 2402 quoque
1603 2347 1699 2390 aliis
1739 2346 1865 2389 huius

99 2424 330 2467 voluminis
371 2423 477 2465 locis
509 2424 780 2477 praeclarum
825 2425 930 2467 illud
975 2424 1270 2479 Epistolarum
1313 2439 1444 2479 opus,
1489 2425 1602 2478 quod
1647 2424 1779 2467 etiam
1820 2423 1864 2465 in

101 2501 333 2545 Germania
365 2501 419 2542 ab
451 2500 667 2542 historicis
699 2501 981 2543 vehementer
1012 2501 1235 2544 laudatum
1270 2504 1350 2552 est,
1384 2501 1745 2544 commemorabo,

218 2577 424 2620 Dicturus
456 2576 499 2617 in
529 2576 801 2626 „Prooemio“
829 2577 881 2619 de
913 2577 1038 2619 huius
1068 2577 1297 2635 voluminis
1328 2577 1500 2619 ratione
1533 2579 1578 2619 et
1609 2577 1751 2627 rebus,
1784 2577 1864 2619 hoc

99 2653 194 2696 loco
227 2653 340 2707 quod
381 2653 521 2695 dicam
562 2667 646 2694 non
687 2653 847 2705 habeo,
893 2654 975 2696 nisi
1016 2656 1064 2697 ut
1096 2654 1315 2704 omnibus,
1362 2653 1433 2707 qui
1474 2666 1543 2695 1110
1588 2653 1863 2704 adiuverunt,

100 2730 268 2783 gratias
308 2728 522 2772 maximas
564 2742 705 2782 agam.
768 2730 888 2772 Inter
920 2744 1016 2781 eOS,
1061 2730 1132 2783 qui
1165 2730 1346 2780 codices,
1389 2730 1535 2781 libros,
1576 2729 1754 2771 consilia
1785 2729 1864 2772 hu-

100 2805 348 2848 manissime
369 2805 471 2847 mihi
495 2805 897 2860 suppeditaverunt,
922 2805 1038 2859 grati
1060 2805 1191 2848 animi
1223 2805 1495 2858 significandi
1528 2819 1660 2848 causa
1692 2805 1864 2847 nomino

102 2882 152 2925 R.
177 2882 223 2925 P.
258 2881 610 2923 Franciscum
643 2881 810 2923 Ehrle
843 2881 884 2924 S.
908 2882 963 2930 J.,
998 2882 1267 2935 praefectum
1299 2881 1587 2924 bibliothecae
1618 2882 1862 2931 vaticanae,

102 2961 147 3001 et
179 2959 282 3001 clar.
316 2959 367 3001 D.
400 2958 635 3000 Doctorem
668 2957 963 3000 Martinum
997 2958 1254 3008 d'Huart‚
1288 2958 1508 3012 gymnasii
1541 2957 1864 3012 epternacensis

102 3034 373 3085 directorem,
406 3033 478 3087 qui
500 3033 792 3088 superioribus
815 3034 938 3076 annis
960 3034 1156 3088 publicae
1179 3034 1464 3077 bibliothecae
1487 3033 1864 3088 luxemburgensis

102 3111 351 3166 praefectus
401 3114 508 3153 erat.
581 3111 765 3153 Multum
817 3111 951 3153 debeo
996 3110 1126 3153 etiam
1172 3110 1550 3153 Reverendissimo
1596 3112 1647 3154 D.
1688 3108 1866 3153 Doctori
