2077 3461
694 194 881 239 Moguntia
912 195 967 229 ⁵27.
994 194 1068 227 lan.
1099 193 1199 227 1566.
1740 190 1819 230 171

65 320 266 371 laeteque
318 316 542 371 proceditl
592 315 818 358 Domino
871 312 1127 355 mirabiliter
1179 308 1562 364 cooperante‘2.
1645 307 1825 349 Jnterea

67 389 187 426 cum⁸
219 383 381 425 Senatu
414 384 457 423 et
481 380 713 434 Gymnasio
747 378 893 421 multis
926 378 977 419 de
1009 377 1137 419 rebus
1169 375 1251 428 egi,
1285 388 1365 416 nec
1396 372 1608 415 inutiliter
1639 371 1824 424 quidem,

66 447 184 491 Deob
229 447 286 489 sit
329 445 485 499 gratia.
561 444 827 487 promittunt
871 456 1020 485 omnes
1064 455 1114 483 ac
1157 441 1385 495 praestant
1428 436 1737 479 Reuerentiam
1782 438 1826 477 et

67 511 394 556 Oboedientiam
417 510 458 552 S.
483 510 581 552 Sedi
605 508 896 563 Apostolicae,
929 507 1049 549 cuius
1072 519 1152 559 ego
1180 519 1284 558 erga
1314 504 1432 557 ipsos
1464 500 1824 549 beneuolentiam,

67 577 268 627 studium,
310 579 354 618 et
395 588 584 617 amorem
622 573 849 628 explicaui.
913 571 1079 614 Deinde
1120 585 1203 612 non
1241 567 1459 623 grauatim
1491 569 1747 620 receperunt
1780 578 1826 607 se

66 643 280 692 facturos,
330 654 439 694 quae
482 639 701 694 postulaui
742 638 796 681 ad
840 637 979 679 zelum
1019 634 1257 688 Religionis
1301 632 1441 685 magis
1484 630 1708 684 magisque
1753 629 1827 671 de-

67 707 316 750 clarandum
330 707 359 748 3.
423 706 581 747 Postea
618 703 661 745 in
695 703 855 745 Senatu
889 701 1173 743 constitutum
1204 699 1299 749 fuit,
1332 700 1381 740 ut
1412 696 1621 751 pestilens
1654 694 1825 747 quidam

67 773 366 825 Paedagogus.
410 769 480 823 qui
522 769 777 823 plaerosque
819 766 975 808 diuites
1018 768 1062 807 et
1102 764 1267 807 nobiles
1308 762 1606 804 adolescentes
1637 758 1827 801 instituit

68 838 194 887 domi,
228 851 313 878 non
345 834 529 888 amplius
560 833 604 874 111
635 833 715 874 hoc
748 831 928 873 docendi
959 844 1118 884 genere
1159 828 1413 877 toleretur4,
1456 828 1587 878 atque
1627 823 1828 878 prohibe-

67 906 197 946 antur
236 900 333 943 libri
374 898 640 942 Catholicam
679 896 915 951 puritatem
958 895 1185 944 vitiantes,
1228 896 1272 935 et
1313 891 1456 933 nullus
1497 888 1668 931 omnino
1709 888 1829 930 locus

68 968 194 1010 detur
225 969 302 1008 aut
334 962 720 1012 concionatoribus,
755 964 831 1003 aut
862 959 1228 1014 praeceptoribus,
1263 957 1334 1010 qui
1355 955 1455 997 fidei
1477 968 1571 996 esse
1601 956 1830 1007 suspectae

67 1033 309 1075 uideantur.
361 1030 417 1071 ε111
442 1027 676 1081 Gymnasio
710 1026 820 1068 duae
851 1025 938 1067 iam
971 1024 1219 1071 facultates,
1254 1019 1517 1072 Theologica
1549 1021 1593 1061 et
1618 1017 1831 1060 Artistica

68 1097 245 1146 scilicet,
280 1108 392 1137 noua
413 1094 510 1146 lege
537 1093 845 1134 confirmarunt
879 1089 907 1142 (2
941 1090 1067 1131 Jdem
1091 1089 1142 1130 de
1175 1087 1272 1141 alijs
1305 1085 1470 1127 duabus
1502 1097 1679 1138 sperare
1711 1082 1831 1135 licet)

68 1176 121 1204 ne
154 1161 247 1216 quis
280 1157 561 1215 promotionis
594 1156 756 1210 gradus
782 1155 981 1209 accipiat,
1016 1153 1098 1195 nisi
1130 1152 1314 1207 primum
1337 1162 1543 1204 expresse
1575 1149 1831 1202 profiteatur

68 1228 195 1269 fidem
228 1225 283 1268 ad
315 1238 411 1266 eum
444 1223 630 1271 modum,
666 1221 737 1274 qui
759 1221 923 1262 Romae
955 1218 1210 1273 proponitur
1243 1220 1288 1259 et
1320 1215 1598 1262 obseruatum
1632 1213 1689 1255 Jn
1720 1212 1831 1254 hanc

67 1294 207 1348 ipsam
239 1288 486 1333 Catholicae
527 1285 808 1341 professionis
845 1285 1030 1326 formam
1062 1283 1266 1324 iurabunt
1279 1283 1308 1323 5.
1372 1280 1517 1332 Atque
1548 1277 1715 1320 vtinam
1747 1277 1830 1318 Lo-

67 1357 298 1401 uanienses
328 1356 408 1396 hoc
430 1353 570 1408 ipsum
602 1353 892 1406 praestarent,
926 1352 974 1392 ut
1005 1349 1085 1390 hac
1108 1348 1238 1390 etiam
1271 1347 1314 1388 111
1346 1347 1472 1399 parte
1502 1343 1591 1384 filia
1623 1346 1832 1395 sequatur

68 1426 266 1471 matrem,
308 1418 650 1462 Vniuersitatem
691 1416 857 1458 scilicet
889 1413 1227 1457 Coloniensemss.
1290 1410 1373 1464 Egi
1413 1410 1641 1464 praeterea
1680 1408 1732 1449 de
1763 1407 1828 1449 in-

69 1486 304 1531 staurando
346 1484 487 1527 studio
521 1481 796 1535 Theologiae.
860 1479 981 1530 Quod
1013 1479 1147 1521 multo
1181 1477 1339 1519 rectius
1379 1486 1751 1526 consequeremur,
1793 1472 1830 1513 si

71 1568 126 1595 ex
167 1550 327 1594 nostris
367 1563 477 1591 unus
519 1550 648 1598 esset,
683 1546 756 1600 qui
797 1544 975 1587 docendi
1016 1546 1060 1586 et
1101 1540 1347 1596 disputandi
1388 1538 1532 1593 gratia
1573 1538 1619 1580 P.
1653 1537 1830 1579 Costero

70 1621 218 1673 posset
260 1614 450 1669 aequari.
523 1612 760 1655 Plurimum
801 1611 874 1652 ille
916 1609 1086 1663 quidem
1128 1607 1329 1650 Coloniae
1368 1605 1651 1652 desideratur,
1694 1603 1738 1643 et
1779 1601 1831 1643 ob

70 1684 117 1727 P.
151 1680 318 1724 Costeri
358 1678 599 1722 absentiam
640 1677 755 1719 iacet
795 1690 846 1718 ac
882 1675 1016 1727 friget
1049 1671 1310 1725 Theologica
1341 1670 1501 1721 schola,
1544 1681 1654 1722 quae
1686 1670 1833 1709 tamen

72 1748 108 1790 si
140 1746 341 1789 Coloniae
381 1746 490 1786 bene
531 1745 718 1793 curetur,
761 1754 966 1793 magnum
1007 1739 1106 1780 inde
1146 1738 1290 1779 lumen
1331 1749 1381 1778 ac
1413 1736 1545 1777 robur
1576 1748 1661 1775 non
1694 1732 1831 1774 solum

72 1813 128 1855 ad
159 1812 271 1854 hanc
303 1810 515 1853 celebrem
547 1808 698 1850 vrbem
731 1810 776 1849 et
807 1805 1059 1853 Ecclesiam,
1094 1802 1168 1845 sed
1201 1802 1330 1844 etiam
1366 1801 1420 1842 ad
1442 1800 1664 1853 Belgicam
1696 1810 1833 1850 Vsque

72 1877 284 1933 peruenit.
337 1877 549 1918 Doctores
581 1871 717 1915 nostri
752 1871 834 1913 duo
866 1871 912 1913 P.
937 1868 1118 1912 Rhetius
1152 1871 1195 1910 et
1226 1867 1272 1909 P.
1297 1866 1510 1907 Henricus
1543 1865 1597 1906 ad
1628 1862 1832 1918 populum

73 1943 307 1985 iuuandum
347 1941 391 1982 111
423 1938 640 1988 Ecclesia,
684 1950 769 1978 non
810 1949 946 1989 aeque
987 1934 1041 1976 ad
1079 1932 1315 1975 docendum
1358 1934 1402 1973 et
1443 1928 1748 1984 disputandum
1789 1926 1832 1967 in

74 2008 222 2050 schola
254 2007 401 2048 valere
443 2003 685 2046 videntur?
749 2000 893 2054 Digna
932 1998 1129 2054 profecto
1171 1999 1287 2039 esset
1327 1995 1524 2038 Ecclesia
1555 1991 1833 2041 Coloniensis,

194 2104 222 2136 a)
250 2105 283 2129 In
304 2104 383 2128 arch.
404 2110 476 2127 corr.
498 2109 533 2126 61·
552 2099 583 2125 111
603 2102 645 2130 (111
668 2099 805 2129 videtur).
878 2095 909 2129 b)
930 2098 963 2122 111
985 2097 1064 2121 arch.
1084 2095 1216 2128 sequitur
1236 2093 1352 2123 sancta,
1373 2093 1462 2117 oblitt.

201 2236 208 2254 ¹
236 2235 395 2267 Diclacus¹
421 2233 539 2274 Paga-a
567 2231 607 2262 de
634 2229 814 2262 Amlracla
849 2227 1039 2265 lusitanus,
1074 2224 1226 2267 insignis
1262 2222 1322 2257 ille
1358 2220 1498 2256 concilii
1530 2218 1714 2253 tridentini
1741 2217 1837 2250 11160-

76 2289 181 2332 logus
218 2286 316 2330 (vide
346 2286 431 2318 Can.
460 2283 509 2316 IV
538 2281 799 2324 lom—1014),
833 2280 875 2314 de
906 2278 1019 2314 Sociis
1054 2277 1219 2322 scripsit:
1260 2276 1320 2318 „In
1348 2302 1354 2309 .
1383 2301 1390 2309 .
1420 2301 1427 2309 .
1455 2272 1656 2307 Coloniensi
1692 2270 1838 2304 ciuitate

77 2342 218 2384 insigne
244 2339 385 2373 illorum
412 2336 588 2381 quoddam
615 2334 807 2377 collegium
831 2333 986 2378 positum
1005 2334 1071 2372 est,
1097 2330 1214 2373 magis
1233 2329 1376 2373 quidem
1395 2327 1483 2360 viris
1502 2325 1648 2369 egregia
1666 2323 1837 2359 doctrina.

77 2393 253 2438 singulari
278 2392 422 2437 pietate,
448 2390 590 2431 integra
616 2388 650 2421 in
678 2387 791 2421 Deum
817 2386 897 2426 fide,
928 2396 1069 2419 summa
1095 2383 1277 2427 religione,
1304 2381 1596 2422 infiammataque
1623 2376 1774 2420 quadam
1804 2375 1838 2408 in

77 2447 260 2492 proximos
294 2444 470 2479 charitate
506 2441 658 2480 illustre,
694 2451 802 2484 quam
837 2437 1033 2483 splendidis
1068 2434 1342 2479 magnificisque
1369 2431 1542 2467 aedificiis
1576 2430 1750 2463 florens“:
1787 2427 1838 2461 De

80 2499 269 2535 Societatis
295 2498 376 2532 Iesu
403 2495 548 2538 origine,
575 2493 728 2534 libellus,
756 2492 904 2526 Lovanii
933 2491 1033 2531 1566,
1060 2490 1085 2524 f.
1113 2490 1174 2524 38.

199 2553 212 2573 2
238 2552 296 2586 Mc
323 2551 377 2591 16,
404 2550 460 2583 20.

200 2607 212 2626 ³
239 2605 293 2639 Ex
318 2601 558 2637 monumentis
584 2598 858 2638 coloniensibus,
885 2608 975 2641 quae
1002 2596 1095 2630 infra
1120 2605 1262 2640 ponam,
1288 2593 1354 2626 1106
1382 2590 1631 2632 intellegetur:
1660 2585 1837 2623 Coloniae,

81 2671 150 2704 quo
176 2661 335 2702 tempore
354 2655 519 2690 Canisius
546 2665 586 2687 eo
613 2664 658 2686 ex
684 2651 764 2685 aula
788 2649 974 2684 iuliacensi
992 2648 1108 2689 rediit,
1136 2647 1191 2681 Pii
1210 2646 1271 2680 IV.
1290 2656 1386 2679 mors
1405 2643 1558 2677 nondum
1579 2642 1655 2674 erat
1675 2639 1836 2682 cognita:

81 2724 193 2757 quare
220 2712 326 2745 etiam
353 2709 430 2754 ipse
457 2706 622 2742 Canisius
648 2704 812 2738 nuntium
839 2704 881 2737 de
907 2702 1087 2747 pontificis
1122 2702 1236 2734 morte
1272 2699 1308 2732 in
1344 2697 1462 2731 aulam
1496 2694 1727 2729 iuliacensem
1763 2703 1839 2737 per-

81 2766 192 2799 latum
230 2776 292 2809 pro
326 2763 418 2796 falso
453 2759 622 2794 habuisse
657 2757 817 2793 videtur:
854 2755 973 2801 paullo
999 2757 1120 2789 tamen
1146 2755 1339 2796 antequam
1367 2748 1510 2783 Colonia
1547 2746 1671 2783 abiret.
1707 2745 1839 2779 litteris

83 2817 238 2852 romanis
265 2828 306 2850 ea
333 2816 374 2849 de
400 2826 438 2848 re
464 2814 594 2848 certior
620 2812 768 2845 effectus
794 2811 860 2844 est.

202 2872 215 2891 ⁴
251 2868 463 2903 Guilielmus
491 2865 663 2901 Clebitius
699 2863 777 2897 sive
813 2861 954 2895 Klebitz
989 2860 1049 2904 (de
1085 2871 1154 2903 quo
1185 2859 1269 2892 Can.
1298 2857 1346 2890 III
1379 2855 1477 2896 318³)
1520 2851 1834 2895 „matheniaticus“

84 2926 119 2958 et
145 2922 346 2958 calvinismi
372 2922 588 2966 propagator
616 2916 852 2961 (Reiffenberq
876 2914 900 2948 l.
927 2925 956 2947 6.
984 2913 998 2947 Ι
1027 2911 1223 2947 111-112.
1275 2911 1422 2943 Hansen
1449 2907 1471 2940 l.
1499 2918 1528 2940 6.
1556 2905 1641 2940 520ι
1667 2904 1765 2947 530).

203 2977 216 2996 ⁵
242 2975 341 3009 Fidei
368 2973 623 3019 professionem
650 2968 881 3004 tridentinam
907 2967 1011 3005 dicit;
1040 2965 1141 3010 plura
1169 2964 1211 2997 de
1237 2962 1293 2996 his
1320 2962 1426 2995 rebus
1453 2972 1487 2994 V.
1505 2959 1599 2993 infra
1617 2969 1710 2992 mon.
1729 2969 1839 3001 germ.

85 3030 109 3064 l.
138 3028 357 3073 (am—(31).

206 3083 217 3100 ⁶
244 3080 471 3116 Universitas
498 3076 709 3113 coloniensis
735 3073 901 3108 incohata
928 3074 1005 3106 erat
1032 3082 1061 3105 3.
1085 3070 1185 3110 1389,
1212 3067 1430 3102 lovaniensis
1456 3077 1487 3100 a.
1509 3065 1610 3100 1426.

206 3136 218 3155 ³
254 3135 294 3169 P.
321 3133 533 3168 Lemno-dus·
559 3130 678 3164 Jsessel
713 3128 745 3161 S.
775 3127 818 3165 ι1.,
857 3125 998 3168 collegii
1038 3123 1250 3158 coloniensis
1288 3123 1422 3160 rector,
1461 3120 1495 3153 in
1534 3117 1675 3161 collegii
1710 3116 1841 3150 litteris

89 3188 290 3228 menstruis,
319 3187 373 3221 13.
401 3185 566 3220 Octobris
596 3182 684 3217 1562
711 3180 824 3214 datis:
864 3179 1015 3221 „Doctor
1041 3176 1252 3211 Franciscus
1279 3174 1448 3208 Costerus
1474 3183 1604 3215 magna
1630 3182 1709 3205 611111
1738 3170 1840 3203 laude
