2045 3471
190 200 274 240 636
611 196 705 230 Mon.
726 197 794 230 724
820 196 898 231 sive
924 197 983 232 dil.
1004 196 1094 241 (28).
1140 197 1532 232 15.—<20.1unii1567.

189 314 381 359 Casparem
401 312 569 356 Anglum,
585 313 776 347 Societatis
795 313 909 348 Jhesu
926 313 1146 358 Theologum
1175 317 1211 348 et
1228 314 1473 348 Professorem
1491 314 1757 359 Dilingensem²
1779 316 1948 352 habuisse

193 367 407 408 „orationem
434 366 669 410 Synodalem“
704 366 765 409 (ex
791 367 962 401 Actorum
989 367 1116 412 synodi
1143 367 1316 412 exemplo,
1354 368 1476 401 eodem
1511 368 1586 402 fere
1619 370 1780 413 tempore
1814 370 1948 415 scripto

189 423 226 453 et
263 431 283 453 a
318 419 455 453 duobus
489 418 638 453 notariis
673 419 887 464 subscripto,
923 420 1015 464 quod
1051 422 1172 454 exstat
1207 421 1395 464 Augustae
1431 420 1695 455 vindelicorum
1732 422 1767 456 in
1802 422 1948 458 archivo

189 472 308 506 curiae
344 471 569 516 episcopalis,
605 472 706 506 Fasc.
744 472 1100 517 „Diocesan-Synode
1137 485 1169 507 v,
1204 473 1387 515 Dillingen
1425 474 1534 508 1567“
1564 474 1589 508 f.
1618 475 1672 513 7²²;
1709 476 1818 509 etiam
1853 476 1948 521 apud

188 527 218 559 I.
246 527 290 559 A.
318 526 468 568 steina,
495 525 629 570 Synodi
656 525 831 560 dioecesis
856 527 1090 570 Augustanae
1117 526 1160 565 ΙΙ,
1188 526 1433 560 Mindelhemii
1462 527 1562 568 1766,
1595 528 1697 570 346);
1734 539 1841 572 quam
1873 540 1948 563 ora-

188 577 321 612 tionem
354 577 504 611 latinam
540 578 653 612 fuisse
688 581 824 612 certum
861 583 918 613 est
952 579 1009 613 vel
1045 579 1113 613 hac
1147 591 1217 613 una
1253 580 1399 619 ratione,
1439 580 1532 624 quod
1567 580 1754 616 Haivodus
1788 582 1948 626 linguam

189 631 430 674 germanicam
457 643 526 665 non
552 631 602 665 ita
629 631 800 673 callebat,
835 634 876 665 ut
910 632 1114 675 germanice
1141 632 1337 666 contionari
1363 635 1496 677 posset.
1546 632 1598 666 De
1630 634 1794 669 contione
1828 637 1949 669 autem

188 684 250 717 illa
292 684 536 727 „germanicff
577 685 612 718 in
650 684 777 718 iisdem
815 685 916 719 Actis
955 686 1132 719 refertur:
1172 685 1237 719 Die
1276 685 1472 724 dominica,
1512 698 1602 730 quae
1641 690 1718 721 erat
1758 688 1811 723 15.
1848 688 1948 730 Iunii,

189 749 293 771 mane
327 738 363 770 in
390 737 543 771 ecclesia
569 737 765 782 parochiali
792 737 826 772 S.
854 738 953 772 Petri
979 749 1097 772 coram
1126 739 1299 772 cardinali
1337 742 1372 772 et
1399 739 1562 773 omnibus
1597 740 1641 773 ad
1667 741 1843 784 synodum
1870 753 1949 775 con-

189 790 351 833 gregatis
394 791 646 832 „Reuerendus
687 790 861 825 Dominus
899 791 1076 834 Magister
1114 791 1311 834 Gregorius
1348 791 1570 837 Rossephius
1608 792 1798 828 Societatis
1835 794 1950 829 Jhesu

189 843 393 886 Theologus
420 845 455 877 et
481 843 717 878 Concionator
744 844 970 879 Cathedralis
998 844 1182 878 Ecclesiae
1209 845 1451 888 Augustensis
1483 848 1632 890 accepta
1658 846 1903 881 benedictione
1929 859 1951 883 a

189 896 503 931 Reuerendissimo
521 896 672 931 Domino
693 896 892 937 Cardinale,
919 897 1081 931 ascendit
1105 898 1291 942 pulpetum
1319 901 1355 931 et
1380 898 1467 932 fecit
1485 899 1689 933 concionem
1716 900 1750 933 in
1770 911 1840 944 qua
1857 902 1951 935 trac-

189 950 283 983 tauit
308 949 351 983 de
377 949 520 994 Synodo
546 952 582 983 et
607 950 745 984 monuit
770 950 940 995 populum
968 953 1008 983 vt
1034 951 1143 985 etiam
1170 952 1245 985 suis
1271 951 1490 985 orationibus
1516 952 1710 996 impetrent
1734 953 1889 995 gratiam
1915 954 1954 990 et

189 1002 471 1036 misericordiam
498 1003 562 1036 Dei
597 1015 660 1048 pro
687 1003 830 1047 Synodo
857 1005 954 1037 recte
981 1003 1190 1044 inchoanda,
1225 1004 1439 1038 celebranda
1465 1007 1502 1039 et
1526 1005 1692 1044 finienda,
1729 1007 1773 1040 ad
1807 1006 1951 1041 laudem

189 1055 342 1089 Diuinae
368 1056 570 1090 maiestatis
597 1059 633 1090 et
658 1057 812 1090 salutem
838 1059 998 1090 nostram
1025 1068 1067 1090 ac
1093 1058 1203 1091 totius
1230 1057 1403 1091 dioecesis
1430 1058 1684 1101 Augustanae“
1718 1059 1754 1100 (1.
1779 1071 1808 1093 c.
1836 1059 1859 1093 f.
1888 1060 1948 1100 5³;

192 1109 330 1142 Stesner
364 1108 386 1142 1.
423 1120 452 1142 c.
490 1109 707 1151 340—341).
760 1109 1066 1152 Congregationes
1101 1110 1228 1154 synodi
1265 1110 1489 1144 habebantur
1522 1111 1558 1144 in
1593 1111 1734 1154 collegii
1761 1111 1952 1147 Societatis

194 1161 298 1203 „aula
322 1161 497 1202 maiore“;
533 1162 568 1196 in
604 1162 706 1196 cuius
736 1163 840 1197 aulae
867 1163 972 1197 altari
998 1163 1171 1207 proximis
1196 1164 1219 1197 4
1245 1163 1370 1197 diebus
1395 1164 1506 1198 missa
1532 1165 1716 1209 synodalis
1741 1165 1950 1200 habebatur.

190 1213 257 1248 Die
285 1215 339 1248 15.
365 1214 457 1248 Iunii
492 1217 573 1259 post
606 1215 795 1260 prandium
830 1216 899 1249 viri
935 1227 955 1250 a
990 1216 1126 1260 synodo
1159 1216 1201 1249 ad
1239 1217 1498 1258 „examinanda
1524 1218 1692 1251 mandata
1726 1218 1946 1252 absentium‘

191 1266 318 1301 delecti
349 1268 406 1310 „in
432 1267 580 1302 Stubam
607 1269 727 1303 Patris
747 1267 916 1303 Gerardi‘
941 1268 1117 1311 (Pastelii,
1146 1270 1206 1313 qui
1233 1269 1338 1314 paulo
1364 1274 1447 1303 ante
1474 1269 1618 1313 Dilinga
1644 1271 1792 1304 Romam
1818 1272 1951 1306 missus

191 1323 286 1361 erat;
323 1321 404 1354 vide
438 1332 546 1366 supra
581 1333 614 1366 p.
640 1322 726 1365 456)
755 1333 793 1356 se
829 1321 1057 1356 contulerunt
1094 1322 1131 1365 (1.
1160 1334 1189 1356 c.
1217 1323 1240 1357 f.
1271 1323 1340 1364 Tb).
1393 1323 1458 1356 Die
1487 1324 1540 1357 16.
1568 1324 1659 1357 Iunii
1693 1324 1836 1369 vesperi
1871 1336 1950 1359 con-

191 1374 359 1407 stitutum
395 1376 460 1415 est,
496 1377 536 1408 ut
570 1375 742 1419 postridie
777 1387 881 1409 mane
917 1376 1126 1418 congregati
1157 1376 1309 1420 primum
1337 1376 1481 1420 quidem
1508 1388 1577 1410 una
1602 1377 1749 1411 missam
1776 1377 1951 1419 audirent,

192 1426 318 1460 deinde
356 1430 476 1461 autem
512 1427 737 1461 consultandi
772 1439 882 1462 causa
916 1440 979 1473 per
1015 1428 1187 1469 „classes“
1219 1429 1529 1463 distribuerentur.
1584 1429 1698 1471 „Loca
1734 1434 1852 1464 autem
1887 1442 1951 1476 pro

192 1479 368 1514 classibus
404 1481 575 1525 deputata
610 1483 695 1514 sunt
728 1481 828 1515 haec.
879 1482 948 1515 Pro
975 1481 1288 1516 Reuerendissimo
1315 1481 1464 1516 Domino
1493 1482 1681 1516 Cardinale
1708 1486 1744 1517 et
1769 1483 1845 1518 eius
1872 1495 1950 1518 con-

192 1532 339 1578 siliarijs
373 1533 595 1568 Bibliotheca
632 1536 747 1568 vetus.
799 1534 868 1568 Pro
905 1534 1069 1579 Capitulo
1097 1535 1324 1570 Cathedralis
1360 1535 1542 1570 Ecclesiae
1569 1536 1811 1580 Augustensis
1841 1537 1952 1582 hypo-

192 1588 355 1620 caustum
394 1587 534 1620 Domini
562 1587 707 1632 Canisij.
759 1587 827 1621 Pro
863 1588 1062 1622 Abbatibus
1098 1592 1131 1622 et
1167 1588 1388 1633 Praepositis
1423 1589 1643 1632 regularium
1679 1592 1715 1623 et
1750 1591 1952 1625 absentium

193 1640 485 1683 procuratoribus
527 1640 741 1674 bibliotheca
778 1652 882 1676 noua.
944 1641 1013 1675 Pro
1053 1641 1330 1685 Collegiatarum
1372 1642 1612 1676 Ecclesiarum
1651 1644 1950 1687 procuratoribus,

192 1693 453 1737 hypocaustum
480 1693 595 1738 patris
622 1693 783 1728 Gerardi.
819 1695 887 1728 Pro
913 1695 1199 1729 mendicantibus
1225 1695 1397 1729 sacellum
1425 1695 1566 1740 collegij
1594 1697 1846 1740 professorum.
1882 1697 1952 1731 Pro

193 1745 348 1779 Decanis
375 1748 410 1779 et
437 1746 652 1792 Camerarijs
678 1747 867 1788 ruralibus,
894 1747 1123 1781 refectorium
1150 1748 1292 1793 collegij
1329 1748 1375 1782 .S.
1404 1748 1644 1793 Hieronymi.“
1686 1749 1751 1783 Die
1781 1750 1832 1783 17.
1861 1749 1952 1784 Iunii

192 1799 357 1841 singulae
392 1799 527 1833 classes
562 1800 605 1833 ad
640 1800 757 1834 locum
791 1812 894 1834 suum
931 1813 993 1845 per
1019 1801 1264 1835 Reinhardum
1300 1802 1343 1835 ab
1370 1802 1516 1835 Hausen
1547 1802 1745 1844 „fiscalem‘
1777 1804 1951 1837 deductae

192 1854 276 1886 sunt
304 1852 341 1895 (l.
370 1864 398 1886 c.
425 1852 450 1886 f.
477 1853 538 1891 9²;
578 1853 623 1887 cf.
654 1855 791 1887 Steiner
817 1853 839 1887 l.
867 1865 896 1887 c.
924 1854 1140 1897 349—3-50).
1193 1854 1364 1889 Cubiculo
1399 1855 1508 1898 igitur
1535 1854 1669 1889 Canisii
1699 1855 1859 1898 (Petrum
1888 1856 1950 1889 Ca-

191 1906 321 1939 nisium
346 1905 541 1949 significari
560 1917 698 1947 censeo,
725 1918 794 1940 non
812 1907 993 1940 infirmum
1012 1907 1111 1941 illum
1125 1907 1395 1948 Theodericum,
1422 1909 1535 1952 ipsius
1554 1908 1719 1951 fratrem)
1748 1909 1950 1950 utebantur,

192 1958 250 2001 qui
278 1959 420 1992 nomine
446 1958 664 1993 cathedralis
691 1959 840 2003 capituli
866 1961 1059 2003 augustani
1086 1960 1223 2004 synodo
1249 1961 1458 2002 intererant,
1493 1960 1770 2006 Christophorus
1797 1973 1817 1995 a
1842 1961 1949 2006 Frey-

192 2011 279 2054 berg
314 2011 470 2046 decanus
506 2014 541 2046 et
567 2012 810 2055 lVolfgangus
836 2013 999 2047 Andreas
1026 2013 1141 2047 Rhem
1171 2014 1313 2057 (Roem)
1351 2014 1543 2048 canonicus
1579 2017 1613 2048 et
1640 2014 1824 2055 cellarius;
1861 2026 1949 2059 quos

192 2076 276 2099 usos
303 2076 382 2098 esse
408 2067 494 2109 puto
521 2077 628 2110 opera
659 2065 815 2107 „Mathei
833 2065 1025 2099 VVideman
1053 2069 1088 2100 et
1113 2066 1217 2100 Pauli
1244 2067 1469 2100 Kleindienst
1482 2067 1706 2101 Vicariorum
1727 2067 1951 2102 Cathedralis

191 2118 374 2152 Ecclesiae
400 2119 686 2161 Augustensis“;
722 2118 785 2152 hos
821 2120 915 2153 enim
941 2119 1106 2163 Dilingae
1132 2120 1245 2153 fuisse
1272 2123 1306 2153 et
1332 2132 1476 2164 operam
1503 2120 1539 2154 in
1564 2121 1701 2165 synodo
1726 2122 1952 2165 praestitisse

191 2175 333 2205 constat
361 2171 400 2214 (l.
428 2183 457 2205 c.
484 2171 508 2206 f.
538 2172 603 2206 10⁸
631 2173 724 2214 lssb).
772 2172 838 2206 Die
865 2172 919 2207 18.
947 2172 1039 2206 Iunii
1071 2172 1251 2217 „deputati
1278 2173 1321 2206 ad
1349 2173 1514 2217 querelas
1540 2174 1757 2208 audiendas“
1786 2174 1822 2208 in
1847 2174 1948 2208 scho—

190 2224 260 2258 lam
288 2224 537 2268 theologicam,
565 2224 694 2258 delecti
720 2225 763 2258 ad
795 2225 977 2267 „Decanos
1004 2225 1140 2259 rurales
1167 2226 1443 2260 examinandos“
1474 2227 1509 2260 in
1540 2226 1724 2268 „Scholam
1751 2227 1949 2262 rhetorices

191 2280 226 2310 et
252 2277 412 2320 Linguae
438 2278 588 2320 graece⁴⁴
619 2277 763 2311 iverunt
790 2278 829 2320 (1.
856 2290 884 2312 c.
912 2279 936 2312 f.
967 2279 1031 2312 16ὴ
1060 2279 1152 2321 17³).

309 2330 475 2365 Canisius
502 2331 719 2364 cardinalem
731 2331 930 2365 Truchsess
956 2331 991 2364 in
1018 2332 1154 2376 synodo
1181 2334 1257 2365 tum
1283 2333 1541 2377 praeparanda,
1567 2335 1644 2366 tum
1670 2332 1834 2367 habenda
1859 2332 1947 2366 mul-

190 2385 266 2417 tum
293 2384 450 2424 adiuvit;
487 2383 521 2417 id
557 2384 650 2418 enim
680 2385 849 2418 Canisius
883 2385 958 2429 ipse
984 2387 1160 2425 testatur;
1200 2385 1282 2419 vide
1317 2397 1426 2430 supra
1461 2397 1492 2430 p.
1520 2386 1588 2420 437
1615 2386 1703 2425 451;
1743 2386 1803 2430 qui
1838 2386 1946 2420 etiarn

191 2436 224 2470 S.
251 2436 441 2471 Francisco
467 2437 619 2480 Borgiae
645 2438 848 2482 praeposito
875 2438 1034 2480 generali
1061 2438 1103 2471 de
1130 2439 1254 2472 eadem
1280 2439 1417 2482 synodo
1451 2439 1575 2472 scribit
1602 2439 1747 2482 Dilinga
1776 2439 1827 2473 12.
1856 2439 1947 2472 Iunii

192 2490 301 2523 1567:
334 2489 449 2531 „Satis
474 2490 608 2535 negotij
635 2490 737 2524 nobis
764 2490 952 2531 exhibet“;
981 2493 1017 2524 et
1043 2491 1097 2525 22.
1118 2492 1209 2525 Iunii
1232 2492 1339 2525 1567:
1369 2491 1568 2525 cardinalis
1597 2503 1686 2534 „non
1712 2492 1789 2526 sine
1815 2503 1945 2535 magno

189 2541 309 2576 labore
334 2545 411 2576 turn
437 2554 511 2583 suo,
538 2546 614 2577 tum
641 2545 762 2578 nostro
789 2544 943 2577 confecit
969 2544 1160 2589 praecipua
1187 2545 1369 2588 quaeque“
1396 2544 1494 2587 (vide
1517 2556 1625 2589 supra
1650 2556 1684 2589 p.
1704 2545 1773 2579 492
1798 2545 1896 2587 497).

307 2595 461 2630 Decreta
487 2596 675 2640 synodalia
701 2597 771 2630 iam
799 2599 882 2630 ante
909 2597 1049 2630 initium
1075 2598 1202 2642 synodi
1222 2597 1420 2642 composita
1440 2600 1560 2638 erant;
1586 2598 1621 2631 in
1640 2598 1775 2642 synodo
1793 2598 1945 2632 recitata

190 2650 226 2681 et
261 2648 470 2682 confirmata
507 2651 601 2683 sunt.
651 2649 794 2683 Perisse
829 2661 914 2683 vero
951 2650 1119 2684 videntur
1154 2662 1234 2684 cum
1269 2651 1347 2695 ipsa
1383 2651 1526 2684 decreta
1556 2651 1834 2695 manuscripta,
1869 2653 1944 2684 tum

191 2701 445 2735 commentaria
470 2704 507 2736 et
532 2702 670 2746 reliqua
695 2703 841 2747 scripta,
877 2703 1006 2747 quibus
1033 2703 1177 2737 decreta
1203 2704 1415 2737 adumbrata
1441 2706 1477 2737 et
1503 2706 1629 2748 parata
1655 2708 1766 2737 erant.
1817 2702 1945 2745 Quare,

191 2764 296 2796 quam
322 2757 461 2798 partem
487 2755 522 2789 in
548 2756 592 2789 iis
619 2756 872 2800 componendis
899 2756 1063 2791 Canisius
1088 2757 1264 2795 habuerit„
1297 2757 1368 2790 iam
1395 2756 1534 2790 definiri
1559 2768 1628 2790 non
1654 2759 1782 2801 potest.
1832 2757 1944 2801 Typis

191 2807 371 2851 exscripta
401 2810 485 2841 sunt
510 2809 634 2842 statim
660 2812 742 2854 post
767 2810 943 2854 synodum
971 2810 1019 2853 (id
1048 2811 1141 2853 quod
1168 2822 1213 2844 ex
1239 2810 1383 2844 Antonii
1409 2810 1553 2843 Flandri
1579 2809 1732 2854 epistula
1757 2809 1860 2843 modo
1886 2821 1941 2854 po-

190 2858 259 2891 sita
293 2859 553 2904 intellegitur):
594 2862 764 2903 „Decreta
796 2862 983 2907 synodalia
1009 2863 1191 2897 Dioecesis
1217 2863 1461 2906 Augustanae,
1497 2862 1661 2906 Dilingae
1696 2873 1817 2896 mense
1852 2862 1943 2896 Iunii

191 2921 282 2943 anno
319 2911 367 2946 M.
392 2912 433 2946 D.
462 2913 605 2948 LXVII.
642 2915 870 2959 promulgata
897 2942 904 2950 .
932 2915 1119 2958 Dilingae“
1160 2915 1253 2959 (sine
1284 2916 1405 2959 anno).
1457 2915 1581 2949 Denuo
1623 2926 1757 2949 excusa
1798 2917 1882 2949 sunt
1922 2927 1943 2949 a

192 2963 241 2995 Io.
271 2964 398 2998 Christ.
424 2966 556 3009 Lilnz'y,
593 2967 820 3002 continuatio
847 2968 891 3003 11.
918 2968 1102 3013 Spicilegii
1131 2968 1390 3009 Ecclesiastici‚
1426 2968 1572 3013 Leipzig
1600 2968 1700 3009 1721,
1735 2967 1941 3008 323—379;

190 3015 258 3048 Ios.
286 3016 496 3051 Hartzheim
522 3018 556 3052 S.
584 3019 617 3053 J.
644 3022 680 3053 et
707 3021 827 3055 Herm.
857 3022 976 3055 Sclzoll
1001 3021 1036 3055 S.
1064 3022 1107 3062 J„
1135 3021 1294 3056 Concilia
1321 3021 1533 3055 Germaniae
1548 3020 1627 3061 VII,
1654 3019 1820 3055 Coloniae
1840 3021 1941 3062 1767,

194 3066 395 3107 148—-213;
434 3070 503 3103 Ios.
530 3072 614 3105 Ant.
641 3073 780 3106 Steiner
813 3073 836 3107 1.
863 3085 893 3107 c.
927 3074 959 3107 II
994 3073 1192 3108 384—522.
1253 3074 1487 3108 Decretorum
1525 3085 1701 3107 summam
1739 3074 1941 3116 germanice

190 3119 310 3162 posuit
334 3121 474 3165 Braun,
501 3122 968 3160 Bisehof0111470-4so
1019 3126 1216 3160 Maximam
1251 3128 1388 3171 partem
1424 3126 1553 3160 hausta
1588 3128 1673 3159 sunt
1707 3137 1751 3159 ex
1787 3126 1941 3160 decretis

192 3169 340 3205 Concilii
365 3173 567 3214 tridentini;
606 3176 800 3211 tridentina
835 3178 877 3211 de
912 3179 1165 3212 reformatione
1201 3179 1345 3213 decreta
1379 3179 1414 3212 in
1449 3179 1528 3223 ipsa
1561 3178 1698 3223 synodo
1737 3179 1844 3212 etiam
1870 3179 1940 3213 sin-
