<?xml version="1.0" encoding="UTF-8"?>
<!DOCTYPE html PUBLIC "-//W3C//DTD XHTML 1.0 Transitional//EN"
    "http://www.w3.org/TR/xhtml1/DTD/xhtml1-transitional.dtd">
<html xmlns="http://www.w3.org/1999/xhtml" xml:lang="en" lang="en">
 <head>
  <title>
</title>
<meta http-equiv="Content-Type" content="text/html;charset=utf-8" />
  <meta name='ocr-system' content='tesseract 3.04.00' />
  <meta name='ocr-capabilities' content='ocr_page ocr_carea ocr_par ocr_line ocrx_word'/>
</head>
<body>
  <div class='ocr_page' id='page_1' title='image "beatipetricanisi05cani_0262.png"; bbox 0 0 2077 3461; ppageno 0'>
   <div class='ocr_carea' id='block_1_1' title="bbox 212 205 1871 252">
    <p class='ocr_par' dir='ltr' id='par_1_1' title="bbox 212 205 1871 252">
     <span class='ocr_line' id='line_1_1' title="bbox 212 205 1871 252; baseline -0.002 -9"><span class='ocrx_word' id='word_1_1' title='bbox 212 211 294 252; x_wconf 81' lang='lat'>176</span> <span class='ocrx_word' id='word_1_2' title='bbox 378 208 479 243; x_wconf 72' lang='grc'>1280.</span> <span class='ocrx_word' id='word_1_3' title='bbox 507 206 673 242; x_wconf 86' lang='lat' dir='ltr'>Canisius</span> <span class='ocrx_word' id='word_1_4' title='bbox 700 206 823 241; x_wconf 90' lang='lat' dir='ltr'>Ottoni</span> <span class='ocrx_word' id='word_1_5' title='bbox 850 206 1049 241; x_wconf 84' lang='lat' dir='ltr'>Truchsess</span> <span class='ocrx_word' id='word_1_6' title='bbox 1075 206 1116 240; x_wconf 87' lang='lat' dir='ltr'>de</span> <span class='ocrx_word' id='word_1_7' title='bbox 1137 205 1349 249; x_wconf 53' lang='lat' dir='ltr'>XValdburg.</span> <span class='ocrx_word' id='word_1_8' title='bbox 1386 205 1573 249; x_wconf 87' lang='lat' dir='ltr'>Moguntia</span> <span class='ocrx_word' id='word_1_9' title='bbox 1600 205 1655 240; x_wconf 78' lang='lat'>28.</span> <span class='ocrx_word' id='word_1_10' title='bbox 1674 206 1747 240; x_wconf 88' lang='lat' dir='ltr'>Ian.</span> <span class='ocrx_word' id='word_1_11' title='bbox 1768 205 1871 241; x_wconf 88' lang='grc'>1566.</span> 
     </span>
    </p>
   </div>
   <div class='ocr_carea' id='block_1_2' title="bbox 209 323 1976 1739">
    <p class='ocr_par' dir='ltr' id='par_1_2' title="bbox 209 323 1973 1029">
     <span class='ocr_line' id='line_1_2' title="bbox 209 323 1968 381; baseline -0.003 -11"><span class='ocrx_word' id='word_1_12' title='bbox 209 331 255 371; x_wconf 86' lang='lat' dir='ltr'>et</span> <span class='ocrx_word' id='word_1_13' title='bbox 277 326 503 381; x_wconf 86' lang='lat' dir='ltr'>Episcopis</span> <span class='ocrx_word' id='word_1_14' title='bbox 528 326 795 368; x_wconf 88' lang='lat' dir='ltr'>Germanicis</span> <span class='ocrx_word' id='word_1_15' title='bbox 828 339 972 367; x_wconf 89' lang='lat' dir='ltr'>coram</span> <span class='ocrx_word' id='word_1_16' title='bbox 1006 324 1163 378; x_wconf 85' lang='lat' dir='ltr'>agendi</span> <span class='ocrx_word' id='word_1_17' title='bbox 1196 325 1248 366; x_wconf 91' lang='lat' dir='ltr'>de</span> <span class='ocrx_word' id='word_1_18' title='bbox 1275 324 1461 367; x_wconf 84' lang='lat' dir='ltr'>Concilio</span> <span class='ocrx_word' id='word_1_19' title='bbox 1484 323 1750 376; x_wconf 73' lang='lat' dir='ltr'>Tridentino,</span> <span class='ocrx_word' id='word_1_20' title='bbox 1784 327 1831 367; x_wconf 90' lang='lat' dir='ltr'>ut</span> <span class='ocrx_word' id='word_1_21' title='bbox 1862 324 1968 366; x_wconf 89' lang='lat' dir='ltr'>illud</span> 
     </span>
     <span class='ocr_line' id='line_1_3' title="bbox 210 389 1968 445; baseline -0.002 -11"><span class='ocrx_word' id='word_1_22' title='bbox 210 393 253 434; x_wconf 91' lang='lat' dir='ltr'>in</span> <span class='ocrx_word' id='word_1_23' title='bbox 286 391 491 445; x_wconf 84' lang='lat' dir='ltr'>Ecclesijs</span> <span class='ocrx_word' id='word_1_24' title='bbox 524 390 613 432; x_wconf 89' lang='lat' dir='ltr'>suis</span> <span class='ocrx_word' id='word_1_25' title='bbox 653 391 722 433; x_wconf 58' lang='grc' dir='ltr'>111ὃ</span> <span class='ocrx_word' id='word_1_26' title='bbox 752 391 1029 445; x_wconf 88' lang='lat' dir='ltr'>promulgare</span> <span class='ocrx_word' id='word_1_27' title='bbox 1063 392 1108 432; x_wconf 92' lang='lat' dir='ltr'>et</span> <span class='ocrx_word' id='word_1_28' title='bbox 1140 390 1372 431; x_wconf 88' lang='lat' dir='ltr'>obseruare</span> <span class='ocrx_word' id='word_1_29' title='bbox 1410 389 1686 432; x_wconf 88' lang='lat' dir='ltr'>contendant.</span> <span class='ocrx_word' id='word_1_30' title='bbox 1749 389 1830 431; x_wconf 91' lang='lat' dir='ltr'>Hic</span> <span class='ocrx_word' id='word_1_31' title='bbox 1863 403 1968 443; x_wconf 88' lang='lat' dir='ltr'>opus</span> 
     </span>
     <span class='ocr_line' id='line_1_4' title="bbox 210 453 1969 509; baseline -0.002 -11"><span class='ocrx_word' id='word_1_32' title='bbox 210 457 292 499; x_wconf 90' lang='lat' dir='ltr'>erit</span> <span class='ocrx_word' id='word_1_33' title='bbox 324 459 372 498; x_wconf 89' lang='lat' dir='ltr'>ut</span> <span class='ocrx_word' id='word_1_34' title='bbox 393 455 642 509; x_wconf 88' lang='lat' dir='ltr'>mitigemus</span> <span class='ocrx_word' id='word_1_35' title='bbox 675 455 881 508; x_wconf 90' lang='lat' dir='ltr'>quasdam</span> <span class='ocrx_word' id='word_1_36' title='bbox 917 455 1210 503; x_wconf 86' lang='lat' dir='ltr'>difficultates,</span> <span class='ocrx_word' id='word_1_37' title='bbox 1245 468 1351 507; x_wconf 90' lang='lat' dir='ltr'>quas</span> <span class='ocrx_word' id='word_1_38' title='bbox 1374 453 1609 496; x_wconf 82' lang='lat' dir='ltr'>Concilium</span> <span class='ocrx_word' id='word_1_39' title='bbox 1640 454 1720 496; x_wconf 90' lang='lat' dir='ltr'>hoc</span> <span class='ocrx_word' id='word_1_40' title='bbox 1743 453 1969 496; x_wconf 87' lang='lat' dir='ltr'>Germanis</span> 
     </span>
     <span class='ocr_line' id='line_1_5' title="bbox 212 518 1970 575; baseline -0.002 -12"><span class='ocrx_word' id='word_1_41' title='bbox 212 521 367 571; x_wconf 84' lang='lat' dir='ltr'>adfert,</span> <span class='ocrx_word' id='word_1_42' title='bbox 401 520 634 575; x_wconf 89' lang='lat' dir='ltr'>praecipue</span> <span class='ocrx_word' id='word_1_43' title='bbox 665 523 844 574; x_wconf 87' lang='lat' dir='ltr'>propter</span> <span class='ocrx_word' id='word_1_44' title='bbox 876 519 1097 561; x_wconf 86' lang='lat' dir='ltr'>Ecclesias</span> <span class='ocrx_word' id='word_1_45' title='bbox 1131 518 1424 569; x_wconf 85' lang='lat' dir='ltr'>Cathedrales,</span> <span class='ocrx_word' id='word_1_46' title='bbox 1459 532 1692 571; x_wconf 90' lang='lat' dir='ltr'>earumque</span> <span class='ocrx_word' id='word_1_47' title='bbox 1718 518 1894 561; x_wconf 80' lang='lat' dir='ltr'>Statuta</span> <span class='ocrx_word' id='word_1_48' title='bbox 1927 521 1970 561; x_wconf 91' lang='lat' dir='ltr'>et</span> 
     </span>
     <span class='ocr_line' id='line_1_6' title="bbox 211 583 1969 637; baseline -0.001 -10"><span class='ocrx_word' id='word_1_49' title='bbox 211 585 556 628; x_wconf 88' lang='lat' dir='ltr'>consuetudines.</span> <span class='ocrx_word' id='word_1_50' title='bbox 619 585 797 627; x_wconf 90' lang='lat' dir='ltr'>Vtinam</span> <span class='ocrx_word' id='word_1_51' title='bbox 839 585 875 626; x_wconf 91' lang='lat' dir='ltr'>si</span> <span class='ocrx_word' id='word_1_52' title='bbox 918 588 1058 627; x_wconf 88' lang='lat' dir='ltr'>totum</span> <span class='ocrx_word' id='word_1_53' title='bbox 1100 583 1333 625; x_wconf 78' lang='lat' dir='ltr'>Concilium</span> <span class='ocrx_word' id='word_1_54' title='bbox 1377 583 1643 637; x_wconf 88' lang='lat' dir='ltr'>promulgari</span> <span class='ocrx_word' id='word_1_55' title='bbox 1685 597 1769 624; x_wconf 90' lang='lat' dir='ltr'>non</span> <span class='ocrx_word' id='word_1_56' title='bbox 1811 585 1969 637; x_wconf 86' lang='lat' dir='ltr'>potest,</span> 
     </span>
     <span class='ocr_line' id='line_1_7' title="bbox 212 647 1971 705; baseline -0.002 -13"><span class='ocrx_word' id='word_1_57' title='bbox 212 650 444 705; x_wconf 87' lang='lat' dir='ltr'>praecipua</span> <span class='ocrx_word' id='word_1_58' title='bbox 476 651 631 692; x_wconf 88' lang='lat' dir='ltr'>saltem</span> <span class='ocrx_word' id='word_1_59' title='bbox 664 650 779 692; x_wconf 90' lang='lat' dir='ltr'>illius</span> <span class='ocrx_word' id='word_1_60' title='bbox 808 649 953 704; x_wconf 88' lang='lat' dir='ltr'>capita</span> <span class='ocrx_word' id='word_1_61' title='bbox 985 663 1040 691; x_wconf 78' lang='lat' dir='ltr'>ex</span> <span class='ocrx_word' id='word_1_62' title='bbox 1063 648 1275 690; x_wconf 88' lang='lat' dir='ltr'>communi</span> <span class='ocrx_word' id='word_1_63' title='bbox 1299 648 1551 690; x_wconf 87' lang='lat' dir='ltr'>Praesulum</span> <span class='ocrx_word' id='word_1_64' title='bbox 1574 661 1784 689; x_wconf 88' lang='lat' dir='ltr'>consensu</span> <span class='ocrx_word' id='word_1_65' title='bbox 1810 647 1971 701; x_wconf 88' lang='lat' dir='ltr'>passim</span> 
     </span>
     <span class='ocr_line' id='line_1_8' title="bbox 212 711 1970 769; baseline -0.002 -12"><span class='ocrx_word' id='word_1_66' title='bbox 212 715 255 757; x_wconf 91' lang='lat' dir='ltr'>in</span> <span class='ocrx_word' id='word_1_67' title='bbox 289 715 521 758; x_wconf 77' lang='lat' dir='ltr'>Germania,</span> <span class='ocrx_word' id='word_1_68' title='bbox 562 715 944 769; x_wconf 77' lang='lat' dir='ltr'>promulgarentur</span> <span class='ocrx_word' id='word_1_69' title='bbox 985 717 1029 756; x_wconf 89' lang='lat' dir='ltr'>et</span> <span class='ocrx_word' id='word_1_70' title='bbox 1062 714 1411 756; x_wconf 86' lang='lat' dir='ltr'>obseruarentur.</span> <span class='ocrx_word' id='word_1_71' title='bbox 1474 712 1595 762; x_wconf 83' lang='lat' dir='ltr'>Quod</span> <span class='ocrx_word' id='word_1_72' title='bbox 1636 711 1672 754; x_wconf 89' lang='lat' dir='ltr'>si</span> <span class='ocrx_word' id='word_1_73' title='bbox 1713 712 1970 766; x_wconf 79' lang='lat' dir='ltr'>negligimus</span> 
     </span>
     <span class='ocr_line' id='line_1_9' title="bbox 212 777 1973 832; baseline -0.002 -10"><span class='ocrx_word' id='word_1_74' title='bbox 212 781 324 822; x_wconf 89' lang='lat' dir='ltr'>hanc</span> <span class='ocrx_word' id='word_1_75' title='bbox 357 780 640 829; x_wconf 80' lang='lat' dir='ltr'>occasionem,</span> <span class='ocrx_word' id='word_1_76' title='bbox 684 793 794 832; x_wconf 86' lang='lat' dir='ltr'>quae</span> <span class='ocrx_word' id='word_1_77' title='bbox 826 779 947 820; x_wconf 90' lang='lat' dir='ltr'>nobis</span> <span class='ocrx_word' id='word_1_78' title='bbox 985 779 1026 819; x_wconf 87' lang='lat' dir='ltr'>in</span> <span class='ocrx_word' id='word_1_79' title='bbox 1060 777 1252 831; x_wconf 84' lang='lat' dir='ltr'>Comitijs</span> <span class='ocrx_word' id='word_1_80' title='bbox 1285 777 1554 831; x_wconf 87' lang='lat' dir='ltr'>Augustanis</span> <span class='ocrx_word' id='word_1_81' title='bbox 1587 777 1778 827; x_wconf 85' lang='lat' dir='ltr'>offertur,</span> <span class='ocrx_word' id='word_1_82' title='bbox 1820 790 1973 818; x_wconf 88' lang='lat' dir='ltr'>uereor</span> 
     </span>
     <span class='ocr_line' id='line_1_10' title="bbox 214 841 1972 898; baseline -0.002 -11"><span class='ocrx_word' id='word_1_83' title='bbox 214 847 345 895; x_wconf 88' lang='lat' dir='ltr'>certe,</span> <span class='ocrx_word' id='word_1_84' title='bbox 389 845 552 886; x_wconf 89' lang='lat' dir='ltr'>nullum</span> <span class='ocrx_word' id='word_1_85' title='bbox 584 847 738 898; x_wconf 88' lang='lat' dir='ltr'>postea</span> <span class='ocrx_word' id='word_1_86' title='bbox 778 844 919 885; x_wconf 91' lang='lat' dir='ltr'>locum</span> <span class='ocrx_word' id='word_1_87' title='bbox 961 843 1053 885; x_wconf 83' lang='lat' dir='ltr'>fore</span> <span class='ocrx_word' id='word_1_88' title='bbox 1094 843 1147 885; x_wconf 89' lang='lat' dir='ltr'>ad</span> <span class='ocrx_word' id='word_1_89' title='bbox 1181 841 1414 884; x_wconf 86' lang='lat' dir='ltr'>Concilium</span> <span class='ocrx_word' id='word_1_90' title='bbox 1456 842 1535 883; x_wconf 97' lang='grc'>1100</span> <span class='ocrx_word' id='word_1_91' title='bbox 1569 841 1825 884; x_wconf 80' lang='lat' dir='ltr'>Germaniae</span> <span class='ocrx_word' id='word_1_92' title='bbox 1857 855 1972 883; x_wconf 90' lang='lat' dir='ltr'>com-</span> 
     </span>
     <span class='ocr_line' id='line_1_11' title="bbox 216 905 1973 962; baseline -0.002 -11"><span class='ocrx_word' id='word_1_93' title='bbox 216 910 518 951; x_wconf 88' lang='lat' dir='ltr'>mendandum.</span> <span class='ocrx_word' id='word_1_94' title='bbox 581 909 779 962; x_wconf 81' lang='lat' dir='ltr'>Expecto</span> <span class='ocrx_word' id='word_1_95' title='bbox 821 921 1024 962; x_wconf 88' lang='lat' dir='ltr'>pugnam,</span> <span class='ocrx_word' id='word_1_96' title='bbox 1068 922 1196 960; x_wconf 89' lang='lat' dir='ltr'>quam</span> <span class='ocrx_word' id='word_1_97' title='bbox 1231 907 1395 950; x_wconf 82' lang='lat' dir='ltr'>Sathan</span> <span class='ocrx_word' id='word_1_98' title='bbox 1436 907 1550 949; x_wconf 89' lang='lat' dir='ltr'>haud</span> <span class='ocrx_word' id='word_1_99' title='bbox 1583 906 1709 948; x_wconf 89' lang='lat' dir='ltr'>dubie</span> <span class='ocrx_word' id='word_1_100' title='bbox 1741 905 1973 949; x_wconf 76' lang='lat' dir='ltr'>Catholicis</span> 
     </span>
     <span class='ocr_line' id='line_1_12' title="bbox 214 971 1788 1029; baseline -0.003 -12"><span class='ocrx_word' id='word_1_101' title='bbox 214 977 343 1029; x_wconf 87' lang='lat' dir='ltr'>parat</span> <span class='ocrx_word' id='word_1_102' title='bbox 375 974 427 1016; x_wconf 89' lang='lat' dir='ltr'>ad</span> <span class='ocrx_word' id='word_1_103' title='bbox 462 974 769 1016; x_wconf 88' lang='lat' dir='ltr'>auctoritatem</span> <span class='ocrx_word' id='word_1_104' title='bbox 801 972 927 1014; x_wconf 89' lang='lat' dir='ltr'>huius</span> <span class='ocrx_word' id='word_1_105' title='bbox 959 972 1135 1026; x_wconf 84' lang='lat' dir='ltr'>Concilij</span> <span class='ocrx_word' id='word_1_106' title='bbox 1168 972 1394 1026; x_wconf 88' lang='lat' dir='ltr'>Augustae</span> <span class='ocrx_word' id='word_1_107' title='bbox 1426 971 1788 1014; x_wconf 72' lang='lat' dir='ltr'>labefactandam.</span> 
     </span>
    </p>

    <p class='ocr_par' dir='ltr' id='par_1_3' title="bbox 216 1036 1975 1546">
     <span class='ocr_line' id='line_1_13' title="bbox 334 1036 1973 1089; baseline -0.002 -9"><span class='ocrx_word' id='word_1_108' title='bbox 334 1040 559 1081; x_wconf 88' lang='lat' dir='ltr'>Postremo</span> <span class='ocrx_word' id='word_1_109' title='bbox 581 1052 748 1089; x_wconf 89' lang='lat' dir='ltr'>uereor,</span> <span class='ocrx_word' id='word_1_110' title='bbox 782 1051 861 1079; x_wconf 90' lang='lat' dir='ltr'>nec</span> <span class='ocrx_word' id='word_1_111' title='bbox 894 1038 1050 1079; x_wconf 85' lang='lat' dir='ltr'>desunt</span> <span class='ocrx_word' id='word_1_112' title='bbox 1073 1051 1230 1080; x_wconf 88' lang='lat' dir='ltr'>causae</span> <span class='ocrx_word' id='word_1_113' title='bbox 1262 1037 1455 1087; x_wconf 86' lang='lat' dir='ltr'>timendi,</span> <span class='ocrx_word' id='word_1_114' title='bbox 1489 1050 1542 1078; x_wconf 90' lang='lat' dir='ltr'>ne</span> <span class='ocrx_word' id='word_1_115' title='bbox 1575 1036 1746 1089; x_wconf 90' lang='lat' dir='ltr'>quidam</span> <span class='ocrx_word' id='word_1_116' title='bbox 1774 1050 1828 1078; x_wconf 80' lang='lat' dir='ltr'>ex</span> <span class='ocrx_word' id='word_1_117' title='bbox 1850 1036 1973 1077; x_wconf 89' lang='lat' dir='ltr'>Prin-</span> 
     </span>
     <span class='ocr_line' id='line_1_14' title="bbox 216 1101 1974 1157; baseline -0.002 -11"><span class='ocrx_word' id='word_1_118' title='bbox 216 1104 381 1157; x_wconf 77' lang='lat' dir='ltr'>cipibus</span> <span class='ocrx_word' id='word_1_119' title='bbox 413 1102 659 1152; x_wconf 86' lang='lat' dir='ltr'>Catholicis,</span> <span class='ocrx_word' id='word_1_120' title='bbox 694 1106 743 1146; x_wconf 89' lang='lat' dir='ltr'>vt</span> <span class='ocrx_word' id='word_1_121' title='bbox 775 1105 1000 1152; x_wconf 87' lang='lat' dir='ltr'>vocantur,</span> <span class='ocrx_word' id='word_1_122' title='bbox 1043 1116 1156 1144; x_wconf 88' lang='lat' dir='ltr'>noua</span> <span class='ocrx_word' id='word_1_123' title='bbox 1187 1102 1413 1156; x_wconf 86' lang='lat' dir='ltr'>proferant</span> <span class='ocrx_word' id='word_1_124' title='bbox 1446 1101 1649 1144; x_wconf 82' lang='lat' dir='ltr'>consiliah</span> <span class='ocrx_word' id='word_1_125' title='bbox 1682 1101 1974 1143; x_wconf 84' lang='lat' dir='ltr'>conciliandae</span> 
     </span>
     <span class='ocr_line' id='line_1_15' title="bbox 217 1166 1973 1222; baseline -0.002 -12"><span class='ocrx_word' id='word_1_126' title='bbox 217 1168 455 1222; x_wconf 84' lang='lat' dir='ltr'>Religionis</span> <span class='ocrx_word' id='word_1_127' title='bbox 486 1168 601 1210; x_wconf 90' lang='lat' dir='ltr'>inter</span> <span class='ocrx_word' id='word_1_128' title='bbox 633 1166 878 1210; x_wconf 89' lang='lat' dir='ltr'>Catholicos</span> <span class='ocrx_word' id='word_1_129' title='bbox 911 1169 955 1209; x_wconf 88' lang='lat' dir='ltr'>et</span> <span class='ocrx_word' id='word_1_130' title='bbox 986 1167 1333 1210; x_wconf 82' lang='lat' dir='ltr'>Protestantes1.</span> <span class='ocrx_word' id='word_1_131' title='bbox 1398 1166 1493 1209; x_wconf 81' lang='lat' dir='ltr'>Scio</span> <span class='ocrx_word' id='word_1_132' title='bbox 1535 1166 1768 1208; x_wconf 89' lang='lat' dir='ltr'>multorum</span> <span class='ocrx_word' id='word_1_133' title='bbox 1809 1166 1973 1208; x_wconf 88' lang='lat' dir='ltr'>animos</span> 
     </span>
     <span class='ocr_line' id='line_1_16' title="bbox 218 1230 1973 1288; baseline -0.002 -12"><span class='ocrx_word' id='word_1_134' title='bbox 218 1234 272 1275; x_wconf 89' lang='lat' dir='ltr'>ad</span> <span class='ocrx_word' id='word_1_135' title='bbox 308 1234 544 1288; x_wconf 81' lang='lat' dir='ltr'>petendas⁰</span> <span class='ocrx_word' id='word_1_136' title='bbox 586 1236 629 1275; x_wconf 91' lang='lat' dir='ltr'>et</span> <span class='ocrx_word' id='word_1_137' title='bbox 669 1232 1006 1275; x_wconf 88' lang='lat' dir='ltr'>introducendas</span> <span class='ocrx_word' id='word_1_138' title='bbox 1048 1232 1347 1274; x_wconf 88' lang='lat' dir='ltr'>concessiones</span> <span class='ocrx_word' id='word_1_139' title='bbox 1388 1245 1483 1273; x_wconf 90' lang='lat' dir='ltr'>esse</span> <span class='ocrx_word' id='word_1_140' title='bbox 1523 1244 1773 1285; x_wconf 91' lang='lat' dir='ltr'>propensos.</span> <span class='ocrx_word' id='word_1_141' title='bbox 1845 1230 1973 1272; x_wconf 81' lang='lat' dir='ltr'>Faxit</span> 
     </span>
     <span class='ocr_line' id='line_1_17' title="bbox 218 1295 1974 1350; baseline -0.002 -10"><span class='ocrx_word' id='word_1_142' title='bbox 218 1299 348 1350; x_wconf 87' lang='lat' dir='ltr'>Deus,</span> <span class='ocrx_word' id='word_1_143' title='bbox 382 1302 431 1341; x_wconf 92' lang='lat' dir='ltr'>ut</span> <span class='ocrx_word' id='word_1_144' title='bbox 462 1299 671 1341; x_wconf 89' lang='lat' dir='ltr'>aduersus</span> <span class='ocrx_word' id='word_1_145' title='bbox 703 1299 854 1340; x_wconf 90' lang='lat' dir='ltr'>horum</span> <span class='ocrx_word' id='word_1_146' title='bbox 887 1300 1007 1340; x_wconf 86' lang='lat' dir='ltr'>artes</span> <span class='ocrx_word' id='word_1_147' title='bbox 1040 1301 1084 1340; x_wconf 91' lang='lat' dir='ltr'>et</span> <span class='ocrx_word' id='word_1_148' title='bbox 1116 1297 1260 1339; x_wconf 89' lang='lat' dir='ltr'>studia</span> <span class='ocrx_word' id='word_1_149' title='bbox 1291 1296 1494 1339; x_wconf 80' lang='lat' dir='ltr'>instructi</span> <span class='ocrx_word' id='word_1_150' title='bbox 1525 1296 1612 1338; x_wconf 90' lang='lat' dir='ltr'>sint</span> <span class='ocrx_word' id='word_1_151' title='bbox 1643 1295 1851 1338; x_wconf 84' lang='lat' dir='ltr'>Catholici</span> <span class='ocrx_word' id='word_1_152' title='bbox 1884 1295 1974 1337; x_wconf 88' lang='lat' dir='ltr'>zelo</span> 
     </span>
     <span class='ocr_line' id='line_1_18' title="bbox 218 1360 1975 1414; baseline -0.002 -9"><span class='ocrx_word' id='word_1_153' title='bbox 218 1364 505 1414; x_wconf 87' lang='lat' dir='ltr'>conuenienti,</span> <span class='ocrx_word' id='word_1_154' title='bbox 539 1364 625 1405; x_wconf 82' lang='lat' dir='ltr'>vnd</span> <span class='ocrx_word' id='word_1_155' title='bbox 658 1363 736 1405; x_wconf 89' lang='lat' dir='ltr'>das</span> <span class='ocrx_word' id='word_1_156' title='bbox 768 1363 829 1405; x_wconf 89' lang='lat' dir='ltr'>sie</span> <span class='ocrx_word' id='word_1_157' title='bbox 861 1362 996 1404; x_wconf 90' lang='lat' dir='ltr'>lieber</span> <span class='ocrx_word' id='word_1_158' title='bbox 1017 1362 1219 1404; x_wconf 83' lang='lat' dir='ltr'>vndanck</span> <span class='ocrx_word' id='word_1_159' title='bbox 1251 1361 1498 1412; x_wconf 90' lang='lat' dir='ltr'>verdienen,</span> <span class='ocrx_word' id='word_1_160' title='bbox 1534 1361 1617 1403; x_wconf 88' lang='lat' dir='ltr'>dan</span> <span class='ocrx_word' id='word_1_161' title='bbox 1649 1375 1734 1402; x_wconf 89' lang='lat' dir='ltr'>von</span> <span class='ocrx_word' id='word_1_162' title='bbox 1767 1360 1842 1402; x_wconf 88' lang='lat' dir='ltr'>der</span> <span class='ocrx_word' id='word_1_163' title='bbox 1863 1374 1975 1402; x_wconf 86' lang='lat' dir='ltr'>war-</span> 
     </span>
     <span class='ocr_line' id='line_1_19' title="bbox 218 1424 1974 1482; baseline -0.002 -13"><span class='ocrx_word' id='word_1_164' title='bbox 218 1429 324 1482; x_wconf 86' lang='lat' dir='ltr'>heyt</span> <span class='ocrx_word' id='word_1_165' title='bbox 354 1428 616 1478; x_wconf 85' lang='lat' dir='ltr'>abweichen,</span> <span class='ocrx_word' id='word_1_166' title='bbox 652 1428 755 1470; x_wconf 85' lang='lat' dir='ltr'>oder</span> <span class='ocrx_word' id='word_1_167' title='bbox 778 1428 911 1469; x_wconf 86' lang='lat' dir='ltr'>durch</span> <span class='ocrx_word' id='word_1_168' title='bbox 935 1427 1002 1469; x_wconf 90' lang='lat' dir='ltr'>die</span> <span class='ocrx_word' id='word_1_169' title='bbox 1024 1427 1184 1480; x_wconf 87' lang='lat' dir='ltr'>Finger</span> <span class='ocrx_word' id='word_1_170' title='bbox 1206 1426 1366 1469; x_wconf 78' lang='lat' dir='ltr'>zehend</span> <span class='ocrx_word' id='word_1_171' title='bbox 1388 1426 1461 1468; x_wconf 88' lang='lat' dir='ltr'>inn</span> <span class='ocrx_word' id='word_1_172' title='bbox 1485 1426 1561 1467; x_wconf 90' lang='lat' dir='ltr'>der</span> <span class='ocrx_word' id='word_1_173' title='bbox 1582 1425 1781 1478; x_wconf 87' lang='lat' dir='ltr'>Religion</span> <span class='ocrx_word' id='word_1_174' title='bbox 1802 1424 1974 1475; x_wconf 87' lang='lat' dir='ltr'>sachen,</span> 
     </span>
     <span class='ocr_line' id='line_1_20' title="bbox 220 1491 1398 1546; baseline -0.003 -10"><span class='ocrx_word' id='word_1_175' title='bbox 220 1495 326 1537; x_wconf 88' lang='lat' dir='ltr'>Gott</span> <span class='ocrx_word' id='word_1_176' title='bbox 357 1494 484 1536; x_wconf 87' lang='lat' dir='ltr'>helffe</span> <span class='ocrx_word' id='word_1_177' title='bbox 516 1494 559 1535; x_wconf 87' lang='lat' dir='ltr'>in</span> <span class='ocrx_word' id='word_1_178' title='bbox 593 1493 713 1535; x_wconf 91' lang='lat' dir='ltr'>disen</span> <span class='ocrx_word' id='word_1_179' title='bbox 745 1506 1051 1546; x_wconf 89' lang='lat' dir='ltr'>grausammen</span> <span class='ocrx_word' id='word_1_180' title='bbox 1083 1491 1356 1545; x_wconf 88' lang='lat' dir='ltr'>vngewidter</span> <span class='ocrx_word' id='word_1_181' title='bbox 1368 1492 1398 1533; x_wconf 78' lang='lat'>2.</span> 
     </span>
    </p>

    <p class='ocr_par' dir='ltr' id='par_1_4' title="bbox 221 1554 1976 1739">
     <span class='ocr_line' id='line_1_21' title="bbox 340 1554 1976 1613; baseline -0.003 -13"><span class='ocrx_word' id='word_1_182' title='bbox 340 1559 558 1613; x_wconf 81' lang='lat' dir='ltr'>Superest,</span> <span class='ocrx_word' id='word_1_183' title='bbox 593 1563 641 1600; x_wconf 88' lang='lat' dir='ltr'>ut</span> <span class='ocrx_word' id='word_1_184' title='bbox 673 1571 741 1599; x_wconf 91' lang='lat' dir='ltr'>me</span> <span class='ocrx_word' id='word_1_185' title='bbox 774 1560 818 1600; x_wconf 90' lang='lat' dir='ltr'>et</span> <span class='ocrx_word' id='word_1_186' title='bbox 840 1557 1141 1611; x_wconf 88' lang='lat' dir='ltr'>Augustanam</span> <span class='ocrx_word' id='word_1_187' title='bbox 1176 1570 1375 1606; x_wconf 83' lang='lat' dir='ltr'>messem,</span> <span class='ocrx_word' id='word_1_188' title='bbox 1409 1554 1730 1609; x_wconf 90' lang='lat' dir='ltr'>Collegiumque</span> <span class='ocrx_word' id='word_1_189' title='bbox 1756 1554 1976 1608; x_wconf 88' lang='lat' dir='ltr'>Diligense</span> 
     </span>
     <span class='ocr_line' id='line_1_22' title="bbox 221 1618 1976 1677; baseline -0.002 -13"><span class='ocrx_word' id='word_1_190' title='bbox 221 1623 513 1665; x_wconf 87' lang='lat' dir='ltr'>commendem</span> <span class='ocrx_word' id='word_1_191' title='bbox 531 1622 816 1677; x_wconf 88' lang='lat' dir='ltr'>Amplitudini</span> <span class='ocrx_word' id='word_1_192' title='bbox 838 1625 941 1665; x_wconf 88' lang='lat' dir='ltr'>tuae</span> <span class='ocrx_word' id='word_1_193' title='bbox 962 1622 1005 1663; x_wconf 91' lang='lat' dir='ltr'>in</span> <span class='ocrx_word' id='word_1_194' title='bbox 1029 1621 1198 1664; x_wconf 85' lang='lat' dir='ltr'>Christo</span> <span class='ocrx_word' id='word_1_195' title='bbox 1221 1621 1247 1663; x_wconf 81' lang='lat' dir='ltr'>J</span> <span class='ocrx_word' id='word_1_196' title='bbox 1252 1635 1327 1662; x_wconf 91' lang='lat' dir='ltr'>esu</span> <span class='ocrx_word' id='word_1_197' title='bbox 1350 1620 1532 1662; x_wconf 89' lang='lat' dir='ltr'>Domino</span> <span class='ocrx_word' id='word_1_198' title='bbox 1565 1622 1727 1670; x_wconf 88' lang='lat' dir='ltr'>nostro,</span> <span class='ocrx_word' id='word_1_199' title='bbox 1762 1619 1832 1672; x_wconf 89' lang='lat' dir='ltr'>qui</span> <span class='ocrx_word' id='word_1_200' title='bbox 1854 1618 1976 1661; x_wconf 88' lang='lat' dir='ltr'>nobis</span> 
     </span>
     <span class='ocr_line' id='line_1_23' title="bbox 221 1684 1976 1739; baseline -0.003 -9"><span class='ocrx_word' id='word_1_201' title='bbox 221 1688 478 1730; x_wconf 86' lang='lat' dir='ltr'>incolumem</span> <span class='ocrx_word' id='word_1_202' title='bbox 510 1688 664 1731; x_wconf 88' lang='lat' dir='ltr'>reddat</span> <span class='ocrx_word' id='word_1_203' title='bbox 697 1687 1002 1730; x_wconf 87' lang='lat' dir='ltr'>Celsitudinem</span> <span class='ocrx_word' id='word_1_204' title='bbox 1035 1689 1168 1729; x_wconf 88' lang='lat' dir='ltr'>tuam.</span> <span class='ocrx_word' id='word_1_205' title='bbox 1215 1685 1467 1739; x_wconf 89' lang='lat' dir='ltr'>Moguntiae</span> <span class='ocrx_word' id='word_1_206' title='bbox 1501 1686 1569 1728; x_wconf 80' lang='lat'>‚28</span> <span class='ocrx_word' id='word_1_207' title='bbox 1602 1684 1799 1737; x_wconf 83' lang='lat' dir='ltr'>Januarij</span> <span class='ocrx_word' id='word_1_208' title='bbox 1834 1686 1976 1726; x_wconf 77' lang='grc'>,1566</span> 
     </span>
    </p>
   </div>
   <div class='ocr_carea' id='block_1_3' title="bbox 1113 1755 1856 1800">
    <p class='ocr_par' dir='ltr' id='par_1_5' title="bbox 1113 1755 1856 1800">
     <span class='ocr_line' id='line_1_24' title="bbox 1113 1755 1856 1800; baseline -0.005 0"><span class='ocrx_word' id='word_1_209' title='bbox 1113 1758 1272 1800; x_wconf 82' lang='lat' dir='ltr'>Seruus</span> <span class='ocrx_word' id='word_1_210' title='bbox 1304 1757 1346 1798; x_wconf 93' lang='lat' dir='ltr'>in</span> <span class='ocrx_word' id='word_1_211' title='bbox 1379 1756 1547 1798; x_wconf 88' lang='lat' dir='ltr'>Christo</span> <span class='ocrx_word' id='word_1_212' title='bbox 1580 1756 1625 1799; x_wconf 92' lang='lat' dir='ltr'>P.</span> <span class='ocrx_word' id='word_1_213' title='bbox 1650 1755 1856 1798; x_wconf 90' lang='lat' dir='ltr'>Canisius.</span> 
     </span>
    </p>
   </div>
   <div class='ocr_carea' id='block_1_4' title="bbox 222 1837 1977 2023">
    <p class='ocr_par' dir='ltr' id='par_1_6' title="bbox 222 1837 1977 2023">
     <span class='ocr_line' id='line_1_25' title="bbox 341 1837 1977 1892; baseline -0.001 -11"><span class='ocrx_word' id='word_1_214' title='bbox 341 1841 367 1892; x_wconf 47' lang='grc' dir='ltr'><em>ἢ</em></span> <span class='ocrx_word' id='word_1_215' title='bbox 400 1839 775 1882; x_wconf 82' lang='lat' dir='ltr'>Reuerendissimo</span> <span class='ocrx_word' id='word_1_216' title='bbox 808 1840 850 1881; x_wconf 91' lang='lat' dir='ltr'>in</span> <span class='ocrx_word' id='word_1_217' title='bbox 885 1840 1054 1883; x_wconf 88' lang='lat' dir='ltr'>Christo</span> <span class='ocrx_word' id='word_1_218' title='bbox 1087 1839 1207 1882; x_wconf 91' lang='lat' dir='ltr'>Patri</span> <span class='ocrx_word' id='word_1_219' title='bbox 1242 1853 1291 1882; x_wconf 90' lang='lat' dir='ltr'>ac</span> <span class='ocrx_word' id='word_1_220' title='bbox 1317 1838 1623 1881; x_wconf 84' lang='lat' dir='ltr'>Jllustrissimo</span> <span class='ocrx_word' id='word_1_221' title='bbox 1655 1837 1855 1892; x_wconf 82' lang='lat' dir='ltr'>Principi,</span> <span class='ocrx_word' id='word_1_222' title='bbox 1890 1838 1977 1879; x_wconf 94' lang='lat' dir='ltr'>Do-</span> 
     </span>
     <span class='ocr_line' id='line_1_26' title="bbox 222 1902 1974 1959; baseline -0.002 -13"><span class='ocrx_word' id='word_1_223' title='bbox 222 1904 336 1947; x_wconf 91' lang='lat' dir='ltr'>mino</span> <span class='ocrx_word' id='word_1_224' title='bbox 370 1904 519 1947; x_wconf 89' lang='lat' dir='ltr'>Ottoni</span> <span class='ocrx_word' id='word_1_225' title='bbox 551 1904 767 1946; x_wconf 88' lang='lat' dir='ltr'>Cardinali</span> <span class='ocrx_word' id='word_1_226' title='bbox 799 1907 843 1946; x_wconf 88' lang='lat' dir='ltr'>et</span> <span class='ocrx_word' id='word_1_227' title='bbox 876 1904 1089 1959; x_wconf 85' lang='lat' dir='ltr'>Episcopo</span> <span class='ocrx_word' id='word_1_228' title='bbox 1122 1905 1393 1958; x_wconf 86' lang='lat' dir='ltr'>Augustano,</span> <span class='ocrx_word' id='word_1_229' title='bbox 1428 1903 1672 1946; x_wconf 86' lang='lat' dir='ltr'>Protectori</span> <span class='ocrx_word' id='word_1_230' title='bbox 1705 1902 1974 1953; x_wconf 81' lang='lat' dir='ltr'>Germaniae,</span> 
     </span>
     <span class='ocr_line' id='line_1_27' title="bbox 223 1969 1319 2023; baseline 0.001 -12"><span class='ocrx_word' id='word_1_231' title='bbox 223 1970 412 2013; x_wconf 88' lang='lat' dir='ltr'>Patrono</span> <span class='ocrx_word' id='word_1_232' title='bbox 446 1969 759 2012; x_wconf 88' lang='lat' dir='ltr'>colendissimo.</span> <span class='ocrx_word' id='word_1_233' title='bbox 823 1970 890 2011; x_wconf 87' lang='lat' dir='ltr'>Ad</span> <span class='ocrx_word' id='word_1_234' title='bbox 924 1983 1076 2011; x_wconf 89' lang='lat' dir='ltr'>manus</span> <span class='ocrx_word' id='word_1_235' title='bbox 1108 1969 1319 2023; x_wconf 88' lang='lat' dir='ltr'>proprias.</span> 
     </span>
    </p>
   </div>
   <div class='ocr_carea' id='block_1_5' title="bbox 221 2054 1978 2893">
    <p class='ocr_par' dir='ltr' id='par_1_7' title="bbox 221 2054 1978 2893">
     <span class='ocr_line' id='line_1_28' title="bbox 340 2054 1973 2100; baseline -0.001 -10"><span class='ocrx_word' id='word_1_236' title='bbox 340 2057 417 2090; x_wconf 89' lang='lat' dir='ltr'>Hoc</span> <span class='ocrx_word' id='word_1_237' title='bbox 435 2068 479 2090; x_wconf 81' lang='lat' dir='ltr'>ex</span> <span class='ocrx_word' id='word_1_238' title='bbox 497 2056 553 2090; x_wconf 87' lang='lat' dir='ltr'>his</span> <span class='ocrx_word' id='word_1_239' title='bbox 567 2056 698 2090; x_wconf 85' lang='lat' dir='ltr'>litteris</span> <span class='ocrx_word' id='word_1_240' title='bbox 716 2056 957 2100; x_wconf 85' lang='lat' dir='ltr'>intellegitur:</span> <span class='ocrx_word' id='word_1_241' title='bbox 978 2056 1142 2090; x_wconf 85' lang='lat' dir='ltr'>Canisius</span> <span class='ocrx_word' id='word_1_242' title='bbox 1160 2056 1321 2090; x_wconf 86' lang='lat' dir='ltr'>nonnihil</span> <span class='ocrx_word' id='word_1_243' title='bbox 1340 2056 1541 2097; x_wconf 84' lang='lat' dir='ltr'>verebatur,</span> <span class='ocrx_word' id='word_1_244' title='bbox 1560 2067 1604 2089; x_wconf 91' lang='lat' dir='ltr'>ne</span> <span class='ocrx_word' id='word_1_245' title='bbox 1619 2056 1751 2089; x_wconf 80' lang='lat' dir='ltr'>Romae</span> <span class='ocrx_word' id='word_1_246' title='bbox 1766 2055 1808 2089; x_wconf 91' lang='lat' dir='ltr'>de</span> <span class='ocrx_word' id='word_1_247' title='bbox 1826 2054 1973 2099; x_wconf 86' lang='lat' dir='ltr'>„pallio¹‘</span> 
     </span>
     <span class='ocr_line' id='line_1_29' title="bbox 222 2107 1977 2154; baseline -0.001 -11"><span class='ocrx_word' id='word_1_248' title='bbox 222 2122 284 2154; x_wconf 88' lang='lat' dir='ltr'>per</span> <span class='ocrx_word' id='word_1_249' title='bbox 322 2109 627 2154; x_wconf 88' lang='lat' dir='ltr'>archiepiscopum</span> <span class='ocrx_word' id='word_1_250' title='bbox 666 2109 904 2143; x_wconf 89' lang='lat' dir='ltr'>coloniensem</span> <span class='ocrx_word' id='word_1_251' title='bbox 947 2109 1190 2152; x_wconf 79' lang='lat' dir='ltr'>„redimendo“</span> <span class='ocrx_word' id='word_1_252' title='bbox 1234 2109 1267 2143; x_wconf 87' lang='lat' dir='ltr'>id</span> <span class='ocrx_word' id='word_1_253' title='bbox 1313 2111 1553 2149; x_wconf 80' lang='lat' dir='ltr'>statueretur,</span> <span class='ocrx_word' id='word_1_254' title='bbox 1591 2108 1683 2152; x_wconf 89' lang='lat' dir='ltr'>quod</span> <span class='ocrx_word' id='word_1_255' title='bbox 1722 2107 1897 2152; x_wconf 88' lang='lat' dir='ltr'>praestari</span> <span class='ocrx_word' id='word_1_256' title='bbox 1934 2108 1977 2141; x_wconf 88' lang='lat' dir='ltr'>ob</span> 
     </span>
     <span class='ocr_line' id='line_1_30' title="bbox 222 2160 1978 2207; baseline -0.002 -10"><span class='ocrx_word' id='word_1_257' title='bbox 222 2163 395 2197; x_wconf 87' lang='lat' dir='ltr'>dioecesis</span> <span class='ocrx_word' id='word_1_258' title='bbox 427 2162 524 2196; x_wconf 87' lang='lat' dir='ltr'>illius</span> <span class='ocrx_word' id='word_1_259' title='bbox 549 2163 703 2207; x_wconf 86' lang='lat' dir='ltr'>inopiam</span> <span class='ocrx_word' id='word_1_260' title='bbox 730 2174 799 2196; x_wconf 90' lang='lat' dir='ltr'>non</span> <span class='ocrx_word' id='word_1_261' title='bbox 825 2164 957 2207; x_wconf 87' lang='lat' dir='ltr'>posset,</span> <span class='ocrx_word' id='word_1_262' title='bbox 992 2174 1083 2196; x_wconf 90' lang='lat' dir='ltr'>neve</span> <span class='ocrx_word' id='word_1_263' title='bbox 1110 2174 1187 2196; x_wconf 86' lang='lat' dir='ltr'>eam</span> <span class='ocrx_word' id='word_1_264' title='bbox 1219 2162 1262 2196; x_wconf 88' lang='lat' dir='ltr'>ob</span> <span class='ocrx_word' id='word_1_265' title='bbox 1288 2173 1432 2196; x_wconf 87' lang='lat' dir='ltr'>causam</span> <span class='ocrx_word' id='word_1_266' title='bbox 1459 2161 1687 2196; x_wconf 88' lang='lat' dir='ltr'>Colonienses</span> <span class='ocrx_word' id='word_1_267' title='bbox 1712 2161 1820 2195; x_wconf 85' lang='lat' dir='ltr'>etiam</span> <span class='ocrx_word' id='word_1_268' title='bbox 1846 2160 1978 2194; x_wconf 85' lang='lat' dir='ltr'>diutius</span> 
     </span>
     <span class='ocr_line' id='line_1_31' title="bbox 221 2214 1977 2260; baseline -0.002 -10"><span class='ocrx_word' id='word_1_269' title='bbox 221 2215 498 2260; x_wconf 82' lang='lat' dir='ltr'>archiepiscopo,</span> <span class='ocrx_word' id='word_1_270' title='bbox 534 2215 594 2260; x_wconf 91' lang='lat' dir='ltr'>qui</span> <span class='ocrx_word' id='word_1_271' title='bbox 628 2227 774 2250; x_wconf 90' lang='lat' dir='ltr'>munere</span> <span class='ocrx_word' id='word_1_272' title='bbox 805 2215 908 2259; x_wconf 84' lang='lat' dir='ltr'>fungi</span> <span class='ocrx_word' id='word_1_273' title='bbox 942 2217 1074 2260; x_wconf 87' lang='lat' dir='ltr'>posset,</span> <span class='ocrx_word' id='word_1_274' title='bbox 1110 2216 1282 2249; x_wconf 84' lang='lat' dir='ltr'>carerent.</span> <span class='ocrx_word' id='word_1_275' title='bbox 1333 2214 1601 2259; x_wconf 86' lang='lat' dir='ltr'>Archiepiscopi</span> <span class='ocrx_word' id='word_1_276' title='bbox 1632 2225 1728 2256; x_wconf 87' lang='lat' dir='ltr'>sane,</span> <span class='ocrx_word' id='word_1_277' title='bbox 1764 2214 1871 2248; x_wconf 89' lang='lat' dir='ltr'>etiam</span> <span class='ocrx_word' id='word_1_278' title='bbox 1898 2225 1977 2248; x_wconf 87' lang='lat' dir='ltr'>cum</span> 
     </span>
     <span class='ocr_line' id='line_1_32' title="bbox 222 2260 1977 2313; baseline -0.002 -10"><span class='ocrx_word' id='word_1_279' title='bbox 222 2270 420 2303; x_wconf 86' lang='lat' dir='ltr'>confirmati</span> <span class='ocrx_word' id='word_1_280' title='bbox 447 2272 483 2303; x_wconf 89' lang='lat' dir='ltr'>et</span> <span class='ocrx_word' id='word_1_281' title='bbox 508 2268 705 2303; x_wconf 88' lang='lat' dir='ltr'>consecrati</span> <span class='ocrx_word' id='word_1_282' title='bbox 724 2270 855 2309; x_wconf 84' lang='lat' dir='ltr'>essent,</span> <span class='ocrx_word' id='word_1_283' title='bbox 881 2268 1070 2313; x_wconf 88' lang='lat' dir='ltr'>plerasque</span> <span class='ocrx_word' id='word_1_284' title='bbox 1089 2268 1197 2302; x_wconf 85' lang='lat' dir='ltr'>officii</span> <span class='ocrx_word' id='word_1_285' title='bbox 1215 2267 1417 2301; x_wconf 85' lang='lat' dir='ltr'>functiones</span> <span class='ocrx_word' id='word_1_286' title='bbox 1441 2268 1536 2301; x_wconf 86' lang='lat' dir='ltr'>obire</span> <span class='ocrx_word' id='word_1_287' title='bbox 1554 2260 1759 2311; x_wconf 65' lang='lat' dir='ltr'>nequiliant,</span> <span class='ocrx_word' id='word_1_288' title='bbox 1786 2268 1977 2310; x_wconf 83' lang='lat' dir='ltr'>antequam</span> 
     </span>
     <span class='ocr_line' id='line_1_33' title="bbox 222 2319 1977 2367; baseline -0.002 -11"><span class='ocrx_word' id='word_1_289' title='bbox 222 2334 242 2356; x_wconf 90' lang='lat' dir='ltr'>a</span> <span class='ocrx_word' id='word_1_290' title='bbox 276 2334 415 2356; x_wconf 89' lang='lat' dir='ltr'>summo</span> <span class='ocrx_word' id='word_1_291' title='bbox 449 2321 616 2367; x_wconf 89' lang='lat' dir='ltr'>pontifice</span> <span class='ocrx_word' id='word_1_292' title='bbox 643 2324 781 2355; x_wconf 89' lang='lat' dir='ltr'>vestem</span> <span class='ocrx_word' id='word_1_293' title='bbox 816 2321 914 2355; x_wconf 87' lang='lat' dir='ltr'>illam</span> <span class='ocrx_word' id='word_1_294' title='bbox 949 2332 1100 2360; x_wconf 79' lang='lat' dir='ltr'>sacram,</span> <span class='ocrx_word' id='word_1_295' title='bbox 1125 2330 1240 2365; x_wconf 80' lang='lat' dir='ltr'>&#39;quam</span> <span class='ocrx_word' id='word_1_296' title='bbox 1266 2320 1415 2365; x_wconf 89' lang='lat' dir='ltr'>pallium</span> <span class='ocrx_word' id='word_1_297' title='bbox 1442 2322 1582 2361; x_wconf 87' lang='lat' dir='ltr'>vocant,</span> <span class='ocrx_word' id='word_1_298' title='bbox 1618 2319 1859 2364; x_wconf 87' lang='lat' dir='ltr'>accepissent;</span> <span class='ocrx_word' id='word_1_299' title='bbox 1897 2331 1977 2353; x_wconf 87' lang='lat' dir='ltr'>cum</span> 
     </span>
     <span class='ocr_line' id='line_1_34' title="bbox 224 2372 1977 2420; baseline -0.002 -11"><span class='ocrx_word' id='word_1_300' title='bbox 224 2375 322 2420; x_wconf 89' lang='lat' dir='ltr'>pallii</span> <span class='ocrx_word' id='word_1_301' title='bbox 348 2377 467 2409; x_wconf 88' lang='lat' dir='ltr'>autem</span> <span class='ocrx_word' id='word_1_302' title='bbox 493 2375 720 2409; x_wconf 89' lang='lat' dir='ltr'>concessione</span> <span class='ocrx_word' id='word_1_303' title='bbox 746 2377 853 2408; x_wconf 83' lang='lat' dir='ltr'>taxae</span> <span class='ocrx_word' id='word_1_304' title='bbox 879 2373 1063 2408; x_wconf 88' lang='lat' dir='ltr'>cuiusdam</span> <span class='ocrx_word' id='word_1_305' title='bbox 1087 2374 1164 2408; x_wconf 90' lang='lat' dir='ltr'>sive</span> <span class='ocrx_word' id='word_1_306' title='bbox 1190 2373 1313 2407; x_wconf 89' lang='lat' dir='ltr'>tributi</span> <span class='ocrx_word' id='word_1_307' title='bbox 1340 2373 1480 2407; x_wconf 79' lang='lat' dir='ltr'>exactio</span> <span class='ocrx_word' id='word_1_308' title='bbox 1505 2372 1731 2416; x_wconf 88' lang='lat' dir='ltr'>iungebatur,</span> <span class='ocrx_word' id='word_1_309' title='bbox 1756 2383 1868 2416; x_wconf 87' lang='lat' dir='ltr'>eaque</span> <span class='ocrx_word' id='word_1_310' title='bbox 1894 2383 1977 2406; x_wconf 89' lang='lat' dir='ltr'>non-</span> 
     </span>
     <span class='ocr_line' id='line_1_35' title="bbox 223 2424 1976 2473; baseline -0.003 -11"><span class='ocrx_word' id='word_1_311' title='bbox 223 2440 405 2473; x_wconf 88' lang='lat' dir='ltr'>nunquam</span> <span class='ocrx_word' id='word_1_312' title='bbox 430 2427 597 2473; x_wconf 84' lang='lat' dir='ltr'>amplior;</span> <span class='ocrx_word' id='word_1_313' title='bbox 630 2430 671 2462; x_wconf 89' lang='lat' dir='ltr'>ut</span> <span class='ocrx_word' id='word_1_314' title='bbox 702 2439 793 2462; x_wconf 86' lang='lat' dir='ltr'>anno</span> <span class='ocrx_word' id='word_1_315' title='bbox 821 2427 922 2465; x_wconf 82' lang='lat'>1500,</span> <span class='ocrx_word' id='word_1_316' title='bbox 957 2438 1038 2461; x_wconf 88' lang='lat' dir='ltr'>cum</span> <span class='ocrx_word' id='word_1_317' title='bbox 1063 2426 1214 2460; x_wconf 84' lang='lat' dir='ltr'>Iacobus</span> <span class='ocrx_word' id='word_1_318' title='bbox 1243 2425 1400 2459; x_wconf 88' lang='lat' dir='ltr'>marchio</span> <span class='ocrx_word' id='word_1_319' title='bbox 1427 2425 1600 2459; x_wconf 85' lang='lat' dir='ltr'>Badensis</span> <span class='ocrx_word' id='word_1_320' title='bbox 1625 2424 1883 2469; x_wconf 87' lang='lat' dir='ltr'>archiepiscopi</span> <span class='ocrx_word' id='word_1_321' title='bbox 1908 2428 1976 2459; x_wconf 89' lang='lat' dir='ltr'>tre-</span> 
     </span>
     <span class='ocr_line' id='line_1_36' title="bbox 224 2477 1977 2522; baseline -0.003 -6"><span class='ocrx_word' id='word_1_322' title='bbox 224 2481 385 2516; x_wconf 82' lang='lat' dir='ltr'>verensis</span> <span class='ocrx_word' id='word_1_323' title='bbox 411 2481 595 2516; x_wconf 85' lang='lat' dir='ltr'>coadiutor</span> <span class='ocrx_word' id='word_1_324' title='bbox 621 2492 699 2514; x_wconf 89' lang='lat' dir='ltr'>cum</span> <span class='ocrx_word' id='word_1_325' title='bbox 726 2481 803 2514; x_wconf 85' lang='lat' dir='ltr'>iure</span> <span class='ocrx_word' id='word_1_326' title='bbox 828 2480 1067 2514; x_wconf 86' lang='lat' dir='ltr'>successionis</span> <span class='ocrx_word' id='word_1_327' title='bbox 1085 2478 1372 2519; x_wconf 74' lang='lat' dir='ltr'>constitueretur,</span> <span class='ocrx_word' id='word_1_328' title='bbox 1403 2490 1485 2522; x_wconf 83' lang='lat' dir='ltr'>⁷‚pro</span> <span class='ocrx_word' id='word_1_329' title='bbox 1509 2478 1622 2522; x_wconf 85' lang='lat' dir='ltr'>palio“</span> <span class='ocrx_word' id='word_1_330' title='bbox 1646 2478 1710 2512; x_wconf 84' lang='lat'>941</span> <span class='ocrx_word' id='word_1_331' title='bbox 1732 2478 1851 2511; x_wconf 88' lang='lat' dir='ltr'>ducati</span> <span class='ocrx_word' id='word_1_332' title='bbox 1870 2477 1977 2512; x_wconf 85' lang='lat' dir='ltr'>soluti</span> 
     </span>
     <span class='ocr_line' id='line_1_37' title="bbox 223 2530 1975 2577; baseline -0.003 -9"><span class='ocrx_word' id='word_1_333' title='bbox 223 2537 308 2569; x_wconf 89' lang='lat' dir='ltr'>sunt</span> <span class='ocrx_word' id='word_1_334' title='bbox 337 2535 398 2577; x_wconf 90' lang='lat' dir='ltr'>(H.</span> <span class='ocrx_word' id='word_1_335' title='bbox 425 2536 463 2568; x_wconf 74' lang='lat' dir='ltr'>V.</span> <span class='ocrx_word' id='word_1_336' title='bbox 492 2535 706 2577; x_wconf 67' lang='lat' dir='ltr'>Saum-land,</span> <span class='ocrx_word' id='word_1_337' title='bbox 741 2533 941 2567; x_wconf 87' lang='lat' dir='ltr'>Trierische</span> <span class='ocrx_word' id='word_1_338' title='bbox 967 2533 1090 2566; x_wconf 85' lang='lat' dir='ltr'>Taxen</span> <span class='ocrx_word' id='word_1_339' title='bbox 1115 2532 1186 2565; x_wconf 85' lang='lat' dir='ltr'>und</span> <span class='ocrx_word' id='word_1_340' title='bbox 1212 2531 1451 2574; x_wconf 89' lang='lat' dir='ltr'>Trinkgelder</span> <span class='ocrx_word' id='word_1_341' title='bbox 1477 2542 1520 2564; x_wconf 88' lang='lat' dir='ltr'>an</span> <span class='ocrx_word' id='word_1_342' title='bbox 1548 2531 1604 2564; x_wconf 87' lang='lat' dir='ltr'>die</span> <span class='ocrx_word' id='word_1_343' title='bbox 1630 2530 1829 2575; x_wconf 70' lang='lat' dir='ltr'>papstliche</span> <span class='ocrx_word' id='word_1_344' title='bbox 1856 2530 1975 2571; x_wconf 77' lang='lat' dir='ltr'>Kurie,</span> 
     </span>
     <span class='ocr_line' id='line_1_38' title="bbox 224 2583 1976 2630; baseline -0.002 -9"><span class='ocrx_word' id='word_1_345' title='bbox 224 2589 259 2621; x_wconf 90' lang='lat' dir='ltr'>in</span> <span class='ocrx_word' id='word_1_346' title='bbox 289 2587 588 2630; x_wconf 54' lang='lat' dir='ltr'>„lVestdeutsche</span> <span class='ocrx_word' id='word_1_347' title='bbox 614 2587 820 2621; x_wconf 86' lang='lat' dir='ltr'>Zeitschrift</span> <span class='ocrx_word' id='word_1_348' title='bbox 854 2587 911 2620; x_wconf 84' lang='lat' dir='ltr'>fiir</span> <span class='ocrx_word' id='word_1_349' title='bbox 937 2585 1153 2620; x_wconf 85' lang='lat' dir='ltr'>Geschichte</span> <span class='ocrx_word' id='word_1_350' title='bbox 1187 2597 1220 2618; x_wconf 92' lang='lat' dir='ltr'>u.</span> <span class='ocrx_word' id='word_1_351' title='bbox 1248 2585 1384 2619; x_wconf 82' lang='lat' dir='ltr'>Kunst“</span> <span class='ocrx_word' id='word_1_352' title='bbox 1415 2584 1499 2618; x_wconf 84' lang='lat' dir='ltr'>XVI</span> <span class='ocrx_word' id='word_1_353' title='bbox 1525 2584 1570 2618; x_wconf 90' lang='grc'>96</span> <span class='ocrx_word' id='word_1_354' title='bbox 1598 2583 1693 2627; x_wconf 88' lang='grc'>105).</span> <span class='ocrx_word' id='word_1_355' title='bbox 1743 2584 1795 2617; x_wconf 89' lang='grc' dir='ltr'>Αο</span> <span class='ocrx_word' id='word_1_356' title='bbox 1821 2584 1906 2617; x_wconf 85' lang='lat' dir='ltr'>Pius</span> <span class='ocrx_word' id='word_1_357' title='bbox 1934 2583 1976 2617; x_wconf 69' lang='lat' dir='ltr'>V.</span> 
     </span>
     <span class='ocr_line' id='line_1_39' title="bbox 225 2636 1976 2685; baseline -0.003 -10"><span class='ocrx_word' id='word_1_358' title='bbox 225 2641 364 2684; x_wconf 89' lang='lat' dir='ltr'>quidem</span> <span class='ocrx_word' id='word_1_359' title='bbox 392 2642 427 2675; x_wconf 87' lang='lat' dir='ltr'>in</span> <span class='ocrx_word' id='word_1_360' title='bbox 453 2641 661 2675; x_wconf 85' lang='lat' dir='ltr'>consistorio</span> <span class='ocrx_word' id='word_1_361' title='bbox 688 2641 720 2674; x_wconf 88' lang='lat'>3.</span> <span class='ocrx_word' id='word_1_362' title='bbox 739 2639 873 2685; x_wconf 89' lang='lat' dir='ltr'>Aprilis</span> <span class='ocrx_word' id='word_1_363' title='bbox 894 2639 983 2673; x_wconf 83' lang='lat'>1566</span> <span class='ocrx_word' id='word_1_364' title='bbox 1009 2638 1130 2673; x_wconf 86' lang='lat' dir='ltr'>habito</span> <span class='ocrx_word' id='word_1_365' title='bbox 1157 2638 1298 2672; x_wconf 90' lang='lat' dir='ltr'>omnino</span> <span class='ocrx_word' id='word_1_366' title='bbox 1323 2637 1513 2682; x_wconf 86' lang='lat' dir='ltr'>prohibuit,</span> <span class='ocrx_word' id='word_1_367' title='bbox 1539 2648 1582 2670; x_wconf 88' lang='lat' dir='ltr'>ne</span> <span class='ocrx_word' id='word_1_368' title='bbox 1608 2637 1642 2670; x_wconf 91' lang='lat' dir='ltr'>in</span> <span class='ocrx_word' id='word_1_369' title='bbox 1669 2636 1768 2681; x_wconf 88' lang='lat' dir='ltr'>pallii</span> <span class='ocrx_word' id='word_1_370' title='bbox 1786 2637 1976 2670; x_wconf 87' lang='lat' dir='ltr'>traditione</span> 
     </span>
     <span class='ocr_line' id='line_1_40' title="bbox 225 2689 1975 2738; baseline -0.001 -12"><span class='ocrx_word' id='word_1_371' title='bbox 225 2695 414 2738; x_wconf 80' lang='lat' dir='ltr'>quicquam</span> <span class='ocrx_word' id='word_1_372' title='bbox 450 2694 681 2738; x_wconf 84' lang='lat' dir='ltr'>pecuniarum</span> <span class='ocrx_word' id='word_1_373' title='bbox 707 2693 765 2727; x_wconf 89' lang='lat' dir='ltr'>vel</span> <span class='ocrx_word' id='word_1_374' title='bbox 792 2693 997 2736; x_wconf 82' lang='lat' dir='ltr'>exigeretur</span> <span class='ocrx_word' id='word_1_375' title='bbox 1023 2692 1081 2725; x_wconf 91' lang='lat' dir='ltr'>vel</span> <span class='ocrx_word' id='word_1_376' title='bbox 1111 2691 1360 2725; x_wconf 88' lang='lat' dir='ltr'>admitteretur</span> <span class='ocrx_word' id='word_1_377' title='bbox 1388 2691 1624 2733; x_wconf 71' lang='lat' dir='ltr'>(Laderchius</span> <span class='ocrx_word' id='word_1_378' title='bbox 1648 2689 1671 2724; x_wconf 84' lang='lat' dir='ltr'>l.</span> <span class='ocrx_word' id='word_1_379' title='bbox 1698 2700 1726 2723; x_wconf 88' lang='lat' dir='ltr'>c.</span> <span class='ocrx_word' id='word_1_380' title='bbox 1753 2689 1788 2722; x_wconf 93' lang='lat' dir='ltr'>in</span> <span class='ocrx_word' id='word_1_381' title='bbox 1815 2701 1847 2724; x_wconf 88' lang='lat' dir='ltr'>a.</span> <span class='ocrx_word' id='word_1_382' title='bbox 1876 2690 1975 2731; x_wconf 76' lang='lat'>1566,</span> 
     </span>
     <span class='ocr_line' id='line_1_41' title="bbox 224 2742 1974 2791; baseline -0.002 -13"><span class='ocrx_word' id='word_1_383' title='bbox 224 2758 256 2780; x_wconf 89' lang='grc'>11.</span> <span class='ocrx_word' id='word_1_384' title='bbox 283 2748 358 2789; x_wconf 85' lang='lat'>44).</span> <span class='ocrx_word' id='word_1_385' title='bbox 410 2747 581 2791; x_wconf 87' lang='lat' dir='ltr'>Equidem</span> <span class='ocrx_word' id='word_1_386' title='bbox 616 2749 736 2780; x_wconf 85' lang='lat' dir='ltr'>tamen</span> <span class='ocrx_word' id='word_1_387' title='bbox 771 2757 916 2786; x_wconf 86' lang='lat' dir='ltr'>censeo,</span> <span class='ocrx_word' id='word_1_388' title='bbox 953 2745 1134 2779; x_wconf 89' lang='lat' dir='ltr'>Canisium</span> <span class='ocrx_word' id='word_1_389' title='bbox 1168 2744 1234 2778; x_wconf 90' lang='lat' dir='ltr'>hoc</span> <span class='ocrx_word' id='word_1_390' title='bbox 1268 2743 1344 2777; x_wconf 89' lang='lat' dir='ltr'>loco</span> <span class='ocrx_word' id='word_1_391' title='bbox 1380 2743 1487 2777; x_wconf 87' lang='lat' dir='ltr'>etiam</span> <span class='ocrx_word' id='word_1_392' title='bbox 1522 2742 1636 2787; x_wconf 87' lang='lat' dir='ltr'>ipsam</span> <span class='ocrx_word' id='word_1_393' title='bbox 1671 2742 1974 2776; x_wconf 88' lang='lat' dir='ltr'>confirmationem</span> 
     </span>
     <span class='ocr_line' id='line_1_42' title="bbox 225 2794 1973 2844; baseline -0.001 -13"><span class='ocrx_word' id='word_1_394' title='bbox 225 2798 563 2844; x_wconf 83' lang='lat' dir='ltr'>archiepiscopalem</span> <span class='ocrx_word' id='word_1_395' title='bbox 595 2799 810 2842; x_wconf 88' lang='lat' dir='ltr'>significare,</span> <span class='ocrx_word' id='word_1_396' title='bbox 845 2810 937 2842; x_wconf 88' lang='lat' dir='ltr'>quae</span> <span class='ocrx_word' id='word_1_397' title='bbox 963 2797 1059 2843; x_wconf 88' lang='lat' dir='ltr'>pallii</span> <span class='ocrx_word' id='word_1_398' title='bbox 1086 2797 1313 2831; x_wconf 88' lang='lat' dir='ltr'>concessione</span> <span class='ocrx_word' id='word_1_399' title='bbox 1348 2795 1450 2839; x_wconf 80' lang='lat' dir='ltr'>quasi</span> <span class='ocrx_word' id='word_1_400' title='bbox 1476 2794 1672 2839; x_wconf 86' lang='lat' dir='ltr'>completur</span> <span class='ocrx_word' id='word_1_401' title='bbox 1697 2797 1732 2828; x_wconf 91' lang='lat' dir='ltr'>et</span> <span class='ocrx_word' id='word_1_402' title='bbox 1758 2794 1973 2834; x_wconf 85' lang='lat' dir='ltr'>absolvitur;</span> 
     </span>
     <span class='ocr_line' id='line_1_43' title="bbox 225 2847 1975 2893; baseline -0.002 -10"><span class='ocrx_word' id='word_1_403' title='bbox 225 2862 307 2884; x_wconf 88' lang='lat' dir='ltr'>nam</span> <span class='ocrx_word' id='word_1_404' title='bbox 333 2851 419 2885; x_wconf 79' lang='lat' dir='ltr'>haec</span> <span class='ocrx_word' id='word_1_405' title='bbox 446 2852 562 2886; x_wconf 88' lang='lat' dir='ltr'>omnia</span> <span class='ocrx_word' id='word_1_406' title='bbox 579 2852 757 2886; x_wconf 90' lang='lat' dir='ltr'>Friderico</span> <span class='ocrx_word' id='word_1_407' title='bbox 775 2852 932 2885; x_wconf 89' lang='lat' dir='ltr'>deerant.</span> <span class='ocrx_word' id='word_1_408' title='bbox 977 2850 1157 2893; x_wconf 82' lang='lat' dir='ltr'>„Annata“</span> <span class='ocrx_word' id='word_1_409' title='bbox 1179 2852 1297 2883; x_wconf 90' lang='lat' dir='ltr'>autem</span> <span class='ocrx_word' id='word_1_410' title='bbox 1316 2848 1393 2882; x_wconf 88' lang='lat' dir='ltr'>sive</span> <span class='ocrx_word' id='word_1_411' title='bbox 1415 2847 1620 2890; x_wconf 83' lang='lat' dir='ltr'>„servitium</span> <span class='ocrx_word' id='word_1_412' title='bbox 1639 2849 1855 2888; x_wconf 81' lang='lat' dir='ltr'>commune“‚</span> <span class='ocrx_word' id='word_1_413' title='bbox 1882 2847 1975 2891; x_wconf 90' lang='lat' dir='ltr'>quod</span> 
     </span>
    </p>
   </div>
   <div class='ocr_carea' id='block_1_6' title="bbox 226 2920 1973 3001">
    <p class='ocr_par' dir='ltr' id='par_1_8' title="bbox 226 2920 1973 3001">
     <span class='ocr_line' id='line_1_44' title="bbox 344 2920 1973 2959; baseline -0.004 -8"><span class='ocrx_word' id='word_1_414' title='bbox 344 2927 371 2956; x_wconf 75' lang='lat' dir='ltr'>a)</span> <span class='ocrx_word' id='word_1_415' title='bbox 392 2928 510 2951; x_wconf 64' lang='lat' dir='ltr'>Verbum</span> <span class='ocrx_word' id='word_1_416' title='bbox 532 2928 561 2951; x_wconf 73' lang='lat' dir='ltr'>in</span> <span class='ocrx_word' id='word_1_417' title='bbox 583 2929 660 2952; x_wconf 65' lang='lat' dir='ltr'>areli.</span> <span class='ocrx_word' id='word_1_418' title='bbox 680 2935 772 2959; x_wconf 74' lang='lat' dir='ltr'>snpra</span> <span class='ocrx_word' id='word_1_419' title='bbox 794 2935 866 2952; x_wconf 68' lang='lat' dir='ltr'>vers.</span> <span class='ocrx_word' id='word_1_420' title='bbox 887 2926 1037 2957; x_wconf 72' lang='lat' dir='ltr'>scriptum.</span> <span class='ocrx_word' id='word_1_421' title='bbox 1124 2924 1153 2955; x_wconf 89' lang='lat' dir='ltr'>b)</span> <span class='ocrx_word' id='word_1_422' title='bbox 1180 2926 1214 2949; x_wconf 82' lang='lat' dir='ltr'>In</span> <span class='ocrx_word' id='word_1_423' title='bbox 1242 2924 1320 2949; x_wconf 77' lang='lat' dir='ltr'>arch.</span> <span class='ocrx_word' id='word_1_424' title='bbox 1344 2931 1417 2948; x_wconf 77' lang='lat' dir='ltr'>corr.</span> <span class='ocrx_word' id='word_1_425' title='bbox 1443 2930 1478 2947; x_wconf 67' lang='lat' dir='ltr'>ex</span> <span class='ocrx_word' id='word_1_426' title='bbox 1504 2920 1638 2947; x_wconf 83' lang='lat' dir='ltr'>concilia.</span> <span class='ocrx_word' id='word_1_427' title='bbox 1724 2924 1750 2953; x_wconf 88' lang='lat' dir='ltr'>c)</span> <span class='ocrx_word' id='word_1_428' title='bbox 1778 2923 1823 2948; x_wconf 71' lang='lat' dir='ltr'>Ita</span> <span class='ocrx_word' id='word_1_429' title='bbox 1844 2923 1873 2947; x_wconf 68' lang='lat' dir='ltr'>in</span> <span class='ocrx_word' id='word_1_430' title='bbox 1895 2925 1973 2948; x_wconf 70' lang='lat' dir='ltr'>arch.</span> 
     </span>
     <span class='ocr_line' id='line_1_45' title="bbox 226 2963 1496 3001; baseline -0.002 -11"><span class='ocrx_word' id='word_1_431' title='bbox 226 2974 300 2991; x_wconf 69' lang='lat' dir='ltr'>corr.</span> <span class='ocrx_word' id='word_1_432' title='bbox 321 2971 361 2991; x_wconf 74' lang='lat' dir='ltr'>est</span> <span class='ocrx_word' id='word_1_433' title='bbox 381 2975 416 2991; x_wconf 52' lang='lat' dir='ltr'>„s</span> <span class='ocrx_word' id='word_1_434' title='bbox 435 2968 550 2993; x_wconf 84' lang='lat' dir='ltr'>animos</span> <span class='ocrx_word' id='word_1_435' title='bbox 571 2968 766 3001; x_wconf 83' lang='lat' dir='ltr'>appetendas.</span> <span class='ocrx_word' id='word_1_436' title='bbox 840 2967 870 2999; x_wconf 85' lang='lat' dir='ltr'>d)</span> <span class='ocrx_word' id='word_1_437' title='bbox 891 2968 937 2993; x_wconf 80' lang='lat' dir='ltr'>Sic</span> <span class='ocrx_word' id='word_1_438' title='bbox 956 2967 1053 2997; x_wconf 73' lang='lat' dir='ltr'>arch.;</span> <span class='ocrx_word' id='word_1_439' title='bbox 1072 2966 1253 2991; x_wconf 72' lang='lat' dir='ltr'>scribendum</span> <span class='ocrx_word' id='word_1_440' title='bbox 1274 2967 1374 2996; x_wconf 77' lang='lat' dir='ltr'>fuerat</span> <span class='ocrx_word' id='word_1_441' title='bbox 1393 2963 1496 2989; x_wconf 88' lang='lat' dir='ltr'>sehen.</span> 
     </span>
    </p>
   </div>
   <div class='ocr_carea' id='block_1_7' title="bbox 229 3082 1975 3230">
    <p class='ocr_par' dir='ltr' id='par_1_9' title="bbox 229 3082 1975 3230">
     <span class='ocr_line' id='line_1_46' title="bbox 349 3082 1271 3128; baseline 0 -12"><span class='ocrx_word' id='word_1_442' title='bbox 349 3083 358 3102; x_wconf 88' lang='lat'><strong>¹</strong></span> <span class='ocrx_word' id='word_1_443' title='bbox 384 3082 484 3123; x_wconf 87' lang='lat' dir='ltr'>Vide,</span> <span class='ocrx_word' id='word_1_444' title='bbox 511 3094 601 3126; x_wconf 87' lang='lat' dir='ltr'>quae</span> <span class='ocrx_word' id='word_1_445' title='bbox 626 3084 691 3118; x_wconf 89' lang='lat' dir='ltr'>sub</span> <span class='ocrx_word' id='word_1_446' title='bbox 718 3084 815 3128; x_wconf 90' lang='lat' dir='ltr'>ipsas</span> <span class='ocrx_word' id='word_1_447' title='bbox 840 3083 906 3117; x_wconf 84' lang='lat' dir='ltr'>has</span> <span class='ocrx_word' id='word_1_448' title='bbox 931 3083 1072 3117; x_wconf 88' lang='lat' dir='ltr'>litteras</span> <span class='ocrx_word' id='word_1_449' title='bbox 1098 3083 1271 3116; x_wconf 88' lang='lat' dir='ltr'>dicentur.</span> 
     </span>
     <span class='ocr_line' id='line_1_47' title="bbox 347 3131 1975 3180; baseline -0.002 -12"><span class='ocrx_word' id='word_1_450' title='bbox 347 3134 360 3154; x_wconf 78' lang='lat'>‘²</span> <span class='ocrx_word' id='word_1_451' title='bbox 385 3135 410 3168; x_wconf 92' lang='grc' dir='ltr'>Ι.</span> <span class='ocrx_word' id='word_1_452' title='bbox 431 3147 480 3169; x_wconf 79' lang='lat' dir='ltr'>e:</span> <span class='ocrx_word' id='word_1_453' title='bbox 507 3138 546 3169; x_wconf 85' lang='lat' dir='ltr'>ut</span> <span class='ocrx_word' id='word_1_454' title='bbox 565 3137 681 3180; x_wconf 89' lang='lat' dir='ltr'>potius</span> <span class='ocrx_word' id='word_1_455' title='bbox 699 3136 735 3169; x_wconf 88' lang='lat' dir='ltr'>in</span> <span class='ocrx_word' id='word_1_456' title='bbox 752 3135 932 3169; x_wconf 90' lang='lat' dir='ltr'>hominum</span> <span class='ocrx_word' id='word_1_457' title='bbox 961 3135 1190 3170; x_wconf 86' lang='lat' dir='ltr'>offensionem</span> <span class='ocrx_word' id='word_1_458' title='bbox 1217 3134 1409 3174; x_wconf 87' lang='lat' dir='ltr'>incurrant,</span> <span class='ocrx_word' id='word_1_459' title='bbox 1436 3143 1542 3176; x_wconf 89' lang='lat' dir='ltr'>quam</span> <span class='ocrx_word' id='word_1_460' title='bbox 1568 3142 1589 3165; x_wconf 91' lang='lat' dir='ltr'>a</span> <span class='ocrx_word' id='word_1_461' title='bbox 1614 3131 1768 3165; x_wconf 87' lang='lat' dir='ltr'>veritate</span> <span class='ocrx_word' id='word_1_462' title='bbox 1795 3131 1975 3166; x_wconf 88' lang='lat' dir='ltr'>declinent</span> 
     </span>
     <span class='ocr_line' id='line_1_48' title="bbox 229 3185 1889 3230; baseline -0.002 -10"><span class='ocrx_word' id='word_1_463' title='bbox 229 3186 287 3221; x_wconf 89' lang='lat' dir='ltr'>vel</span> <span class='ocrx_word' id='word_1_464' title='bbox 313 3187 349 3220; x_wconf 91' lang='lat' dir='ltr'>in</span> <span class='ocrx_word' id='word_1_465' title='bbox 375 3187 480 3221; x_wconf 85' lang='lat' dir='ltr'>rebus</span> <span class='ocrx_word' id='word_1_466' title='bbox 506 3188 688 3230; x_wconf 84' lang='lat' dir='ltr'>religionis</span> <span class='ocrx_word' id='word_1_467' title='bbox 715 3188 939 3222; x_wconf 83' lang='lat' dir='ltr'>conniveant.</span> <span class='ocrx_word' id='word_1_468' title='bbox 981 3188 1079 3222; x_wconf 81' lang='lat' dir='ltr'>Deus</span> <span class='ocrx_word' id='word_1_469' title='bbox 1104 3199 1167 3221; x_wconf 92' lang='lat' dir='ltr'>nos</span> <span class='ocrx_word' id='word_1_470' title='bbox 1194 3187 1340 3221; x_wconf 85' lang='lat' dir='ltr'>adiuvet</span> <span class='ocrx_word' id='word_1_471' title='bbox 1366 3186 1401 3219; x_wconf 88' lang='lat' dir='ltr'>in</span> <span class='ocrx_word' id='word_1_472' title='bbox 1427 3185 1494 3219; x_wconf 89' lang='lat' dir='ltr'>hac</span> <span class='ocrx_word' id='word_1_473' title='bbox 1519 3195 1629 3218; x_wconf 87' lang='lat' dir='ltr'>saeva</span> <span class='ocrx_word' id='word_1_474' title='bbox 1654 3186 1889 3228; x_wconf 83' lang='lat' dir='ltr'>tempestate!</span> 
     </span>
    </p>
   </div>
  </div>
 </body>
</html>
