2045 3471
231 190 316 231 528
709 189 812 223 1467.
839 188 1005 223 Canisius
1031 188 1066 223 S.
1084 188 1277 223 Francisco
1303 189 1346 223 de
1371 188 1514 233 Borgia.

231 307 399 350 animus
443 306 654 361 Principis
700 307 830 349 facile
876 306 1092 356 irritetur,
1147 310 1192 350 et
1238 306 1428 360 aliquam
1471 307 1646 361 petendi
1689 306 1995 350 necessitatem

230 371 352 414 nobis
385 371 572 425 obijcere
604 372 742 426 possit
772 372 816 413 in
848 371 928 414 hac
952 372 1190 424 Religionis
1223 372 1337 426 apud
1359 372 1518 414 multos
1540 372 1736 414 Bauaros
1768 372 1996 426 perturba-

230 437 361 487 tione,
404 437 473 478 cui
513 439 706 478 nostram
748 437 883 478 uellet
915 451 1104 490 operam,
1148 436 1281 479 ueluti
1321 439 1597 490 praesentem
1629 436 1898 487 medicinam,
1940 436 1996 479 ad

230 504 402 555 tempus
435 501 689 554 quibusdam
722 501 767 543 in
798 502 903 543 locis
934 501 1159 545 inseruire.

350 566 471 616 Quod
503 567 556 608 ad
590 568 762 608 nostros
794 566 975 620 posthac
1006 580 1091 608 non
1125 566 1253 608 facile
1285 566 1545 608 ordinandos
1577 565 1748 616 attinet,
1788 565 1996 620 scriptum

231 631 467 685 separatim
502 631 694 681 adiunxi,
737 633 784 673 ut
817 631 1087 673 obedientiae
1120 631 1320 682 satisfiat,
1354 634 1398 673 et
1431 631 1665 681 curabitur,
1707 633 1756 673 ut
1788 630 1884 684 alijs
1915 630 1996 672 hoc

232 696 452 749 negotium
484 711 566 738 non
594 696 911 739 manifestetur.
967 696 1198 750 Speramus
1231 695 1447 737 dominum
1480 696 1523 738 in
1555 710 1602 737 re
1633 695 1745 738 tanti
1777 694 1995 746 momenti,

232 775 343 814 quae
376 775 453 802 nos
486 761 639 803 merito
672 761 881 803 sollicitos
904 761 1070 811 reddat,
1105 775 1188 803 non
1222 761 1469 803 defuturum
1494 774 1597 802 suae
1620 760 1832 803 societati.
1887 760 1997 802 Ora-

232 825 371 867 bimus
403 840 480 880 pro
505 826 711 869 Pontifice
734 827 924 867 Maximo
952 829 1000 868 ut
1021 826 1271 868 Paternitas
1294 829 1371 868 tua
1402 825 1717 880 praescripsit⁸,
1752 825 1794 866 in
1818 824 1954 866 sacris
1968 826 1995 868 1.

351 891 421 932 Ex
453 890 590 932 amico
623 891 806 944 quodam
841 891 999 945 accepi,
1033 891 1384 933 Jllustrissimum
1418 892 1469 935 D.
1492 890 1761 933 Cardinalem
1786 890 1997 932 Constan-

232 955 416 997 tiensem
450 969 475 997 a
507 956 596 997 suis
627 956 825 1010 impediri
859 970 942 1009 quo
974 956 1115 998 minus
1148 970 1322 998 causam
1346 956 1524 1009 Collegij
1557 955 1758 1009 promissi
1788 956 1995 1008 urgeat-2:

234 1020 347 1061 unde
387 1020 551 1063 factum
591 1021 720 1063 etiam
754 1024 873 1075 puto,
916 1024 964 1063 ut
996 1036 1064 1063 me
1096 1022 1305 1065 hactenus
1337 1035 1421 1063 non
1455 1020 1744 1071 accersiuerit,
1787 1023 1918 1073 atque
1950 1022 1999 1062 ut

234 1099 373 1139 spero,
409 1085 463 1127 ad
495 1100 617 1127 suam
642 1086 861 1140 Synodum
893 1086 935 1127 in
963 1086 1171 1140 principio
1195 1085 1462 1141 Septembrib
1484 1084 1545 1140 [P]
1579 1085 1881 1128 celebrandam
1912 1099 1999 1127 non

234 1151 448 1193 euocabit.
504 1151 598 1192 Scio
629 1154 775 1193 autern
808 1154 971 1194 statum
1005 1151 1118 1193 illius
1141 1152 1362 1193 Ecclesiae
1395 1151 1724 1194 affiictissimum
1759 1164 1867 1200 esse,
1903 1164 1997 1192 cum

235 1214 378 1257 desint
399 1216 631 1270 necessarij
656 1217 840 1270 operarij
866 1231 961 1258 cum
988 1216 1102 1266 alibi,
1137 1220 1227 1259 tum
1253 1216 1553 1265 Constantiae;
1588 1219 1636 1258 ut
1667 1216 1805 1257 nostri
1828 1215 1997 1269 quidem

235 1280 429 1334 plurimic
452 1279 514 1335 [P]
548 1282 635 1323 illic
667 1282 864 1324 sudaturi
896 1282 1137 1324 uideantur.

353 1346 562 1388 Dominus
596 1347 806 1400 Georgius
847 1347 1072 1400 Fuggerus
1115 1350 1159 1389 et
1199 1361 1309 1388 uxor
1350 1346 1441 1388 eius
1481 1346 1711 1388 admodum
1751 1344 1997 1398 religiosa-⁹²,

234 1424 258 1451 e
280 1410 460 1452 thermis
483 1411 652 1464 quidem
677 1413 846 1453 domum
872 1413 1106 1462 redierunt,
1139 1412 1214 1453 sed
1237 1414 1285 1454 ut
1307 1412 1597 1454 ualetudinem
1632 1411 1758 1452 ualde
1791 1412 1998 1452 offensam

235 1475 436 1526 habeant,
469 1491 519 1518 ac
542 1475 619 1518 ded
651 1477 875 1530 utriusque
900 1477 990 1519 uita
1017 1477 1218 1519 diuturna
1250 1477 1433 1518 multum
1467 1476 1700 1519 dubitetur.
1744 1476 2000 1518 Euocabunt

234 1540 382 1593 igitur,
429 1543 476 1583 ut
518 1542 681 1587 audio⁹.
728 1543 968 1596 Philippum
1011 1542 1387 1596 primogenitum&
1431 1556 1484 1583 ne
1517 1542 1573 1584 sit
1614 1555 1790 1595 prorsus
1821 1541 1999 1594 ignarus

236 1605 298 1646 rei
331 1606 606 1651 domesticae.
660 1608 868 1649 Miramur
901 1608 952 1648 de
975 1608 1205 1649 doctoratu
1227 1607 1283 1649 M.
1308 1606 1492 1661 Philippi
1506 1608 1535 1649 5.
1588 1606 1835 1648 Reuocatur
1867 1605 1996 1647 etiam

235 1670 427 1712 <loannes
460 1671 742 1725 Augustanus
775 1687 800 1714 a
836 1673 964 1714 Patre
998 1672 1194 1723 Consule,
1230 1672 1501 1726 praesertim,
1534 1674 1583 1713 ut
1614 1671 1728 1712 illius
1760 1669 1999 1713 ualetudini

235 1736 486 1779 consulatur
499 1738 527 1780 6.

355 1836 382 1864 a)
410 1836 474 1859 Dico
498 1843 540 1859 vr.
561 1844 619 1866 sqq.
640 1836 675 1860 ab
702 1836 764 1866 ipso
792 1836 860 1860 Can.
881 1835 984 1860 addita
1011 1838 1087 1859 sunt.
1196 1833 1227 1865 b)
1254 1835 1318 1865 Sit-,-
1344 1834 1547 1865 corrigendum
1572 1840 1632 1858 esse
1658 1833 1775 1857 videtur
1800 1831 1997 1865 Septembris.

235 1878 261 1907 0)
283 1876 348 1906 Sic‚·
370 1877 514 1901 z-olebatne
534 1877 646 1901 dicere:
667 1876 850 1909 plurimum?
917 1876 947 1907 d)
969 1877 1028 1901 Hoc
1048 1884 1071 1901 v.
1092 1884 1109 1900 α
1131 1877 1159 1901 C.
1180 1877 1242 1908 ipso
1261 1884 1353 1907 supra
1376 1883 1489 1900 versum
1508 1876 1649 1906 scriptum
1670 1878 1720 1899 est.
1788 1876 1814 1906 e)
1834 1876 1870 1899 In
1889 1874 1996 1899 ‹zi-chet.

234 1921 393 1942 coi-rectmn
414 1926 449 1942 ex
469 1917 536 1942 adio
559 1919 600 1943 vel
619 1919 710 1942 simili
730 1926 754 1943 v.

358 2061 366 2079 ¹
394 2059 544 2103 Borgias
570 2059 732 2101 singulos
751 2058 940 2092 societatis
966 2059 1171 2092 sacerdotes
1197 2058 1350 2101 singulis
1375 2057 1608 2092 hebdomadis
1633 2069 1695 2102 pro
1714 2057 1778 2090 Pio
1796 2057 1838 2091 V.
1866 2056 1996 2090 missae

236 2114 452 2147 sacrificium
479 2113 605 2146 offerre
632 2113 805 2152 iusserat;
834 2112 915 2145 vide
941 2123 1050 2156 supra
1076 2124 1109 2156 p.
1130 2112 1209 2146 503.
1261 2111 1395 2146 Canisii
1420 2112 1596 2156 scriptum
1622 2113 1773 2155 ponetur
1798 2109 1902 2151 infra,
1929 2109 1995 2143 sub

235 2167 350 2211 ipsam
377 2167 468 2200 hanc
495 2165 696 2211 epistulam.

354 2219 367 2239 ²
395 2220 537 2253 Marcus
564 2219 711 2253 Sitticus
738 2218 781 2252 ab
802 2218 1004 2252 Hohenems
1030 2218 1218 2263 episcopus
1245 2216 1521 2251 constantiensis
1549 2216 1780 2250 Constantiae
1806 2214 1996 2258 collegium

235 2272 426 2306 Societatis
453 2273 604 2306 condere
631 2271 793 2311 volebat3
822 2271 904 2304 vide
931 2282 1040 2316 supra
1067 2283 1099 2315 p.
1119 2271 1188 2305 420
1213 2271 1412 2305 451—4-52.

356 2327 368 2345 ³
395 2325 524 2359 Ursula
550 2336 571 2358 a
597 2324 853 2358 Lichtenstein.

355 2380 366 2398 ‘¹
395 2379 582 2423 Philippus
610 2378 796 2411 Eduardus
823 2377 1007 2411 convictor
1034 2380 1111 2411 erat
1137 2377 1276 2420 collegii
1304 2375 1511 2420 germanici.

355 2433 368 2451 ⁵
394 2431 598 2476 Philippum
626 2430 842 2464 Doberainei·
872 2430 968 2473 (vide
994 2442 1103 2474 supra
1132 2443 1162 2475 p.
1182 2431 1272 2464 2-6
1300 2429 1361 2473 63)
1389 2428 1584 2473 significari
1611 2439 1748 2469 cense0‚
1775 2426 1836 2470 qui
1862 2426 1994 2460 Romae

236 2485 272 2518 in
299 2484 449 2527 collegio
476 2484 680 2527 germanico
706 2484 919 2517 versabatur
947 2483 1020 2526 (Al.
1040 2485 1156 2527 Lmzy,
1184 2483 1332 2517 Studien
1358 2494 1437 2516 zum
1458 2479 1849 2515 Bruderschaftsbuche
1874 2490 1908 2513 u.
1928 2479 1995 2512 den

234 2538 390 2571 altesten
418 2536 794 2579 Rechnungsbuchern
822 2537 883 2570 der
910 2537 1038 2569 Anima
1065 2537 1100 2569 in
1126 2536 1225 2577 Rom,
1253 2536 1341 2569 Rom
1369 2535 1470 2575 1899,
1498 2535 1541 2568 51
1568 2546 1600 2567 n.
1628 2533 1726 2575 215).
1777 2533 1812 2566 Is
1838 2533 1934 2566 certe
1959 2531 1994 2564 in

236 2590 348 2630 libris,
373 2602 461 2634 quos
487 2602 516 2624 a.
541 2591 630 2624 1570
649 2590 769 2630 edidit,
796 2602 834 2623 se
856 2589 939 2632 „der
956 2589 1126 2634 heyligen
1145 2588 1291 2623 Schrifft
1308 2589 1458 2622 Doct0r“
1481 2587 1626 2621 vocavit
1647 2586 1995 2628 (Reinhardsmttner

236 2644 259 2678 1.
287 2655 317 2677 c.
347 2644 404 2685 [cs.
433 2655 541 2688 supra
567 2655 599 2688 p.
619 2643 654 2686 4]
682 2643 732 2677 IV
762 2642 855 2686 lis).

357 2698 369 2716 ⁶
397 2698 544 2730 loannes
581 2696 774 2738 Georgius,
810 2696 905 2729 filius
940 2696 1148 2739 Hieronymi
1180 2694 1319 2728 Velseri
1356 2692 1528 2737 (Welser)
1567 2694 1601 2725 et
1636 2692 1819 2725 convictor
1853 2690 1994 2733 collegii

237 2751 453 2792 germanici3
492 2750 573 2783 vide
599 2762 707 2794 supra
742 2761 775 2793 p.
803 2749 889 2783 23¹¹.
941 2750 1096 2792 Boryias
1121 2749 1234 2782 Roma
1269 2748 1324 2781 31.
1351 2746 1518 2781 Octobris
1546 2746 1634 2779 1567
1661 2744 1705 2778 ad
1740 2747 1899 2778 rectores
1925 2743 1990 2777 col·

238 2803 412 2845 legiorum
441 2803 631 2837 {societatis
657 2802 859 2836 italicorum
886 2802 1054 2836 *litteras
1081 2813 1149 2834 non
1177 2800 1385 2844 obsignatas
1411 2799 1518 2839 dedit,
1554 2798 1683 2842 quibus
1718 2808 1777 2830 eos
1806 2796 1992 2830 monebat:

243 2856 290 2896 ,11
326 2859 486 2899 portator
520 2856 599 2890 dela
636 2858 802 2900 presente
838 2858 856 2888 e
893 2867 938 2888 un
974 2854 1194 2897 gentilhomo
1230 2854 1375 2887 todesco
1402 2853 1579 2886 chiamato
1606 2850 1719 2885 Gioan
1746 2850 1910 2891 Henrico,
1937 2849 1994 2883 cui

238 2909 347 2951 padre
375 2912 392 2942 e
419 2909 564 2943 consule
590 2910 625 2942 in
650 2909 827 2951 Augusta,
859 2910 895 2941 et
921 2908 1028 2941 molto
1055 2908 1168 2941 amico
1206 2907 1298 2940 della
1324 2905 1544 2950 Compagnia
1580 2905 1711 2945 nostra,
1747 2915 1845 2937 come
1880 2902 1993 2936 anche

238 2959 263 2991 il
289 2960 438 3002 figliolo,
475 2961 540 2995 che
576 2961 621 2995 ha
656 2961 815 2994 studiato
853 2960 1015 3005 parecchi
1043 2961 1127 2994 anni
1163 2962 1223 3003 qui
1250 2960 1285 2992 in
1312 2958 1424 2992 Roma
1450 2957 1507 2991 nel
1534 2956 1693 2999 Collegio
1720 2955 1931 2989 Germanico
1958 2956 1994 2988 et

238 3011 365 3045 adesso
391 3015 577 3056 graduato,
603 3015 638 3047 in
658 3013 891 3058 Philosophia
917 3025 955 3047 se
981 3025 1025 3046 ne
1051 3017 1155 3047 torna
1180 3013 1215 3046 in
1235 3012 1412 3054 Augusta.
1445 3010 1489 3044 V.
1508 3009 1550 3043 R.
1568 3008 1589 3042 Γ
1602 3009 1730 3042 accetti
1758 3008 1815 3042 nel
1835 3007 1992 3050 Collegio

238 3075 277 3097 se
304 3064 353 3097 lui
380 3068 485 3099 uorra
510 3067 707 3109 alloggiare
734 3068 768 3100 in
796 3066 926 3110 quello,
954 3069 989 3100 et
1015 3066 1040 3099 li
1066 3066 1120 3100 usi
1148 3065 1182 3099 la
1209 3065 1348 3098 charita
1374 3066 1410 3097 et
1435 3062 1681 3097 amoreuoleza
1707 3061 1771 3095 che
1797 3062 1932 3095 ricerca
1957 3060 1993 3093 la

239 3116 336 3202 ui5rti1
362 3118 395 3150 di
423 3130 502 3152 esso
529 3122 565 3152 et
591 3119 748 3153 amicitia
776 3120 876 3153 .etc.“
910 3118 972 3161 (ex
998 3118 1205 3163 apographo
1233 3117 1344 3151 eiusd.
1371 3122 1499 3160 temp.;
1533 3115 1640 3159 „Epp.
1660 3115 1703 3149 It.
1729 3114 1870 3158 [Praep.
1890 3111 1992 3156 Gen]

242 3170 257 3203 1
289 3170 445 3203 67-69“
477 3172 500 3204 f.
529 3172 600 3213 32).
