2045 3471
640 208 806 252 Augusta
823 208 926 242 vind.
950 208 1002 243 14.
1022 207 1107 242 Dec.
1129 207 1228 242 1566.
1721 210 1803 251 367

50 326 232 370 Domino
265 327 386 368 nobis
418 327 696 380 polliceretur
729 327 780 369 ob
813 327 1013 380 ingentes
1046 331 1181 380 quae³
1212 326 1284 368 illo
1317 326 1360 368 in
1393 327 1487 369 loco
1520 325 1806 381 reperiuntur,

52 391 391 434 commoditates.

170 456 233 497 De
265 458 311 497 4?
344 458 388 498 et
421 457 466 497 5‘?
499 455 662 510 Capite,
701 470 785 498 non
818 456 956 498 habeo
989 456 1102 509 quod
1134 455 1273 497 dicam
1316 455 1500 509 proprie,
1543 455 1624 497 nisi
1657 456 1708 497 de
1739 468 1808 496 me

49 521 155 575 ipso,
199 520 268 573 qui
310 520 497 562 fortasse
529 534 613 562 non
647 520 737 562 sine
770 520 912 573 aliquo
945 519 1230 574 Collegiorum
1262 523 1508 562 nostrorum
1541 519 1808 562 incommodo

51 586 215 627 duobus
255 585 472 627 mensibus
514 585 643 627 abero
685 588 775 628 tam
816 586 979 639 procul,
1022 585 1097 627 sed
1138 584 1324 627 scribam
1365 587 1535 636 tamen,
1579 587 1626 627 ut
1667 598 1807 639 spero,

51 649 231 703 singulis
263 649 480 691 mensibus
513 649 567 691 ad
600 649 793 702 Collegia
825 650 959 691 semel
991 652 1121 703 atque
1153 649 1322 692 iterum.

168 714 224 756 Jn
257 715 303 756 6?
335 713 486 768 Capite
530 716 596 756 est
638 713 800 767 aliquid
844 714 1127 764 difficultatis,
1175 714 1251 756 sed
1296 728 1425 768 quam
1474 713 1680 767 defugere
1725 728 1809 755 non

50 779 171 822 licuit
202 781 380 833 propter
410 778 623 832 regendos
656 778 852 821 alumnos
885 779 1246 821 Reuerendissimi
1289 793 1467 832 quorum
1506 792 1681 821 causam
1715 778 1808 820 dili-

49 846 203 897 genter
235 846 448 896 urserunt,
482 846 526 885 et
558 842 710 896 quibus
742 843 906 886 uicinas
938 844 1115 898 Collegij
1149 844 1278 886 aedes
1309 844 1394 885 iam
1428 843 1747 897 assignarunt1.

171 908 226 950 Jn
264 908 395 951 tertio
428 908 577 961 Capite
609 908 842 962 praecipua
882 908 1042 951 residet
1076 908 1321 951 difficultas.
1385 908 1532 962 Jgitur
1564 907 1808 950 obstitimus

50 973 233 1028 primum
266 972 341 1014 sed
373 972 548 1022 frustra,
587 986 642 1013 ne
672 975 763 1015 tam
795 972 919 1014 multi
951 973 1217 1027 professores
1250 976 1339 1016 tam
1371 973 1516 1015 uarias
1549 972 1617 1015 etb
1649 986 1807 1026 graues

51 1037 259 1080 lectiones
300 1037 398 1079 inde
431 1051 455 1079 a
497 1036 705 1091 principio
738 1037 1099 1091 auspicarentur-⁰.
1165 1038 1355 1080 Tandem
1399 1037 1530 1080 cessit
1561 1038 1607 1080 P.
1632 1036 1806 1079 Natalis

52 1117 197 1146 eorum
220 1102 550 1156 importunitati,
585 1101 657 1155 qui
679 1115 734 1144 ex
757 1101 968 1156 dignitate
991 1106 1081 1145 tum
1105 1102 1482 1153 Reuerendissimi,
1511 1105 1602 1144 tum
1627 1102 1808 1145 Scholae

51 1168 175 1210 huius
215 1168 308 1209 fore
348 1167 583 1221 putabant,
626 1180 679 1208 ne
721 1167 923 1210 deessent
965 1168 1101 1209 omnis
1143 1168 1314 1220 generis
1356 1167 1651 1218 Professores,
1698 1167 1808 1220 quod

53 1233 214 1275 scirent
244 1232 451 1286 plurimos
483 1232 614 1274 etiam
647 1232 862 1275 studiosos
894 1232 1081 1285 undique
1114 1232 1299 1275 libenter
1321 1235 1609 1275 conuenturos
1642 1246 1751 1274 esse.

172 1297 357 1340 Tantum
389 1297 574 1340 accessit
596 1310 647 1338 ea
679 1297 910 1351 mitigatio,
944 1301 992 1340 ut
1014 1301 1115 1340 ante
1138 1297 1245 1339 duos
1276 1297 1370 1339 fere
1394 1312 1531 1340 annos
1562 1297 1684 1339 nobis
1707 1311 1812 1352 opus

54 1377 141 1404 non
185 1362 253 1412 sit,
297 1362 480 1405 alterum
523 1362 788 1416 Theologum
827 1365 871 1405 et
909 1362 1214 1416 Philosophum
1255 1362 1357 1404 illuc
1400 1363 1630 1406 destinare.
1695 1363 1813 1404 Duos

55 1428 185 1470 etiam
219 1427 551 1469 Concionatores
593 1440 823 1480 germanos
856 1427 1134 1481 expetebant,
1178 1427 1252 1468 sed
1285 1441 1415 1469 unum
1458 1427 1674 1469 duntaxat
1714 1441 1813 1481 pro-

53 1491 260 1542 misimus,
295 1505 420 1545 quem
452 1491 604 1533 uolunt
636 1491 678 1532 in
711 1491 907 1533 Ecclesia
939 1491 1183 1534 Cathedrali
1216 1492 1296 1533 hoc
1328 1506 1481 1533 munus
1514 1491 1669 1533 subire.

171 1557 264 1610 Ego
297 1559 345 1598 ut
386 1556 639 1610 simpliciter
672 1556 810 1598 dicam
852 1556 964 1609 quod
996 1557 1148 1606 sentio,
1191 1556 1316 1598 ualde
1350 1560 1451 1610 opto
1484 1558 1528 1598 et
1561 1556 1684 1610 cupio
1717 1556 1812 1598 Col-

53 1621 212 1675 legium
245 1621 325 1663 hoc
356 1621 399 1663 in
432 1635 570 1662 messe
603 1621 678 1663 illa
711 1621 1000 1675 pulcherrirna
1033 1624 1077 1663 et
1108 1621 1151 1662 in
1184 1620 1350 1663 mediod
1382 1621 1525 1674 gentis
1557 1621 1685 1662 ualde
1718 1634 1812 1662 cor-

52 1688 207 1740 ruptae
230 1685 417 1728 institui:
443 1700 596 1728 vereor
613 1689 758 1729 autem
779 1700 833 1727 ne
850 1685 953 1727 mihi
974 1689 1235 1739 nostraeque
1255 1685 1536 1728 Prouinciae2
1558 1686 1615 1728 sit
1638 1685 1812 1727 difficile

54 1765 184 1805 supra
215 1751 400 1801 modum,
435 1764 508 1793 eos
540 1751 730 1805 reperire
762 1750 1042 1804 professores,
1077 1750 1148 1803 qui
1180 1764 1335 1792 nouem
1369 1750 1587 1793 Classibus
1619 1750 1814 1805 praesint

55 1830 104 1858 eo
137 1815 307 1869 quidem
340 1816 446 1866 loco,
490 1815 560 1868 qui
594 1816 706 1869 apud
740 1815 888 1857 doctos
920 1815 1113 1858 homines
1146 1815 1297 1858 doctos
1337 1815 1468 1858 etiam
1510 1819 1554 1859 et
1594 1818 1812 1868 utcunque

54 1881 259 1935 probatos
292 1880 560 1935 professores
582 1880 776 1933 requirit.
820 1880 944 1922 Vnde
976 1881 1206 1934 aliquando
1230 1880 1541 1932 desiderabam,
1576 1884 1624 1923 ut
1645 1880 1810 1934 scripsi,

54 1960 207 1988 munus
248 1947 327 1987 hoc
359 1945 536 1998 Collegij
579 1945 703 1987 huius
743 1945 1010 1996 instituendi,
1053 1959 1138 1987 non
1179 1945 1294 1996 mihi,
1338 1946 1414 1987 sed
1455 1945 1673 1988 Rhenensi
1707 1946 1811 1987 Pro-

55 2010 268 2060 uinciali3,
303 2010 373 2063 qui
404 2010 651 2051 melioribus
674 2010 865 2053 abundat
888 2009 1109 2064 operar-ijs,
1145 2010 1408 2054 demandari.
1451 2010 1649 2066 Jdipsum
1672 2010 1811 2052 adhuc

56 2075 264 2127 desidero,
298 2075 333 2116 si
367 2075 561 2117 obtinere
583 2088 736 2127 queam
749 2080 772 2125 ⁸,
807 2077 986 2129 paratus
1018 2074 1190 2117 interim
1213 2075 1287 2124 illi,
1323 2089 1599 2128 quoscunque
1621 2089 1809 2129 possum,

54 2141 239 2183 lectores
270 2139 558 2193 suppeditare.

175 2204 395 2246 Promittit
428 2204 472 2246 P.
497 2204 670 2246 Natalis
702 2204 809 2254 fore,
843 2207 891 2247 ut
920 2204 964 2247 P.
989 2204 1144 2247 Petrus
1166 2205 1283 2246 Fahe
1315 2219 1370 2247 ex
1392 2205 1571 2247 Polonia
1604 2207 1810 2247 euocatus

56 2284 82 2312 a
114 2270 159 2312 P.
180 2269 231 2311 V.
253 2268 520 2322 Herbipolim
553 2268 712 2319 ueniat,
746 2268 916 2312 futurus
948 2272 1046 2323 post
1078 2270 1239 2324 pascha
1262 2269 1589 2313 Concionator4.
1644 2269 1808 2311 Vellem

56 2334 99 2376 id
131 2347 211 2387 ego
244 2347 361 2383 sane,
400 2336 531 2386 atque
563 2336 610 2375 ut
642 2333 704 2376 ita
735 2335 824 2384 fiat,
867 2334 1067 2387 quoniam
1102 2334 1226 2376 daref
1256 2334 1386 2376 alium
1419 2348 1671 2388 germanum
1704 2334 1812 2376 Con-

58 2399 321 2441 cionatorem
355 2411 439 2439 non
471 2411 710 2452 possumus,
744 2399 947 2441 maiorem
982 2399 1025 2440 in
1057 2399 1227 2441 modum
1261 2413 1380 2452 rogo.

176 2463 301 2505 Jdem
334 2463 380 2505 P.
404 2462 578 2505 Natalis
611 2462 692 2504 huc
723 2463 953 2506 transferri
986 2464 1141 2506 suadet
1173 2464 1346 2506 Patrem
1380 2464 1645 2507 Rabenstein
1678 2464 1812 2505 Fran-

59 2529 266 2578 conicum,
305 2531 348 2570 et
380 2527 441 2569 illi
474 2527 846 2570 Reuerendissimo
878 2531 1065 2581 gratum.
1130 2528 1211 2570 Sed
1245 2528 1484 2570 Cardinalis
1516 2530 1663 2570 noster
1694 2528 1812 2569 illum

178 2609 205 2636 a)
228 2610 286 2633 Hoc
309 2616 329 2632 v.
353 2608 381 2631 in
403 2608 507 2632 archae.
528 2615 620 2638 supra
642 2615 754 2631 versum
773 2608 911 2639 scriptum
934 2611 982 2632 est.
1070 2608 1100 2639 b)
1121 2609 1258 2639 Sequitur
1279 2609 1350 2639 tam,
1378 2609 1466 2633 omitt.
1552 2608 1578 2639 c)
1599 2609 1633 2632 Ia
1655 2608 1732 2632 arrh.
1753 2614 1812 2632 cor-

59 2653 166 2675 rectum
186 2657 221 2674 er
241 2648 475 2682 explicarentur.
558 2647 587 2677 d)
610 2649 746 2680 Sequitur
763 2648 906 2679 nationis,
927 2650 1016 2674 uldin.
1103 2650 1130 2679 e)
1152 2652 1176 2674 Α
1199 2652 1226 2674 (Ι.
1247 2657 1321 2674 corr.
1341 2657 1377 2674 ex
1398 2655 1485 2681 queo.
1569 2649 1597 2680 f)
1620 2650 1653 2673 ln
1673 2649 1751 2673 arch.
1773 2649 1811 2672 im

60 2694 216 2716 correctum
236 2694 277 2715 est
297 2698 333 2715 ω.-
353 2688 516 2715 abundare.

182 2773 190 2792 ¹
217 2771 457 2815 Assignarunt
489 2771 645 2813 „domum
676 2782 692 2804 e
719 2771 882 2814 1·egione·‘
913 2772 1119 2806 monasterii
1147 2771 1179 2806 S.
1199 2772 1351 2815 Agnetis
1381 2772 1496 2813 „ultra
1523 2771 1677 2815 plateam
1705 2770 1814 2814 vulgo

62 2837 151 2866 ‚zum
179 2824 335 2859 Fresser‘
362 2824 613 2870 appellatam‘,
654 2826 693 2857 ut
731 2824 932 2858 Fridericus
971 2824 1159 2869 episcopus
1197 2825 1232 2858 in
1270 2824 1401 2858 litteris
1440 2823 1592 2869 publicis
1630 2823 1811 2869 Herbipoli

64 2879 115 2912 19.
135 2878 221 2911 Maii
249 2878 339 2912 1568
366 2878 459 2912 datis
486 2878 536 2911 ait
565 2877 643 2920 (Fr.
664 2878 708 2910 X.
736 2888 795 2910 ron
819 2879 956 2921 Weyde,
984 2876 1200 2911 Geschichte
1227 2877 1288 2911 der
1307 2877 1532 2911 [niversitiit
1552 2876 1744 2921 NVirzburg
1768 2877 1812 2917 11,

61 2930 477 2974 Wirzburg1882‚66);
505 2930 627 2964 eadem
656 2929 780 2963 domus
807 2930 914 2963 etiam
945 2929 1027 2971 „der
1054 2930 1126 2963 Hos
1150 2941 1229 2964 zum
1256 2930 1390 2973 grossen
1418 2930 1583 2964 Fresser‘
1606 2930 1812 2964 vocabatur.

64 2984 116 3017 Cf.
145 2984 270 3017 Braun
297 2982 320 3016 l.
348 2994 375 3016 c.
405 2983 417 3016 I
447 2983 513 3017 142
543 2982 618 3016 143.

181 3036 193 3056 ²
220 3035 428 3070 Provinciae
465 3035 677 3069 Germaniae
714 3034 917 3078 superioris,
955 3034 1054 3068 cuius
1089 3035 1330 3079 praepositum
1369 3034 1622 3079 provincialem
1651 3036 1815 3070 Canisius

63 3088 204 3131 agebat.
351 3089 363 3108 ³
388 3088 427 3122 P.
456 3088 609 3122 Antonio
628 3087 756 3121 Vinck.

182 3142 194 3160 ⁴
221 3140 255 3174 Is
282 3140 316 3174 in
343 3140 492 3184 collegio
518 3140 829 3183 braunsbergensi,
856 3139 915 3173 ubi
942 3139 1218 3173 contionatorem
1247 3140 1388 3182 agebat,
1427 3140 1469 3174 ob
1495 3139 1639 3183 linguae
1667 3141 1813 3175 diversi-

64 3195 175 3227 tatem
201 3192 294 3226 haud
331 3194 380 3226 ita
406 3193 493 3227 bene
529 3192 806 3235 intellegebatur
835 3192 930 3234 (vide
958 3203 1065 3236 snpra
1092 3204 1123 3236 p.
1151 3192 1194 3226 38
1224 3193 1288 3227 138
1316 3196 1350 3226 et
1378 3192 1465 3237 Epp.
1493 3194 1614 3227 Nadctl
1641 3194 1688 3227 111
1716 3194 1812 3236 338).
