2045 3471
386 189 479 223 Mon.
499 189 567 223 690
593 188 670 223 sive
697 199 778 232 aug.
799 189 833 231 (c
852 189 925 231 26).
968 189 1065 222 lnter
1085 189 1138 223 12.
1159 191 1194 222 et
1222 189 1275 223 18.
1295 189 1380 223 Maii
1402 190 1502 224 1566.
1736 192 1819 233 593

62 306 131 340 alle
158 306 300 346 Stande,
337 306 502 350 geistlich
530 307 601 340 vnd
627 305 796 343 weltlich,
832 305 896 339 auf
920 307 1017 340 eines
1043 305 1189 340 solchen
1216 304 1371 340 General
1399 306 1469 347 (wo
1495 306 1668 350 iniiglich)
1693 307 1821 352 jiingst

61 359 275 402 gehaltenen
300 358 612 394 Tridentinischen
639 358 787 393 Concilii
813 359 991 400 decreten,
1027 371 1080 392 wo
1106 358 1208 392 nicht
1232 358 1429 401 allerdings
1463 359 1659 401 durchauss,
1690 360 1820 404 jedoch

59 423 100 446 so
125 412 198 446 viel
224 412 280 446 die
306 412 498 455 dogmataa
525 412 731 447 Catholicae
757 411 850 451 fidei,
885 412 970 446 oder
1004 413 1060 446 die
1086 411 1180 446 Lehr
1205 423 1332 446 vnsers
1359 411 1598 446 Christlichen
1633 413 1820 455 glaubens,

60 465 133 499 vnd
147 477 222 500 was
235 477 296 499 zur
309 465 552 500 Reformation
566 477 715 505 morum,
730 476 773 498 zu
785 463 930 498 Christl.
943 464 1182 508 Gottseligem
1194 475 1324 505 wesen,
1339 463 1430 498 auch
1445 464 1578 509 beyder
1589 465 1822 500 Kirchischer

59 519 132 552 vnd
158 518 354 553 weltlicher
374 519 530 564 Policey,
552 519 683 564 jmmer
709 517 874 558 dienlich,
900 518 973 551 vnd
998 519 1033 551 in
1061 518 1177 552 dieser
1202 517 1404 551 Teutschen
1432 517 1564 551 Nation
1590 530 1733 552 vnserm
1762 530 1820 562 ge-

58 571 191 606 liebten
209 572 415 606 vatterland
432 573 508 607 sich
527 572 618 606 thun
634 571 752 611 hesse,
779 570 1011 614 vergleichen
1031 571 1188 605 theten“.
1224 570 1285 605 Sin
1312 573 1431 604 autem
1458 582 1582 604 caesar
1608 571 1821 606 discordiam

59 624 136 659 tolli
161 636 267 670 posse
291 626 555 660 existimaverit
572 625 791 660 emendando
810 623 1034 668 disciplinam
1053 624 1345 665 ecclesiasticam,
1372 624 1564 657 auferendo
1591 636 1649 658 res
1674 625 1821 669 pessimi

59 678 225 723 exempli,
250 678 451 713 adhibendo
476 678 565 713 alias
592 678 749 712 rationes
767 697 810 700 —
833 676 944 719 „doch
969 689 1119 711 vnserer
1145 676 1398 711 Catholischen
1424 676 1660 720 allgemeinen
1686 677 1820 712 Christ-

59 731 177 766 lichen
194 731 369 775 Religion,
396 731 489 766 auch
515 732 594 766 dem
620 730 835 774 gehaltenen
859 730 1115 764 ordentlichem
1135 731 1206 764 vnd
1230 730 1416 774 jungstem
1436 730 1593 764 Concilio
1612 742 1655 763 zu
1673 730 1821 764 Trident

58 785 94 819 in
120 784 272 828 allwege
298 785 568 826 vnverletzlich,
601 783 840 818 fiirneinblich
866 785 902 817 in
928 784 1019 822 dem,
1047 795 1085 817 so
1113 783 1184 817 viel
1211 784 1266 817 die
1292 783 1479 817 substantz
1505 784 1568 816 der
1594 783 1758 826 Religion
1786 785 1821 817 in

58 837 122 871 der
138 837 216 871 lehr
234 838 306 871 vnd
325 837 535 872 Sacrament
551 837 738 880 belanget·
763 857 818 878 -,
844 848 882 870 se
908 837 952 871 ad
979 836 1013 870 id
1040 848 1184 880 operam
1211 836 1405 870 collaturos
1424 847 1513 870 esse.
1550 836 1680 870 Pacem
1699 840 1820 870 autem

58 890 241 935 religionis
259 894 498 934 augustanam
517 903 537 925 a
554 902 603 932 se,
635 902 692 934 ⁷‚es
718 890 814 934 folge
832 890 888 924 die
907 889 1352 933 Religionsvergleichung
1376 890 1459 923 oder
1476 889 1610 930 nicht“,
1637 892 1821 923 servatum

59 944 100 978 iri
123 944 311 990 „jederzeit
328 946 410 985 stet,
429 944 501 978 fest
518 944 590 978 vnd
610 943 945 983 vnverbriichlich“;
965 955 1028 988 per
1046 945 1289 987 protestantes
1308 954 1393 977 vero
1411 942 1573 986 collegia,
1591 943 1820 982 monasteria,

59 997 150 1031 bona
168 997 423 1038 ecclesiastica,
449 1009 513 1042 pro
531 997 660 1041 quibus
678 997 756 1041 ipsa
775 1008 862 1041 pace
879 996 1063 1039 religionis
1082 998 1227 1030 cautum
1245 996 1303 1036 sit,
1331 998 1365 1030 et
1385 995 1558 1040 proximis
1576 996 1679 1029 annis
1698 998 1822 1040 erepta

57 1061 138 1085 esse
163 1051 349 1085 catholicis
375 1053 410 1084 et
436 1050 472 1084 in
499 1050 574 1085 dies
601 1051 699 1095 eripi.
742 1049 878 1084 Deinde
904 1049 948 1083 ad
967 1049 1089 1084 varias
1114 1050 1390 1094 protestantium
1417 1048 1583 1092 querelas
1608 1048 1820 1092 singillatim

57 1104 286 1148 respondent.
331 1103 479 1138 Plenam
506 1103 690 1147 religionis
714 1103 919 1137 libertatem
946 1103 1091 1136 concedi
1116 1113 1222 1147 posse
1247 1106 1392 1146 negant.
1436 1101 1538 1143 Quod
1565 1102 1718 1145 denique
1744 1114 1822 1146 pro-

57 1158 234 1191 testantes
260 1159 440 1191 sectarum
466 1157 540 1191 late
566 1157 778 1201 vagantium
804 1156 1020 1190 mentionem
1039 1156 1183 1196 faciant,
1211 1158 1309 1189 certe
1327 1167 1465 1189 summo
1484 1154 1536 1189 illi
1553 1154 1647 1189 malo
1665 1155 1822 1189 remedia

57 1210 258 1244 adhibenda
284 1222 381 1250 esse;
418 1212 456 1244 at
489 1213 608 1245 sectas
642 1210 723 1244 illas
757 1210 851 1244 inter
885 1211 1138 1254 protestantes,
1173 1220 1243 1242 non
1277 1209 1370 1242 inter
1395 1208 1591 1242 catholicos
1616 1219 1760 1253 serpere
1787 1211 1821 1242 et

57 1263 292 1298 confessionis
327 1265 564 1307 augustanae,
598 1275 667 1297 non
702 1262 900 1297 catholicae
935 1263 1076 1305 nomine
1111 1273 1150 1296 se
1186 1264 1395 1304 contegere:
1435 1260 1623 1303 „sintemal
1658 1261 1751 1295 dann
1785 1260 1821 1294 in

56 1315 197 1350 solcher
219 1328 368 1351 vnserer
393 1316 630 1359 allgemeinen
651 1316 818 1355 Kirchen,
844 1315 927 1349 kein
955 1315 1184 1358 vertheilung
1210 1315 1294 1349 oder
1323 1314 1512 1348 widersinn
1540 1314 1723 1355 erfunden,
1750 1314 1821 1347 viel

57 1370 215 1412 weniger
249 1369 412 1413 gedultet
445 1370 545 1411 wird,
582 1369 727 1413 [auch]b
758 1369 933 1414 jemands,
969 1380 1041 1402 wer
1077 1368 1138 1402 der
1172 1379 1247 1412 sey,
1285 1368 1347 1402 der
1382 1368 1427 1401 da
1460 1367 1560 1401 nicht
1597 1366 1646 1411 [in
1681 1367 1823 1401 solcher

57 1434 204 1456 unserer
238 1423 335 1457 alten
362 1423 615 1457 Catholischen
641 1421 856 1466 Religi0n‚]c
892 1423 938 1455 im
975 1421 1140 1465 glauben,
1177 1421 1266 1462 lehr,
1302 1421 1373 1454 vnd
1409 1421 1477 1454 den
1503 1419 1670 1463 Heiligen
1697 1421 1820 1455 Sacra-

57 1478 201 1509 menten
228 1476 324 1518 einig
349 1487 454 1517 were,
490 1475 566 1510 sich
602 1474 672 1510 defi
706 1486 855 1510 nameus
889 1476 988 1508 eines
1015 1474 1266 1509 Catholischen
1300 1486 1343 1508 zu
1369 1473 1632 1518 gebrauehend,
1668 1473 1820 1507 sondern

57 1529 130 1562 viel
156 1529 278 1570 lieber,
302 1528 430 1574 jedoch
456 1529 743 1570 mitleidentlich,
771 1529 955 1572 gestatten
974 1532 1129 1568 mUssen,
1157 1526 1227 1561 da&
1247 1527 1397 1569 derselb,
1425 1538 1463 1561 so
1489 1528 1588 1560 ferrn
1606 1526 1821 1561 Christliche

57 1582 307 1626 vermahnung
332 1583 401 1627 bey
432 1581 510 1627 jhm
537 1582 621 1616 kein
654 1585 746 1617 statt
771 1581 892 1622 findet,
928 1580 1005 1615 sich
1040 1593 1111 1615 von
1146 1581 1208 1614 der
1235 1580 1421 1615 Catholica
1456 1580 1664 1621 absondere,
1700 1591 1738 1614 so
1775 1580 1821 1614 ist

58 1635 199 1670 endlieh
234 1636 314 1669 klar
348 1636 419 1669 vnd
455 1635 655 1679 vnleugbar
689 1635 745 1669 die
772 1634 933 1676 warhest,
969 1633 1040 1668 da&
1075 1635 1143 1678 bey
1182 1646 1329 1668 vnserer
1355 1633 1511 1668 Kirchen
1546 1632 1666 1667 solche
1694 1633 1821 1667 Secten

58 1688 135 1723 sich
160 1688 261 1723 nicht
286 1689 490 1723 enthalten“
524 1688 586 1732 (ex
612 1690 791 1723 Donawer
816 1688 838 1722 l.
866 1699 895 1722 c.
925 1687 1140 1731 128—149).

178 1741 344 1776 Ceterum
380 1742 518 1782 confer,
558 1754 650 1786 quae
688 1742 731 1776 de
769 1742 836 1776 hoc
870 1741 1127 1775 catholicorum
1166 1741 1300 1785 scripto
1336 1741 1375 1775 P.
1403 1740 1645 1784 Hieronymus
1680 1739 1821 1774 Natalis

58 1795 224 1838 Augusta
245 1796 296 1830 19.
316 1795 403 1829 Maii
424 1796 512 1829 1566
531 1795 680 1829 Romam
706 1795 749 1828 ad
768 1794 802 1829 S.
822 1794 1053 1829 Franciscum
1071 1794 1240 1837 Borgiam
1267 1796 1304 1828 et
1329 1805 1392 1838 per
1416 1793 1511 1827 hunc
1538 1793 1582 1827 ad
1601 1792 1634 1827 S.
1654 1792 1758 1826 Pium
1776 1793 1820 1828 V.

57 1848 209 1890 rettulit,
236 1849 272 1882 in
297 1848 386 1893 Epp.
414 1849 537 1882 Nadal
562 1848 613 1882 ΙΙΙ
642 1848 839 1883 139—140.

177 1902 206 1935 A
235 1901 497 1936 Commendono
533 1901 681 1945 eiusque
707 1901 834 1935 amicis
861 1902 1025 1935 effectum
1053 1904 1118 1941 est,
1155 1903 1194 1934 ut
1226 1899 1393 1934 catholici
1427 1899 1569 1933 ordines
1603 1910 1642 1933 se
1677 1899 1819 1932 decreta

56 1954 251 1988 tridentina
278 1955 333 2000 pie
360 1955 542 2000 suscipere
569 1955 675 1989 etiam
703 1955 774 1989 alia
799 1955 938 1989 ratione
972 1954 1237 1999 profiterentur.
1290 1953 1344 1986 lta
1371 1954 1462 1987 enim
1490 1953 1670 1986 Antonius
1696 1953 1819 1985 Μανία

62 2009 262 2042 Gratianus
290 2008 569 2051 (1537—1611),
604 2008 664 2052 qui
699 2020 762 2053 per
788 2008 832 2042 25
859 2019 971 2042 annos
998 2007 1259 2042 Commendono
1285 2007 1329 2040 ab
1356 2006 1520 2051 epistulis
1555 2008 1590 2039 et
1616 2016 1636 2039 a
1662 2005 1821 2039 consiliis

57 2061 135 2103 fuit,
163 2062 205 2095 de
232 2062 386 2096 comitiis
411 2061 624 2105 augustanis
649 2062 830 2095 scribens:
871 2061 1210 2103 „Commendonus“,
1246 2061 1372 2104 inquit,
1413 2060 1526 2101 „domi
1552 2070 1638 2092 suae
1665 2058 1820 2092 Catholi-

57 2125 178 2149 corum
205 2115 409 2149 concionem
432 2114 567 2156 habuit,
594 2115 724 2155 missis,
752 2115 813 2158 qui
830 2114 992 2157 singulos
1011 2114 1197 2158 Principes
1216 2116 1471 2148 convocarent:
1500 2123 1565 2146 nec
1590 2111 1642 2145 illi
1668 2114 1820 2153 gravate

58 2179 216 2212 paruere,
240 2195 245 2200 .
267 2196 273 2201 .
309 2168 451 2202 Primae
487 2167 674 2212 dignitatis
700 2168 736 2201 in
771 2168 815 2202 iis
842 2168 941 2202 fuere
968 2167 1177 2202 Cardinales
1204 2168 1272 2201 duo
1299 2166 1392 2201 Otho
1420 2166 1578 2206 Truxes,
1614 2168 1650 2199 et
1675 2165 1820 2198 Marcus

57 2220 290 2266 Altempsius,
316 2222 407 2256 alter
424 2222 621 2264 Augustae,
648 2221 740 2255 alter
758 2221 989 2256 Constantiae
1008 2221 1226 2265 Episcopus:
1255 2222 1291 2254 et
1316 2222 1391 2254 tres
1417 2217 1663 2264 septemvirali
1689 2218 1820 2252 honore

58 2274 338 2319 praefulgentes,
365 2286 453 2319 quos
471 2274 540 2319 ipsi
559 2274 742 2309 Elector-es
761 2274 953 2319 appellant,
973 2274 1146 2317 Mogunt.,
1174 2273 1372 2308 Coloniens.
1393 2276 1427 2306 et
1446 2272 1674 2306 Trevirorum
1694 2271 1818 2305 Archi-

57 2329 232 2372 episcopi;
261 2330 297 2362 et
322 2331 465 2373 praeter
489 2328 588 2363 hos..
606 2355 612 2361 .
629 2356 636 2362 .
671 2328 842 2363 Albertus
861 2329 1094 2365 Bavarorum,
1121 2330 1155 2362 et
1180 2326 1379 2361 Gulielmus
1406 2326 1637 2365 Clivensium,
1664 2328 1700 2358 et
1726 2324 1819 2358 Hen-

57 2382 152 2416 ricus
171 2382 487 2416 Brunsuicensium
504 2383 512 2401 ¹
530 2381 669 2425 Reguli,
696 2381 871 2426 multique
898 2384 1085 2426 praeterea
1110 2381 1304 2414 liberarum
1331 2379 1529 2419 civitatum,
1556 2382 1591 2412 et
1617 2378 1818 2412 absentium

58 2436 324 2480 Episcoporum,
351 2446 392 2469 ac
420 2434 623 2479 Principum
642 2435 778 2478 Legati.
823 2435 876 2468 Ad
905 2435 969 2469 hos
995 2435 1191 2469 orationem
1218 2434 1378 2473 habuw,
1406 2432 1630 2466 concordiam
1658 2431 1701 2465 iis
1727 2443 1819 2465 com-

57 2489 230 2522 mendans
256 2490 302 2526 et.
328 2490 368 2521 ut
394 2488 547 2521 decretis
573 2487 780 2522 tridentinis
806 2490 982 2532 parerent,
1009 2487 1160 2522 instans.
1208 2486 1396 2529 „Germani
1424 2497 1502 2520 cum
1529 2484 1634 2530 paulo
1662 2484 1754 2518 inter
1779 2495 1819 2518 se

57 2541 333 2582 consultassent,
369 2540 603 2584 Moguntinus
629 2540 942 2585 Archiepiscwus,
977 2541 1038 2585 qui
1074 2540 1250 2584 dignitate
1277 2542 1438 2573 caeteros
1465 2538 1635 2578 anteibat,
1671 2537 1714 2571 de
1740 2537 1818 2571 reli-

56 2606 207 2639 quorum
232 2594 411 2628 sententia
437 2594 575 2636 gratias
600 2593 764 2627 Pontifici
790 2594 958 2633 Maximo,
985 2597 1093 2637 atque
1119 2593 1187 2638 ipsi
1215 2592 1475 2626 Commendono
1503 2591 1587 2633 egit.
1608 2618 1613 2623 .
1637 2619 1641 2623 .
1664 2618 1670 2624 .
1721 2590 1819 2624 Soita

176 2670 204 2701 a)
226 2671 270 2695 Itu
292 2670 452 2699 Do›1cttt-er·;
474 2670 641 2694 Lehmann:
662 2668 857 2694 Documenta.
930 2668 961 2700 b)
984 2669 1122 2700 Supplevi
1142 2676 1177 2693 es·
1197 2669 1347 2692 Lehmann
1367 2668 1384 2691 l.
1405 2675 1427 2691 c.
1451 2669 1508 2691 111.
1575 2667 1601 2696 c)
1624 2666 1764 2697 Supplevi
1783 2673 1819 2690 ea·

58 2711 207 2736 Lehmann
234 2712 252 2736 l.
273 2719 293 2735 c.
386 2709 416 2742 d)
444 2711 530 2742 Apud
553 2711 700 2735 Lehmann
728 2712 746 2734 I.
773 2719 793 2735 c.
820 2711 968 2742 sequitur:
995 2709 1069 2735 oder
1095 2709 1199 2734 seinen
1228 2707 1400 2733 besondern
1426 2707 1638 2739 Aberglauben
1665 2706 1760 2732 damit
1784 2713 1820 2731 zu

58 2751 223 2778 bedecken.

179 2860 187 2879 ¹
216 2859 393 2893 Henricus
433 2859 584 2895 ,iunior“
625 2858 697 2891 dux
734 2857 1294 2902 brunsvico-guelpherbytanus
1329 2856 1527 2890 catholicus
1563 2855 1704 2899 quidem
1741 2859 1818 2889 erat

60 2910 120 2954 (cf.
152 2912 237 2946 Can.
265 2912 315 2946 IV
344 2912 462 2955 1525),
501 2923 615 2955 neque
650 2914 769 2944 tamen
806 2911 1027 2944 comitiorum
1055 2910 1212 2944 recessui
1239 2909 1297 2943 vel
1324 2909 1400 2953 ipse
1427 2908 1485 2942 vel
1511 2909 1571 2942 alii
1599 2920 1644 2942 ex
1670 2908 1818 2942 ducibus

57 2964 373 2999 brunsvicensibus
412 2965 721 3009 subscripserunt:
765 2964 1057 3008 subscripserunt
1092 2965 1228 2996 tantum
1267 2974 1387 2996 eorum
1423 2965 1582 2996 oratores
1622 2961 1817 3004 (Aller...

58 3017 278 3061 Reichst‘ag.
301 3046 307 3051 .
329 3046 335 3052 .
354 3019 539 3062 Abschz‘ed,
575 3017 720 3062 Meyntz
751 3016 850 3056 1621,
888 3017 984 3059 579).
1036 3017 1092 3050 lta
1127 3015 1235 3050 etiam
1263 3016 1439 3049 Hr'iberlin
1466 3015 1487 3049 l.
1516 3027 1544 3049 c.
1574 3015 1621 3048 Vl
1651 3015 1728 3048 141.
1778 3014 1817 3047 Iu

57 3070 230 3104 relatione
256 3073 377 3105 tamen
403 3071 568 3115 quadam,
604 3070 704 3104 cuius
740 3072 877 3114 partem
905 3082 950 3103 ex
977 3068 1192 3104 bibliotheca
1218 3068 1467 3102 barberiniana
1495 3067 1713 3113 exscriptam
1740 3067 1819 3101 vul-

58 3124 160 3166 gavit
185 3124 357 3166 Βνοφιὸῖἰ
382 3124 405 3158 1.
433 3136 461 3158 c.
491 3124 522 3157 II
551 3122 644 3163 188²,
681 3123 892 3163 affirmatur,
927 3122 1059 3156 missae
1093 3121 1255 3156 sollemni
1283 3122 1338 3155 23.
1366 3121 1487 3155 Martii
1516 3122 1605 3156 1566
1631 3122 1819 3164 Augustae

58 3175 279 3210 comitiorum
306 3177 583 3211 incohandorum
611 3176 727 3219 gratia
755 3178 921 3210 cantatae
948 3175 1054 3210 etiam
1087 3175 1224 3217 „Duces
1252 3175 1504 3209 Bransuicenf
1535 3174 1753 3208 interfuisse.

130 3239 439 3273 Braunsborger,
462 3239 572 3266 Canisii
593 3239 747 3273 Epistulae
768 3240 799 3265 et
817 3240 900 3265 Acta.
925 3239 959 3266 V.
1489 3234 1533 3266 33
