2045 3471
272 191 374 226 1464.
402 190 567 226 Canisius
593 190 627 225 S.
646 190 837 225 Francisco
863 190 906 225 de
931 191 1075 235 Borgia.
1113 190 1258 234 Dilinga
1285 190 1341 225 24.
1361 189 1442 224 Iulii
1462 190 1563 224 1567.
1713 192 1795 233 521

160 308 357 342 Sacclzinzzs
376 308 413 351 (1.
429 308 489 352 (3.),
508 308 569 343 ubi
585 308 713 343 harum
730 308 933 343 litterarum
951 309 1144 354 praecipua
1161 309 1280 354 capita
1297 308 1406 353 ponit,
1427 307 1608 343 Canisium
1630 307 1800 350 „Romam

40 361 314 407 perscripsisse“
344 362 405 402 ait,
443 364 484 396 ut
508 362 726 396 monasteria
752 374 815 407 per
841 361 1029 405 generales
1054 362 1278 407 praepositos
1303 362 1494 405 diligenter
1518 361 1801 406 inspicerentur;

41 416 150 458 atque
174 415 225 448 ita
251 417 348 448 certe
367 414 519 457 Borgiae
544 415 699 460 scripsit.
738 417 902 460 Doriyny
921 417 1040 449 autem
1063 415 1100 457 (l.
1120 426 1149 449 c.
1169 415 1266 457 291),
1293 414 1459 449 Sacchini
1478 415 1588 449 verba
1613 426 1800 459 perperam

39 467 316 512 interpretatus:
343 467 519 509 Canisius,
545 469 672 512 inquit,
703 480 766 510 „en
793 469 920 502 ecrivit
946 470 967 502 a
991 467 1102 502 Rome
1129 479 1200 501 aux
1228 467 1419 502 Generaux
1445 468 1488 501 de
1514 479 1573 502 ces
1599 467 1801 510 Religieux‚

40 520 66 554 il
91 520 170 554 leur
194 523 404 565 representa
429 520 482 554 les
509 521 622 555 suites
648 521 812 556 funestes
839 521 882 555 de
908 532 968 555 ces
994 521 1191 561 desordres,
1219 520 1244 554 il
1268 520 1320 555 les
1340 521 1485 565 conjura
1503 521 1546 554 de
1564 520 1618 554 les
1634 520 1803 565 prevenit

40 585 106 619 par
130 573 166 607 la
191 574 319 608 visite“
349 575 417 608 etc.
468 574 678 617 Dorignium
714 586 755 608 ea
789 575 825 608 in
859 574 1064 609 narratione
1090 576 1236 608 secutus
1263 578 1318 608 est
1346 574 1581 617 (moderatius
1606 576 1728 607 tamen
1753 572 1802 607 lo·

41 626 197 670 quendo)
223 627 362 670 Python
387 626 409 660 l.
438 638 467 660 c.
497 626 574 661 145.

159 679 316 714 Consilia
350 679 421 719 illa,
457 691 549 723 quae
576 679 742 714 Canisius
777 680 819 714 de
854 679 1024 714 universa
1057 692 1096 714 re
1132 679 1310 714 catholica
1344 679 1379 713 in
1416 680 1610 714 Germania
1645 679 1803 713 iuvanda

41 732 147 772 dedit,
181 731 276 766 haud
311 744 458 777 prorsus
492 732 595 766 irrita
629 733 741 767 fuisse
767 733 824 767 vel
861 744 907 767 ex
943 745 982 767 eo
1019 733 1180 767 conicere
1215 732 1310 773 licet,
1348 732 1441 776 quod
1468 735 1504 766 et
1530 731 1564 767 S.
1592 732 1678 766 Pius
1696 731 1739 766 V.
1768 733 1803 766 et

41 785 232 820 cardinalis
251 785 534 820 Commendonus
553 785 733 820 canisium
752 786 874 829 magni
900 786 1092 820 faciebant.
1135 787 1256 830 Atque
1283 797 1314 820 a.
1335 786 1426 820 1568
1446 785 1580 819 Romae
1606 785 1804 819 constituta

40 841 97 873 est
114 839 345 883 congregatio
363 839 597 873 cardinalium
624 839 883 882 „gernianica“,
910 840 952 874 ad
981 840 1082 874 cuius
1108 839 1390 873 consultationes
1415 841 1559 884 praeter
1585 838 1803 873 cardinalem

41 891 241 926 Truchsess
276 892 436 936 aliosque
472 892 579 926 etiam
607 892 893 927 Commendonus
920 892 1102 927 adhibitus
1129 895 1185 926 est
1213 892 1279 935 (W.
1305 894 1345 926 Ε.
1378 892 1557 936 Schwarz,
1592 891 1687 925 Zehn
1714 891 1804 925 Gut-

40 944 169 979 achten
185 947 264 985 etc..
279 945 484 979 Paderborn
498 945 598 985 1891,
612 946 787 988 x—xm).
811 946 990 980 Proximis
1004 948 1123 980 autem
1138 945 1319 980 decenniis
1333 945 1576 990 compluribus
1590 944 1804 979 Germaniae

41 997 319 1043 archiepiscopis
354 1000 389 1032 et
424 998 601 1043 episcopis
636 998 860 1033 coadiutores
894 999 1052 1033 adiuncti
1087 1000 1181 1038 sunt,
1220 1001 1261 1033 ut
1286 998 1491 1039 coloniensi,
1530 997 1802 1040 salisburgensi,

39 1051 277 1096 passaviensi,
311 1051 476 1097 spirensi.
526 1051 664 1085 Multae
699 1063 838 1096 quoque
872 1051 1169 1086 monasteriorum
1196 1051 1424 1086 visitationes
1459 1053 1495 1085 et
1530 1051 1804 1085 reformationes

40 1104 228 1139 institutae
253 1107 347 1147 sunt,
373 1105 537 1150 inprimis
562 1117 626 1150 per
651 1105 691 1140 P.
717 1105 936 1139 Felicianum
962 1105 1209 1149 Ninguardam
1236 1104 1277 1140 O.
1296 1105 1355 1140 Pr.

42 1201 195 1238 1464.
303 1203 521 1238 CANISIUS
548 1201 813 1239 SANCTO
841 1201 1228 1239 FRANGISCO
1257 1201 1350 1238 DE
1377 1201 1666 1244 BORGIA,
1704 1214 1806 1247 prae-

231 1257 347 1302 posito
373 1257 534 1300 generali
561 1256 750 1291 Societatis
776 1257 870 1292 lesu.
1290 1256 1436 1299 Dilinga.
1463 1257 1518 1292 24.
1546 1256 1625 1290 Iulii
1654 1256 1755 1290 1567.

161 1321 217 1355 Ex
241 1321 398 1364 imagine
423 1321 707 1367 photographica
731 1321 934 1355 litterarum
960 1320 1237 1366 archetyparum
1267 1321 1338 1364 (2⁰;
1367 1322 1387 1355 5
1414 1333 1492 1365 pp.;
1527 1320 1563 1354 in
1589 1333 1622 1365 p.
1650 1321 1670 1354 6
1697 1321 1803 1355 inser.

42 1376 78 1408 et
102 1374 275 1419 reliquiae
301 1375 397 1419 sig.)‚
434 1386 524 1419 quae
560 1377 706 1409 exstant
731 1375 766 1408 in
797 1374 856 1417 „E.
886 1374 922 1408 C.
950 1374 1003 1408 11²
1032 1386 1065 1408 n.
1093 1375 1161 1409 200
1190 1374 1274 1417 (276
1302 1374 1369 1409 277
1397 1374 1495 1416 278).
1548 1373 1713 1408 Ganisius
1738 1385 1805 1408 sua

40 1438 149 1461 manu
178 1427 320 1462 litteras
354 1428 568 1473 subscripsit
596 1427 786 1470 (‚,Seruus“
818 1427 915 1470 etc).
968 1427 1128 1472 Epistula
1154 1438 1242 1461 usus
1276 1428 1333 1460 est
1366 1428 1403 1460 et
1436 1426 1650 1471 particulam
1686 1437 1731 1460 ex
1764 1438 1806 1460 ea

40 1480 190 1525 protulit
225 1482 442 1526 Sacc-hinne,
479 1481 565 1516 Can.
591 1482 659 1515 246
686 1481 766 1516 337.
818 1481 951 1514 Eadem
985 1480 1041 1515 usi
1075 1482 1160 1515 sunt
1193 1482 1327 1523 Boero,
1364 1479 1449 1514 Can.
1477 1480 1565 1521 321,
1603 1482 1638 1513 et
1664 1481 1804 1524 Michel,

43 1533 130 1569 Can.
156 1534 354 1569 362—363.

160 1599 408 1642 Pereyrinatio
425 1600 677 1642 herbipolensis
695 1603 725 1632 et
741 1600 1050 1641 arqentor-atensis.
1074 1598 1284 1631 Provinciae
1298 1598 1478 1631 rhenanae
1495 1609 1550 1631 res
1569 1598 1650 1631 bene
1666 1598 1805 1641 liabent,

35 1657 184 1696 praeter
217 1653 412 1686 dotationes
446 1657 476 1685 et
509 1664 565 1685 res
597 1653 913 1694 franeofzwtenses.
975 1651 1121 1685 Canisio
1154 1651 1370 1694 reliquisque
1404 1651 1570 1694 theologis
1602 1653 1807 1694 provinciae

46 1706 262 1739 Germaniae
285 1707 483 1748 super-iorss
508 1706 655 1747 difficile
680 1706 746 1737 erit
769 1705 1032 1738 centuriatores
1058 1705 1239 1746 refutare;
1265 1715 1349 1736 nam
1373 1705 1495 1737 multis
1519 1704 1700 1737 laboribus
1722 1715 1808 1747 yra-

41 1763 173 1792 vantur
182 1771 196 1801 ,·
206 1763 396 1801 praeterea
414 1770 523 1802 neque
541 1761 579 1792 in
593 1759 744 1791 historia
760 1758 987 1791 ecclesiastica
1003 1758 1133 1790 versati
1145 1761 1227 1790 sunt
1242 1767 1350 1800 neque
1362 1758 1472 1790 libros
1489 1757 1627 1791 habent.
1654 1758 1692 1790 P.
1713 1758 1805 1790 Onu-

33 1812 169 1855 phrius
179 1813 376 1845 Panvz'nius
394 1813 671 1855 auqustinianus
688 1812 735 1844 ad
753 1822 826 1844 eam
844 1811 1094 1853 refutationem
1112 1812 1269 1844 omnium
1287 1812 1492 1854 aptissimus
1510 1815 1556 1843 est
1574 1815 1604 1843 et
1621 1811 1807 1853 diligyenter

43 1865 163 1898 iuvari
179 1865 284 1899 debet.
318 1866 437 1908 Neque
455 1869 567 1898 tamen
588 1865 740 1898 laborem
763 1865 930 1897 Canisius
947 1869 1086 1897 recusat
1097 1876 1109 1903 ‚·
1126 1865 1209 1897 dam
1228 1864 1383 1906 Boryt‘ae
1401 1874 1605 1906 responsum
1623 1865 1806 1906 afferetur7

41 1919 115 1961 ‘ipse
132 1919 276 1962 colleyz'a
294 1919 447 1951 visitabit
466 1923 494 1952 et
512 1919 701 1951 versionem
724 1916 931 1951 Catechz'smi
948 1918 1104 1950 Romani
1121 1922 1347 1960 reeoynoseet.
1376 1917 1474 1950 Soc-li
1490 1918 1604 1950 Roma
1619 1918 1809 1950 Romamve

41 1973 141 2004 missi
175 1976 205 2004 et
238 1973 422 2013 mittendz';
457 1982 527 2004 non
561 1972 721 2004 mittendi
753 1975 835 2003 sunt
868 1971 941 2003 nisi
972 1971 1065 2004 sani.
1115 1970 1259 2003 Iuvenes
1286 1971 1322 2003 in
1349 1970 1529 2013 collethm
1561 1971 1806 2012 yermam'cam

41 2025 210 2058 mittendi.
262 2025 440 2066 Psi-sterias.
492 2025 597 2057 Fidei
624 2025 804 2067 professio
838 2024 1034 2057 tridentina
1070 2023 1283 2066 Inyolstadii
1317 2023 1360 2055 ab
1395 2024 1605 2056 academicis
1636 2024 1807 2065 privatim

41 2079 121 2120 fieri
145 2082 263 2121 coepta
289 2081 346 2112 est.
398 2078 435 2111 P.
464 2079 666 2121 Sec-ayer'itcs
691 2078 839 2110 Romam
867 2087 937 2110 non
962 2077 1037 2120 ibit,
1063 2088 1172 2120 neque
1196 2081 1313 2109 tamen
1340 2078 1426 2110 votis
1450 2077 1537 2109 sola-23
1561 2077 1664 2109 debet.
1719 2076 1806 2109 Car-

43 2132 176 2164 dinalis
211 2135 317 2174 optat,
351 2135 390 2164 ut
415 2131 608 2174 Auyustae,
643 2131 762 2163 reditu
787 2131 999 2173 aedibusque
1033 2131 1269 2173 amplificatis,
1305 2130 1490 2162 eateelzista
1516 2130 1753 2162 consuluntur
1778 2133 1808 2162 et

44 2185 254 2218 convictores
277 2185 516 2217 admittantur
524 2197 538 2226 ,·
564 2186 618 2217 rei
642 2184 846 2226 difficultas.
885 2184 1036 2225 Infirmo
1061 2185 1192 2216 rectori
1219 2184 1485 2225 inyolstadiense'
1510 2183 1621 2216 bonus
1647 2184 1808 2216 minister

43 2238 266 2281 adiunyatur
292 2242 437 2280 oportet.

283 2309 311 2361 †
342 2309 436 2350 Pax
468 2309 625 2352 Christi
657 2309 885 2351 admodum
918 2308 1173 2350 Reuerende
1206 2308 1349 2350 Pater.

162 2379 267 2422 Cum
298 2380 381 2421 huc
412 2380 637 2434 redijssem
664 2380 863 2422 confecta
884 2382 1107 2421 menstrua
1139 2378 1421 2433 profectione,
1454 2378 1545 2419 Deo
1569 2377 1626 2419 sit
1648 2376 1806 2430 gratia,

43 2444 328 2487 Paternitatis
359 2447 462 2487 tuae
493 2445 645 2487 literas
676 2445 822 2487 uarias
854 2444 1024 2495 offendi,
1058 2447 1106 2486 ut
1129 2458 1238 2497 quae
1261 2443 1450 2497 scriptae
1472 2445 1574 2484 sunt
1596 2444 1664 2484 31.
1689 2442 1806 2497 Maij,

44 2510 195 2564 primo,
230 2511 276 2551 7?
299 2512 343 2552 et
370 2511 438 2552 28.
462 2509 593 2564 -Junij.
646 2509 805 2564 Accepi
840 2509 971 2561 etiam
1005 2512 1050 2552 et
1081 2512 1201 2551 recta
1234 2508 1468 2550 mittendas
1501 2508 1662 2556 curaui,
1697 2520 1808 2559 quae

45 2575 100 2617 ad
121 2575 353 2617 Jnferioris
376 2575 633 2617 Germaniae
657 2575 949 2617 Prouinciales
982 2574 1088 2615 duos
1121 2573 1422 2615 scribebantur
1438 2574 1462 2615 1.
1516 2572 1574 2614 Et
1606 2572 1807 2624 quoniam

44 2639 192 2682 multis
233 2640 285 2682 de
317 2640 445 2682 rebus
478 2640 580 2682 mihi
613 2640 958 2694 respondendum
992 2639 1130 2688 uideo,
1176 2652 1327 2692 parum
1361 2637 1498 2678 dicam
1533 2637 1584 2678 de
1617 2637 1808 2690 Collegio

45 2705 362 2759 Herbipolensi,
395 2719 488 2747 cum
514 2703 695 2759 [circa]³
711 2703 772 2760 [?]
796 2705 910 2746 illius
936 2706 1098 2745 statum
1132 2702 1330 2756 proprius
1354 2701 1635 2742 Prouincialis
1667 2701 1809 2744 isthuc

44 2770 276 2824 praecipua
298 2784 494 2823 quaeque
516 2770 737 2824 scripserit
750 2772 778 2819 2,
810 2773 854 2812 et
876 2768 1109 2810 secundum
1133 2767 1263 2808 etiam
1287 2766 1452 2808 miserit
1474 2766 1808 2808 instrumentum

44 2834 311 2877 fundationis
333 2849 382 2876 ac
406 2835 638 2877 dotationis
661 2835 851 2876 eiusdem
875 2832 1065 2886 Collegij.
1110 2832 1236 2873 Jdem
1260 2830 1540 2872 Prouincialis
1563 2845 1630 2872 me
1662 2845 1808 2873 secum

47 2899 166 2941 abire
206 2899 343 2942 uoluit
383 2899 749 2949 Francfordimnb,
793 2898 1078 2951 Moguntiam,
1121 2896 1333 2949 Spiram3‚
1377 2896 1488 2937 unde
1521 2896 1806 2949 Argentinam

165 2979 193 3011 a)
214 2981 274 3005 Hoc
293 2988 317 3005 v.
340 2983 368 3004 ut
387 2980 563 3011 suppleatur
582 2979 697 3011 exiqere
720 2979 834 3003 videtur
855 2978 919 3009 ipsa
939 2985 994 3002 res.
1081 2975 1110 3007 b)
1132 2975 1343 3000 Fransordiam
1363 2976 1471 3000 (trehet.

168 3074 179 3094 ¹
204 3073 259 3107 Ad
284 3073 354 3109 PP.
381 3073 575 3107 Antonium
602 3073 718 3107 Vinck
744 3074 781 3106 et
806 3071 1034 3106 Franciscum
1062 3070 1258 3111 Costerum‚
1291 3070 1555 3114 provinciarum
1586 3070 1804 3113 „rhenanae‘

49 3128 86 3159 et
110 3125 271 3169 belgicae
296 3126 374 3160 sive
405 3126 638 3167 „Germaniae
666 3125 863 3159 inferioris*
894 3125 1127 3168 praepositos.

166 3179 179 3199 ²
207 3178 282 3213 Has
299 3179 444 3213 Vinckii
470 3179 611 3213 litteras
638 3190 672 3212 v.
699 3189 808 3222 supra
835 3189 867 3222 p.
887 3176 1086 3212 504—508.
1233 3177 1245 3197 ⁸
1273 3176 1362 3210 Vide
1388 3176 1482 3211 infra
1508 3188 1599 3211 mon.
1619 3188 1696 3211 var.
1718 3176 1807 3220 (30).
