2045 3471
763 202 873 237 Roma
902 202 958 236 26.
978 201 1058 236 Oct.
1081 201 1181 236 1566.
1756 198 1839 239 349

192 325 235 367 Jl
268 324 408 367 Padre
442 323 611 377 Graspar
643 321 829 375 Anglo1,
873 320 1012 363 scriue
1054 319 1088 361 si
1123 319 1193 360 dia
1235 318 1417 372 qualche
1458 330 1561 371 peso
1595 329 1679 358 non
1711 328 1839 356 senza

74 390 273 433 molestia
315 389 357 431 al
389 388 592 441 Collegio,
634 387 677 428 in
719 386 788 428 far
830 385 917 428 alla
957 384 1213 439 improuista
1254 381 1458 437 prediche
1499 381 1634 424 latine
1667 379 1838 434 quando

75 468 272 508 uengono
306 452 447 496 alcuni
479 451 611 494 nobili
645 454 670 493 a
704 451 880 504 Dilinga
893 451 922 499 ⁴2,
957 452 1001 492 et
1033 448 1204 502 quando
1237 447 1410 489 celebra
1442 446 1484 488 in
1518 444 1842 488 Pontificalibus

75 520 106 562 il
142 519 372 562 Cardinale
413 517 441 558 il
485 517 612 569 quale
653 516 830 566 ricerca,
875 516 914 565 8,
958 528 982 556 0
1018 516 1083 557 12.
1119 512 1221 555 delli
1257 511 1395 554 nostri
1436 509 1659 553 assistenti
1691 523 1771 551 con
1802 508 1842 550 le

76 587 194 627 cotte
218 619 226 627 .
250 597 355 638 pare
377 583 442 625 sia
473 582 583 623 bene
607 581 686 622 che
710 581 761 623 V.
785 581 836 622 R.
867 594 890 621 o
925 579 992 621 0111
1023 579 1054 620 11
1085 576 1250 633 paressi
1284 579 1391 626 atto,
1425 575 1585 617 facessi
1617 573 1841 628 diligentia

76 650 143 692 col
169 648 396 692 Cardinale
427 646 699 701 procurando
732 645 932 687 renderlo
966 657 1139 698 capace,
1173 645 1218 685 et
1249 640 1517 684 sforzandosi
1550 640 1604 682 ad
1637 639 1842 692 allegerir

75 716 236 768 quanto
259 713 296 756 si
317 716 371 767 po
393 712 682 754 buonamente
714 710 744 751 il
777 712 926 751 nostro
950 708 1142 761 Collegio
1165 709 1209 749 et
1232 706 1541 761 specialmente
1567 703 1838 758 procurando

75 779 153 821 che
184 793 270 821 non
301 776 482 820 restassi
515 778 667 830 questo
701 774 873 827 obligho
906 773 1015 828 perli
1048 772 1309 820 successori;

193 843 333 885 scriue
375 841 511 884 anche
552 841 582 882 il
614 840 661 882 P.
687 839 886 887 Torres3‚
931 838 1009 880 0110
1042 837 1224 879 sarebbe
1266 834 1510 878 necessario
1552 848 1608 875 un
1642 832 1838 874 ministro

73 909 117 959 11',
152 910 195 951 et
226 922 283 949 un
315 907 400 948 bon
433 908 613 948 exatore
647 904 725 946 0110
757 902 994 946 intendessi
1026 902 1069 944 la
1101 901 1249 955 lingua
1271 899 1479 943 todescha
1492 900 1521 949 4,
1554 912 1641 940 non
1663 910 1838 939 occorre

74 973 237 1015 scriuer
269 972 380 1014 altro
413 971 457 1013 in
489 972 657 1023 questa,
690 982 823 1010 senon
857 966 1210 1009 raccomandarci
1244 971 1310 1008 etc.
1366 964 1421 1006 Di
1453 964 1591 1006 Roma
1623 963 1653 1004 li
1687 963 1770 1005 26.
1795 961 1836 1002 di

75 1038 247 1080 ott-obre
280 1038 422 1079 ,15662

194 1136 344 1179 Borgias
372 1136 406 1169 in
432 1135 559 1168 harum
586 1133 788 1167 litterarum
809 1131 954 1165 exordio
974 1131 1156 1165 Canisium
1183 1130 1227 1163 ad
1255 1129 1445 1174 epistulam
1472 1126 1634 1166 remittit,
1661 1135 1768 1169 quam
1795 1123 1837 1158 ad

75 1189 114 1224 P.
142 1190 309 1224 Natalem
336 1189 405 1223 det.
459 1187 557 1221 Haec
584 1189 619 1220 et
645 1186 723 1231 ipsa
751 1186 807 1219 26.
835 1184 1000 1218 Octobris
1028 1184 1111 1218 data
1139 1185 1173 1217 et
1199 1194 1269 1216 una
1296 1193 1376 1216 cum
1403 1181 1535 1215 litteris
1562 1177 1705 1213 Canisio
1733 1177 1838 1211 desti-

73 1243 169 1277 natis
194 1244 398 1286 Augustam
425 1241 534 1275 missa
562 1242 636 1280 est;
672 1251 717 1273 ex
755 1250 795 1272 ea
831 1240 939 1282 caput
974 1237 1061 1271 illud
1089 1237 1145 1270 1110
1172 1248 1273 1280 pono,
1317 1234 1410 1279 quod
1443 1233 1549 1268 etiam
1586 1232 1627 1266 ad
1657 1230 1839 1266 canisium

74 1297 239 1342 pertinet.
291 1296 345 1330 Ita
372 1295 484 1338 igitur
510 1294 665 1337 Boryias
692 1291 814 1326 Natali
844 1291 999 1333 (Alberti
1019 1290 1061 1324 V.
1089 1289 1264 1323 Bavariae
1300 1288 1401 1322 ducis
1436 1285 1658 1321 consiliarios
1691 1283 1838 1318 aulicos-

75 1361 143 1394 que
171 1352 206 1384 et
232 1349 353 1393 aliqua
379 1348 518 1382 ratione
544 1348 661 1392 ipsum
689 1346 796 1380 etiam
817 1345 942 1378 ducem
962 1343 1181 1387 significans,
1209 1342 1269 1386 qui
1288 1341 1358 1375 PP.
1379 1339 1574 1382 Georgium
1594 1336 1840 1372 Schorichium

75 1406 111 1437 et
128 1402 324 1437 Mai-tinum
342 1401 626 1440 Stevordianum,
647 1399 680 1433 S.
701 1399 733 1433 J.
754 1399 1018 1432 contionatores
1044 1407 1287 1435 monacenses,
1316 1405 1396 1428 cum
1416 1392 1625 1437 disciplinae
1650 1390 1840 1433 religiosae

75 1456 289 1490 detrimento
307 1455 471 1490 colebant
490 1456 525 1488 et
542 1453 734 1487 fovebant:
759 1463 793 1485 v.
813 1462 922 1496 supra
941 1462 972 1495 p.
993 1450 1060 1484 323
1081 1449 1163 1492 3:24)
1180 1462 1186 1483 ε
1219 1447 1464 1490 „Jntendendo
1484 1445 1567 1489 quel
1586 1444 1651 1478 che
1670 1443 1712 1478 V.
1729 1443 1841 1476 Reue-

75 1521 181 1543 renza
215 1509 343 1550 scriue,
381 1508 446 1543 che
481 1519 551 1541 non
586 1506 616 1540 si
652 1517 784 1540 cui-ano
821 1504 929 1538 molto
965 1503 1074 1547 quelli
1111 1502 1245 1545 signori
1274 1503 1341 1535 etc.
1378 1500 1413 1534 di
1449 1498 1604 1533 fauorire
1631 1495 1741 1541 quelli
1776 1495 1841 1530 che

76 1574 193 1597 uanno
219 1562 312 1596 male
338 1561 411 1596 nell
436 1560 669 1600 ubbidientia,
704 1559 752 1593 mi
790 1570 874 1603 pare
911 1568 994 1591 cosa
1022 1557 1137 1599 degna
1173 1555 1208 1589 di
1242 1565 1413 1599 procurar
1443 1552 1467 1586 li
1494 1551 1653 1592 rimedio,
1688 1549 1754 1583 hor
1788 1549 1841 1583 sia

76 1616 249 1661 parlando
284 1627 349 1650 con
376 1615 466 1649 detti
492 1614 627 1657 signori
654 1613 697 1646 V.
725 1612 932 1646 Reuerenza
962 1613 981 1644 ὸ
1008 1610 1032 1643 11
1058 1609 1168 1654 padre
1196 1607 1347 1648 Canisio,
1386 1606 1451 1640 hor
1477 1603 1700 1650 procurando
1726 1602 1842 1636 faccia

76 1669 98 1703 Γ
119 1669 240 1703 afficio
274 1669 296 1703 Γ
315 1668 564 1703 Illustrissimo
600 1665 769 1701 Cardinal
804 1665 839 1698 di
875 1665 1051 1706 Augusta,
1090 1661 1155 1695 hor
1190 1662 1225 1695 in
1260 1660 1353 1694 altro
1388 1658 1491 1693 modo
1526 1657 1656 1702 perche
1690 1655 1841 1689 nolendo

78 1722 153 1757 loro
180 1722 328 1757 seruirsi
355 1733 417 1766 per
443 1721 468 1755 il
495 1721 562 1755 ben
589 1718 777 1764 spirituale
805 1717 839 1751 di
866 1717 975 1761 quelli
1003 1716 1088 1750 stati
1115 1714 1196 1749 dell'
1217 1725 1325 1759 opera
1352 1712 1435 1746 delli
1462 1710 1576 1745 nostri
1603 1708 1842 1744 conuerrebbe

77 1775 275 1810 aiutassino
302 1775 373 1810 alla
400 1773 588 1819 disciplina
608 1772 790 1815 Religiosa
818 1771 851 1804 di
873 1769 992 1814 quelli,
1019 1770 1077 1814 poi
1104 1768 1169 1802 che
1196 1770 1329 1812 quanto
1356 1764 1520 1809 mighori,
1548 1766 1650 1798 tanto
1678 1763 1738 1807 piu
1764 1761 1843 1796 utili

78 1829 234 1863 ministri
258 1840 411 1863 53131100
440 1839 502 1872 per
527 1827 613 1860 loro.
664 1825 764 1859 Veda
792 1824 846 1858 X.
874 1824 1082 1857 Reuerenza
1109 1821 1143 1855 di
1171 1820 1299 1864 gratia,
1339 1819 1403 1853 che
1430 1817 1579 1852 rimedio
1605 1817 1637 1851 si
1663 1818 1731 1861 puo
1757 1826 1842 1850 usar

79 1882 171 1918 della
198 1884 300 1927 parte
336 1882 370 1915 di
406 1881 450 1922 la,
487 1884 522 1914 et
557 1880 588 1914 ci
623 1878 715 1912 auisi
750 1890 788 1912 se
825 1876 974 1911 sarebbe
1010 1886 1093 1910 cosa
1129 1874 1364 1908 conueniente
1399 1882 1616 1917 procurarne
1654 1869 1780 1903 alcuno
1807 1868 1840 1902 di

79 1938 160 1980 qua.
278 1934 345 1969 Del
371 1934 480 1979 padre
509 1932 661 1976 Georgio
689 1930 907 1971 Scherichio,
934 1929 966 1964 io
993 1929 1127 1963 hauero
1152 1927 1186 1962 Ia
1213 1939 1298 1961 cura
1325 1926 1390 1961 che
1404 1925 1448 1959 V.
1468 1924 1674 1958 Reuerenza
1700 1922 1837 1957 scriue“

80 1991 142 2033 (ex
168 1989 376 2034 archetypo,
403 1998 510 2021 manu
536 1985 689 2029 Borgiae
715 1984 928 2029 subscripto,
965 1982 1058 2027 quod
1085 1983 1207 2016 exstat
1232 1981 1268 2014 in
1296 1979 1380 2014 Cod.
1412 1978 1511 2022 „13ss²
1542 1989 1576 2011 n.
1607 1977 1692 2017 1873
1731 1975 1838 2010 etiam

78 2044 114 2077 in
141 2043 230 2087 Epp.
248 2043 370 2077 Ναᾱαῖ
396 2041 446 2074 III
473 2038 690 2082 asa—283).
734 2038 831 2071 Haec
857 2036 978 2071 Natali
1005 2039 1040 2069 et
1059 2035 1202 2069 Canisio
1229 2033 1326 2068 cordi
1352 2032 1517 2072 fuerunt;
1545 2031 1720 2064 Polaneus
1747 2029 1837 2063 enim

79 2096 192 2130 Roma
218 2095 273 2129 25.
292 2094 477 2128 Februarii
507 2092 594 2127 1567
622 2091 662 2126 Ρ.
680 2091 864 2125 Dominico
890 2089 1058 2132 Mengino
1085 2088 1214 2122 rectori
1241 2087 1382 2130 collegii
1408 2084 1633 2119 monacensis
1651 2082 1840 2117 *scribens

79 2151 334 2184 commemorat
364 2147 409 2189 „li
444 2146 524 2180 boni
560 2144 668 2190 officij
705 2144 769 2178 che
804 2145 881 2178 fece
917 2142 1211 2177 I'Jllustrissimo
1239 2138 1428 2174 Cardinale
1463 2138 1517 2172 col
1543 2137 1709 2182 Principe
1745 2140 1778 2170 et
1814 2135 1839 2169 li

79 2203 157 2237 suoi
191 2202 330 2235 intorno
358 2203 376 2234 a
404 2199 512 2244 quelli
539 2199 604 2233 che
639 2198 667 2232 si
704 2209 903 2242 separanno
939 2195 1033 2230 dalla
1069 2194 1289 2229 obedientia“
1324 2194 1385 2236 (ex
1420 2203 1543 2237 apogr.
1571 2191 1680 2225 eiusd.
1707 2193 1836 2235 temp:

84 2255 224 2298 „Germ
244 2255 307 2289 65*v
338 2253 362 2287 f.
381 2252 496 2295 22812).

102 2342 107 2343 1
201 2309 240 2342 In
267 2307 396 2342 Codice
426 2305 545 2348 ,Defi‘
575 2304 765 2338 *notatum
792 2304 955 2337 invenio:
997 2303 1045 2344 „A
1072 2302 1106 2336 di
1133 2301 1187 2336 26.
1224 2300 1259 2334 di
1285 2299 1424 2334 ottobre
1450 2299 1507 2333 66.
1543 2298 1572 2331 si
1608 2297 1735 2331 mando
1771 2308 1839 2330 una

81 2373 267 2397 commune
303 2361 336 2394 di
364 2371 445 2394 cose
481 2359 514 2392 di
543 2357 767 2392 edificatione
803 2356 858 2390 del
886 2357 995 2400 Papa,
1033 2367 1053 2389 a
1079 2354 1237 2395 Polouia,
1264 2352 1471 2397 Aquitania,
1498 2350 1659 2392 Francia,
1686 2350 1840 2395 spagna,

81 2415 240 2455 Austria,
279 2413 362 2458 Sup.
400 2413 602 2453 Germania,
642 2410 776 2450 Rheno,
817 2410 891 2444 Jnf.
928 2408 1132 2449 Germania,
1172 2407 1367 2450 Sardegua,
1406 2404 1629 2440 Lombardia.
1667 2403 1840 2442 Toscana,

81 2468 222 2514 Napoli,
251 2470 285 2501 et
312 2466 465 2501 Sieilia.‘
521 2465 687 2498 Fortasse
723 2463 804 2497 huic
839 2462 1005 2497 relationi
1041 2462 1083 2495 de
1121 2461 1154 2495 S.
1183 2461 1245 2494 Pio
1263 2460 1306 2493 V.
1334 2459 1490 2503 scriptae
1518 2458 1625 2491 etiam
1652 2456 1841 2490 adiunctae

204 2611 214 2631 ¹
240 2610 279 2644 P.
307 2609 443 2653 Caspar
469 2606 674 2646 Haivodus3
711 2605 791 2639 vide
828 2616 937 2649 supra
974 2616 1006 2649 p.
1033 2603 1104 2638 842.
1156 2602 1290 2647 Scripsi
1327 2613 1392 2644 ego
1420 2600 1613 2644 Casparem
1648 2598 1683 2631 in
1709 2597 1839 2640 Anglia

83 2663 302 2708 aliquamdiu
328 2673 474 2696 munere
501 2660 600 2705 pueri
627 2659 716 2702 regii
744 2659 838 2703 apud
865 2656 1112 2692 Elisabetham
1139 2655 1286 2689 Henrici
1305 2654 1401 2688 VIII.
1428 2653 1537 2687 filiam
1573 2652 1736 2685 functum
1763 2662 1841 2685 esse

86 2718 192 2761 (Can.
219 2716 268 2750 [V
294 2715 510 2756 459—460).
561 2713 684 2756 Neque
710 2723 795 2745 vero
830 2714 927 2745 recte
963 2710 1013 2744 ita
1048 2709 1188 2754 scripsi.
1239 2708 1389 2742 Ioannes
1426 2705 1517 2739 0111111
1546 2704 1714 2748 Casparis
1741 2706 1842 2748 pater

84 2770 177 2816 apud
196 2769 390 2804 Henricum
410 2768 504 2802 VIII.
525 2769 560 2800 et
578 2766 727 2800 Mariam
756 2765 831 2798 eius
850 2764 959 2798 filiam
979 2762 1274 2808 symphoniacum
1295 2760 1459 2805 („player
1485 2759 1523 2792 of
1545 2758 1606 2791 the
1625 2756 1839 2799 virginals“)

84 2824 231 2867 agebat:
264 2823 324 2867 qui
351 2821 540 2865 aliquando
567 2820 602 2852 in
629 2821 801 2853 concentu
829 2828 946 2851 coram
975 2817 1089 2850 Maria
1116 2814 1250 2849 edendo
1277 2825 1296 2847 a
1323 2813 1446 2847 liberis
1473 2811 1664 2845 iux-abatur
1693 2810 1748 2852 (C.
1776 2821 1838 2843 ron

85 2877 442 2919 Hoim'nyen-Hzcene,
481 2873 599 2907 Neues
635 2883 698 2906 aus
735 2871 796 2905 der
831 2869 1046 2904 Geschichte
1082 2869 1143 2902 der
1180 2867 1354 2901 Jesuiten.
1390 2866 1424 2899 111
1465 2862 1704 2906 ,Preussische
1739 2862 1841 2897 Jahr-

83 2929 235 2964 biicher“
267 2928 460 2968 CXXVIII,
490 2926 608 2960 Berlin
638 2926 737 2963 1907,
765 2923 863 2966 271).

207 2981 220 3002 ²
251 2981 433 3016 Eiusmodi
476 2980 658 3014 contiones
701 2977 869 3020 exigebat
912 2974 1103 3010 cardinalis
1145 2974 1230 3007 Otto
1268 2972 1467 3006 Truchsess
1511 2971 1657 3012 (Gomez
1701 2971 1843 3003 Rodeles

86 3035 108 3069 l.
136 3047 165 3069 0.
193 3035 289 3079 773).

205 3089 217 3109 ³
244 3088 283 3122 P.
310 3087 552 3130 Hieronymus
578 3083 777 3125 Torrensis,
803 3081 1003 3125 theologiae
1032 3080 1210 3124 professor
1238 3079 1273 3112 in
1300 3078 1536 3112 universitate
1563 3076 1755 3119 dilingana.

205 3143 218 3161 ⁴
244 3141 400 3175 Exactor
435 3139 644 3184 disciplinae
681 3136 917 3175 academicae,
954 3135 1031 3168 sive
1068 3133 1286 3176 gubernator
1312 3131 1369 3165 vel
1405 3129 1654 3174 gubernatoris
1689 3129 1839 3164 adiutor,

87 3194 162 3228 loco
190 3193 343 3228 Cornelii
372 3193 504 3227 Herlen
531 3192 586 3225 vel
620 3189 757 3234 losephi
788 3187 986 3230 Edlinger‘?
1037 3186 1088 3220 Cf.
1121 3188 1207 3220 Can.
1236 3185 1283 3218 IV
1311 3185 1378 3219 920
1405 3184 1483 3218 926.
