2045 3471
722 196 835 231 Roma
862 197 892 231 7.
912 196 1005 230 Iunii
1026 196 1126 231 1567.
1709 199 1793 239 487

155 315 294 365 Quelli
335 315 412 358 che
453 315 486 358 si
529 330 634 358 sono
671 315 896 366 licentiati,
938 317 1093 358 stanno
1126 315 1209 357 ben
1242 315 1337 358 fora
1369 315 1466 357 dela
1498 315 1795 370 Compagnia.

38 381 77 422 d’
96 381 208 424 altre
248 394 347 422 cose
388 380 425 423 si
465 381 657 423 scriuera
696 382 766 422 un'
786 381 901 423 altra
940 381 1061 422 uolta
1095 379 1162 423 .N.
1196 380 1336 422 Padre
1369 380 1579 422 Generale
1618 383 1661 423 et
1693 379 1797 423 tutti

40 445 78 487 ci
109 446 482 488 raccomandiamo
515 451 586 489 etc.
649 445 703 487 Di
735 445 873 487 Roma
904 445 934 487 li
968 446 1007 488 7.
1041 444 1083 486 di
1117 444 1284 498 Giugno
1319 447 1462 488 ‚1567.

161 527 191 561 l.
218 526 353 560 Missae
380 529 465 560 sunt
481 525 623 561 Canisio
651 538 721 561 una
747 538 827 561 cum
853 525 922 560 hac
948 525 1111 570 epistula,
1138 527 1179 559 ut
1205 537 1250 559 ex
1276 525 1355 570 ipsa
1380 525 1612 569 intellegitur,
1632 525 1799 559 *litterae

38 592 58 614 a
87 581 239 614 Polanco
265 580 378 614 Roma
405 580 437 614 7.
455 579 545 613 Iunii
576 580 665 614 1567
692 580 737 614 ad
763 580 802 614 P.
829 578 980 613 Paulum
1008 578 1195 612 Hoffaeum
1223 578 1256 613 S.
1270 579 1303 614 J.
1331 579 1453 619 datae;
1481 579 1517 612 in
1544 579 1673 622 quibus
1698 578 1798 619 11300,

37 635 181 678 praeter
206 632 287 673 alia,
323 632 510 667 dicuntur:
550 634 601 675 „A
635 644 706 667 una
741 632 871 667 lettera
897 632 932 666 di
950 631 994 666 V.
1021 632 1062 666 R.
1089 631 1217 666 scritta
1252 631 1278 665 il
1312 631 1348 665 di
1383 631 1418 665 di
1453 631 1562 666 Santo
1590 631 1762 674 Gregorio
1777 632 1798 671 ¹,

38 698 110 721 non
144 686 175 720 si
209 688 228 720 e
261 686 355 720 satta
389 685 506 731 prima
539 685 706 730 risposta,
742 697 805 730 per
829 697 899 719 non
927 696 1026 719 esser
1051 685 1166 730 prima
1200 685 1293 719 fatta
1319 684 1528 719 risolutione
1558 695 1663 729 sopra
1690 683 1799 728 quelli

39 740 168 784 cinque
193 750 257 784 per
282 741 397 780 cento,
425 739 552 773 adesso
579 739 609 772 si
636 738 766 773 manda
792 738 827 773 al
853 738 970 772 Padre
996 737 1221 772 Prouinciale
1248 737 1391 772 Canisio
1416 737 1515 772 30010
1541 737 1661 771 mandi
1687 736 1800 771 anche

37 804 109 827 una
134 792 266 827 lettera
292 791 365 826 aV.
391 792 434 826 R.
461 795 497 826 et
523 794 756 836 quantunque
782 803 851 826 non
877 791 908 825 si
935 791 1051 825 faccia
1076 791 1233 836 risposta
1258 790 1473 836 particolare
1499 792 1520 825 a
1546 793 1642 825 certe
1669 791 1801 834 quesiti

40 845 222 880 contenuti
248 845 284 879 in
302 845 401 880 detta
418 844 561 886 lettera,
588 845 624 879 di
642 847 769 888 questa
788 844 997 879 risolutione
1023 844 1053 878 si
1079 847 1149 889 pub
1175 844 1322 878 inferire
1339 844 1375 878 la
1392 844 1568 889 risposta‘
1593 844 1654 887 (ex
1678 855 1800 888 apogr.

39 899 151 934 eiusd.
178 901 306 943 temp.;
337 898 478 941 „Germ
499 899 563 932 67“
594 897 619 932 f.
646 898 743 941 28¹³).
778 898 900 943 Ipsum
927 897 1015 932 illud
1040 896 1290 940 theologorum
1316 909 1528 942 responsum
1553 909 1622 931 non
1649 896 1801 941 repperi.

40 951 140 993 Quod
165 954 286 986 autem
314 952 358 985 ad
385 950 488 985 binas
524 951 606 985 illas
633 951 827 996 pactiones,
864 962 954 994 quas
981 949 1159 984 Polancus
1185 950 1282 991 dicit,
1318 950 1458 991 attinet,
1493 949 1689 993 significari
1715 952 1802 995 puto

40 1015 121 1046 eas,
154 1004 198 1038 de
227 1004 357 1048 quibus
383 1005 537 1047 Bor-yias
563 1004 675 1038 Roma
705 1005 758 1039 10.
785 1003 921 1048 Aprilis
949 1003 1039 1038 1568
1066 1003 1111 1037 ad
1138 1003 1178 1038 P.
1204 1001 1390 1038 Nicolaum
1416 1002 1591 1037 Lanoium
1626 1004 1802 1037 rectorem

40 1058 317 1102 oenipontanum
343 1057 509 1102 scripsit:
540 1056 627 1099 „Del
653 1057 785 1102 pigliar
811 1058 842 1091 5.
870 1068 934 1101 per
959 1058 1073 1098 cento,
1105 1056 1145 1090 fu
1170 1056 1297 1091 scritto
1323 1055 1358 1090 al
1384 1056 1500 1090 Padre
1528 1055 1681 1100 [Hoffeo]
1700 1055 1802 1089 Vice-

40 1110 258 1156 prouinciale
284 1110 403 1154 quello
430 1109 495 1144 che
521 1112 583 1154 qui
608 1121 754 1154 pareua,
782 1111 817 1143 et
844 1121 942 1143 come
969 1109 1120 1143 facendo
1146 1109 1203 1144 doi
1229 1109 1410 1151 contratti,
1437 1121 1508 1143 vno
1527 1108 1562 1143 di
1580 1108 1802 1153 conipagnia,

40 1166 77 1198 et
101 1163 123 1197 l’
138 1163 230 1198 altro
257 1163 291 1198 di
309 1163 580 1203 assicuratione‚
605 1174 740 1208 pareua
766 1165 786 1196 a
805 1162 876 1197 Sua
895 1162 1036 1196 Santita
1054 1162 1206 1206 (benche
1225 1174 1323 1196 come
1341 1162 1536 1206 Theologo)
1566 1163 1596 1196 si
1622 1161 1803 1206 potessino

41 1216 192 1261 pigliare
219 1217 308 1251 detti
337 1217 381 1251 .5.
407 1227 471 1261 per
497 1218 613 1257 cento,
647 1209 696 1250 mi
722 1217 868 1250 rimetto
902 1227 970 1260 pur
996 1217 1016 1249 3
1042 1215 1161 1259 quello
1196 1215 1261 1250 che
1293 1216 1333 1249 fu
1368 1215 1495 1249 scritto
1530 1215 1564 1249 al
1591 1215 1698 1254 detto,
1733 1226 1804 1248 non

40 1270 211 1304 conuiene
237 1269 350 1304 anche
376 1281 475 1304 esser
499 1272 627 1314 troppo
654 1269 770 1303 seueri
798 1271 834 1303 et
858 1268 1020 1312 rigorosi,
1047 1269 1083 1302 in
1101 1271 1228 1313 questo
1255 1268 1403 1312 negocio
1422 1279 1521 1303 come
1547 1268 1582 1302 al
1609 1267 1803 1302 medesimo

40 1323 85 1357 fii
110 1323 247 1365 scritto,
282 1323 418 1357 benche
453 1322 479 1357 il
513 1322 645 1366 meglio
681 1322 842 1364 sarebbe,
879 1321 1011 1366 pigliar
1045 1321 1127 1356 altri
1163 1321 1259 1356 modi
1293 1322 1329 1356 di
1367 1321 1549 1366 guadagni
1584 1322 1644 1366 piu
1670 1320 1799 1355 sicuri“

42 1377 104 1416 (ex
129 1388 251 1421 apogr.
279 1376 390 1411 eiusd.
417 1378 546 1421 temp.;
579 1376 719 1418 „Germ.
746 1377 811 1410 67“
847 1376 872 1410 f.
903 1376 1003 1415 13la;
1043 1376 1087 1409 cf.
1114 1376 1223 1410 Dalm·
1247 1375 1271 1410 l.
1298 1387 1327 1410 0.
1357 1374 1478 1420 [supra
1512 1387 1546 1420 p.
1572 1374 1656 1418 409]
1684 1374 1804 1408 XXIV

40 1430 229 1464 212-214
254 1432 363 1474 atque
389 1430 498 1464 etiam
527 1431 614 1464 Can.
642 1429 692 1463 IV
719 1429 937 1471 568—569).
988 1428 1092 1463 Addo
1119 1428 1189 1462 alia
1216 1428 1401 1472 quaedam,
1432 1439 1524 1472 quae
1551 1428 1593 1462 ad
1620 1439 1804 1461 romanam

40 1483 133 1517 hanc
159 1483 410 1517 tractationem
436 1482 688 1517 illustrandam
706 1482 832 1516 iuvare
850 1481 1008 1526 possint:
1035 1483 1190 1526 Boryi'as
1215 1481 1251 1515 in
1271 1481 1434 1515 *litteris
1452 1480 1665 1525 Lugdunum
1685 1480 1805 1514 missis

41 1536 155 1570 Roma
183 1536 236 1570 16.
263 1535 448 1570 Februarii
477 1535 589 1570 1568:
631 1535 743 1578 „Delli
775 1535 963 1580 depositi“‚
998 1534 1125 1579 inquit,
1165 1536 1222 1577 „et
1256 1534 1339 1568 altri
1375 1534 1547 1569 contratti
1572 1533 1739 1578 usurarij,
1774 1533 1805 1567 si

42 1591 183 1635 aspetta
209 1592 330 1634 presto
355 1589 507 1633 qualche
533 1588 753 1630 risolutione,
781 1588 911 1633 perche
937 1587 1038 1622 molti
1057 1587 1229 1632 Theologi
1255 1587 1393 1622 uedono
1419 1587 1540 1632 quella
1565 1587 1717 1621 materia
1743 1598 1806 1631 per

43 1644 165 1677 ordine
191 1643 224 1677 di
243 1642 278 1677 S.
299 1642 440 1677 Santita
466 1642 531 1677 che
549 1642 722 1676 uorrebbe
749 1642 805 1676 far
823 1654 870 1676 un
890 1643 988 1675 motu
1006 1641 1159 1686 proprio,
1186 1653 1205 1675 0
1225 1641 1373 1675 Breue.“
1412 1640 1459 1675 Et
1476 1640 1589 1675 Roma
1611 1641 1664 1675 15.
1683 1640 1805 1674 Martii

46 1696 155 1731 1568:
185 1695 299 1739 „Delli
327 1696 480 1741 depositi
506 1708 551 1730 ne
576 1696 729 1730 hauemo
756 1706 851 1736 cura,
878 1706 937 1729 ma
963 1706 1062 1729 come
1080 1694 1185 1728 uuole
1203 1693 1237 1729 S.
1253 1694 1394 1728 Santita
1420 1705 1529 1728 cauar
1546 1696 1645 1728 motu
1664 1693 1806 1738 proprio

41 1749 79 1784 di
104 1749 214 1794 quelli
241 1752 277 1784 et
301 1750 450 1784 insieme
477 1749 519 1783 de
546 1750 554 1783 i
580 1748 708 1794 cambij
736 1751 772 1782 et
790 1748 897 1789 censi,
924 1748 1081 1782 tuttauia
1100 1751 1228 1791 questa
1247 1759 1329 1782 cosa
1353 1748 1384 1781 si
1410 1747 1582 1781 trattiene
1603 1747 1663 1790 (ex
1682 1758 1806 1792 apogr.

44 1803 156 1837 eiusd.
175 1806 304 1847 temp.;
336 1802 475 1845 ,Germ
494 1803 559 1837 67⁴⁴
581 1802 605 1836 f.
628 1802 711 1836 113³
731 1801 843 1845 118³).
878 1801 1044 1836 Ceterum
1064 1801 1146 1835 vide
1164 1801 1273 1836 Duhr
1297 1800 1322 1834 l.
1341 1812 1382 1842 c.‚
1410 1802 1446 1835 et
1470 1801 1544 1835 Jes.
1563 1801 1579 1834 Ι
1607 1801 1804 1835 713-715.

162 1856 194 1891 2.
222 1856 277 1890 Ex
304 1855 388 1890 Cod.
419 1855 540 1898 „Def.“
573 1855 668 1898 (Diu.
699 1855 808 1896 ordei„
845 1854 878 1888 in
907 1866 938 1888 a.
962 1855 1068 1898 1567)
1098 1857 1134 1888 et
1160 1866 1205 1888 ex
1230 1854 1385 1897 Borgiae
1411 1853 1542 1888 litteris
1568 1854 1612 1888 ad
1639 1853 1806 1888 Natalem

43 1909 148 1951 datis,
175 1910 217 1944 de
244 1909 373 1953 quibus
399 1909 505 1954 paulo
530 1908 625 1942 infra
652 1908 800 1949 dicetur,
827 1908 1066 1950 cognoscitur,
1094 1907 1235 1942 Canisio
1261 1919 1332 1941 una
1359 1919 1440 1942 cum
1464 1906 1612 1941 Polanci
1639 1906 1806 1951 epistula,

44 1974 150 2007 quam
176 1962 277 1996 modo
304 1963 416 2007 posui,
442 1963 573 1996 missas
593 1973 672 1996 esse
694 1961 857 2004 „litteras
876 1962 1103 1995 communes“
1126 1960 1317 1995 Societatis
1335 1960 1616 2005 provincialibus
1635 1971 1655 1993 a
1675 1960 1806 2002 BorgIa

43 2016 243 2051 destinatas
278 2019 315 2050 et
349 2016 393 2050 ad
419 2018 650 2060 praeceptum
677 2015 910 2060 pertinentes,
937 2015 1031 2058 quod
1057 2014 1220 2059 pontifex
1245 2014 1288 2048 de
1315 2013 1499 2048 Sociorum
1535 2013 1579 2047 ad
1605 2024 1728 2047 sacros
1754 2025 1807 2046 or-

44 2070 146 2104 dines
171 2069 491 2114 promovendorum
510 2068 647 2102 ratione
666 2068 825 2102 dederat.
852 2068 904 2102 Ac
922 2067 1124 2102 litterarum
1145 2067 1289 2112 quidem
1309 2067 1524 2112 exemplum,
1552 2066 1644 2110 quod
1664 2066 1806 2100 Canisio

44 2123 194 2157 missum
221 2124 309 2163 erat,
337 2123 462 2167 periit;
499 2121 665 2156 existimo
693 2124 823 2162 autem,
858 2121 1000 2155 litteras
1035 2121 1148 2155 fuisse
1182 2120 1288 2155 valde
1323 2120 1460 2154 similes
1494 2119 1701 2164 hispanicae
1736 2119 1807 2163 epi-

43 2175 173 2217 stulae,
209 2187 301 2219 quae
327 2175 450 2209 eodem
486 2175 546 2209 illo
582 2174 638 2209 die
666 2175 698 2209 7.
725 2174 817 2208 Iunii
846 2174 935 2208 1567
972 2174 1016 2209 ad
1043 2173 1210 2208 Natalem
1245 2174 1288 2208 de
1315 2173 1439 2207 eodem
1474 2175 1686 2215 argumento
1712 2172 1805 2212 data,

46 2231 167 2264 exstat
201 2228 236 2263 in
263 2229 351 2273 Epp.
378 2230 500 2262 Nadal
527 2228 576 2262 III
602 2227 802 2262 481-484.
856 2227 960 2262 Certe
996 2239 1088 2272 quae
1114 2227 1166 2261 rei
1201 2238 1342 2261 summa
1367 2226 1477 2260 fuerit
1511 2225 1735 2268 intellegitui¹
1762 2237 1807 2258 ex

45 2282 85 2317 P.
111 2283 269 2317 Antonio
288 2283 408 2326 Vim-lv,
434 2282 641 2326 provinciae
668 2281 848 2315 rhenanae
867 2280 949 2316 S.J.
975 2281 1191 2326 praeposito,
1218 2280 1407 2323 Moguntia
1425 2280 1457 2313 5.
1477 2279 1696 2323 Septembris
1718 2279 1806 2313 1:367

49 2335 202 2379 Borgiae
227 2335 280 2369 sic
306 2334 533 2369 *scribente:
564 2333 640 2377 „Ho
666 2335 828 2368 riceuuto
855 2334 1010 2368 anchora
1036 2345 1108 2368 vna
1134 2334 1169 2368 di
1188 2333 1231 2368 V.
1259 2333 1299 2367 P.
1326 2332 1410 2367 delli
1437 2333 1480 2367 .7.
1509 2332 1543 2366 di
1569 2333 1702 2375 giugno
1729 2343 1808 2376 pas—

46 2390 125 2422 sato
150 2388 246 2422 nella
272 2387 376 2432 quale
403 2387 433 2422 si
451 2399 608 2433 propone
633 2388 668 2422 la
688 2387 864 2421 difficulta
889 2387 924 2421 la
943 2386 1049 2431 quale
1066 2398 1175 2421 nasce
1199 2398 1263 2431 per
1279 2386 1301 2420 Γ
1314 2386 1436 2420 ordine
1455 2386 1538 2419 dato
1556 2385 1590 2419 di
1610 2385 1643 2419 S.
1663 2385 1807 2425 santita,

45 2442 141 2476 circa
167 2441 189 2475 Γ
208 2441 441 2481 ordinatione,
467 2453 530 2486 per
557 2441 672 2475 enitar
698 2440 734 2474 la
759 2440 963 2481 mendicita,
990 2443 1057 2475 etc.
1108 2440 1294 2474 Domanda
1321 2439 1363 2474 V.
1391 2439 1431 2473 P.
1466 2438 1532 2473 che
1567 2439 1600 2472 io
1635 2437 1659 2471 li
1690 2438 1807 2472 scriua

46 2495 77 2529 si
102 2506 159 2528 me
187 2505 281 2538 pare,
317 2493 382 2527 che
409 2493 553 2528 alchuni
580 2493 674 2528 della
700 2493 914 2538 compagnia
949 2493 979 2527 si
1005 2504 1222 2538 promoueno
1249 2492 1310 2526 alli
1336 2492 1430 2526 sacri
1457 2491 1570 2525 ordini
1597 2502 1676 2525 cum
1703 2490 1808 2525 titulo

46 2547 82 2581 di
107 2546 322 2592 patrimonio
348 2548 367 2580 ό
385 2546 557 2580 beneficio
584 2547 618 2580 al
636 2558 762 2580 manco
781 2546 935 2580 alchuna
954 2545 1072 2580 volta“
1097 2546 1157 2589 (ex
1177 2547 1337 2588 autogr.;
1369 2544 1431 2586 „G.
1447 2543 1624 2589 Ep.V111“
1648 2544 1671 2577 f.
1688 2543 1806 2587 325³).

46 2599 239 2643 Negotium
266 2600 344 2641 hoc,
379 2599 462 2643 quia
488 2599 661 2644 proximis
697 2600 800 2634 annis
826 2600 956 2633 iterum
991 2601 1100 2643 atque
1135 2599 1265 2633 iterum
1292 2599 1465 2638 occurret,
1498 2596 1603 2641 paulo
1630 2596 1808 2641 copiosius

48 2653 247 2698 explicetur
284 2655 435 2697 oportet.
496 2652 688 2686 Societatis
727 2652 1051 2687 Constitutionibus
1090 2654 1249 2693 cavetur,
1288 2662 1332 2685 ne
1371 2650 1428 2684 vel
1468 2650 1510 2684 ad
1550 2650 1808 2694 professionem

47 2709 217 2750 quattuor
241 2708 404 2740 votorum
430 2705 656 2740 sollemnium
675 2705 735 2739 vel
753 2705 797 2739 ad
816 2705 967 2748 gradum
990 2705 1256 2747 „coadiutorum
1276 2703 1538 2748 spiritualium⁴⁴
1560 2702 1808 2743 admittantur,

48 2760 116 2793 nisi
143 2759 203 2803 qui
229 2759 432 2793 sacerdotes
458 2759 530 2792 sint
552 2758 633 2800 (Ex.
653 2770 683 2792 c.
704 2759 733 2798 1,
759 2770 791 2792 n.
812 2758 852 2797 ὃς
880 2769 909 2792 c.
937 2759 968 2799 6,
995 2770 1028 2792 n.
1051 2759 1098 2800 1).
1127 2756 1318 2791 Societatis
1346 2757 1456 2799 igitur
1483 2756 1642 2796 iuvenes,
1670 2759 1809 2800 postea-

49 2823 155 2856 quam
182 2814 267 2846 vota
293 2811 471 2856 simplicia
497 2811 793 2846 scholasticorum
821 2811 1027 2851 emiserant,
1055 2810 1098 2844 ad
1125 2821 1247 2843 sacros
1273 2809 1416 2843 ordines
1442 2811 1478 2842 et
1504 2809 1637 2842 Romae
1664 2812 1699 2842 et
1725 2808 1809 2843 alibi

48 2865 350 2910 promovebantur
372 2864 435 2906 „ad
454 2864 598 2898 titulum
617 2863 842 2897 voluntariae
861 2863 1120 2908 paupertatis“‚
1140 2865 1179 2896 ut
1197 2862 1354 2896 secunda
1369 2861 1560 2896 Societatis
1579 2862 1808 2904 Conyreyatz'o

50 2917 228 2961 generalis
254 2919 306 2952 ait
333 2918 443 2960 (decr.
471 2918 525 2959 77,
554 2918 755 2951 [nstitutum
785 2915 820 2951 S.
845 2916 878 2950 J.
906 2916 938 2949 ll
965 2916 1069 2959 209);
1099 2915 1176 2949 veri
1203 2916 1296 2948 enim
1322 2914 1481 2958 religiosi
1507 2918 1609 2948 erant
1638 2915 1698 2958 (cf.
1722 2915 1808 2949 Cau.

48 2970 223 3014 112612).
273 2972 393 3015 Atque
428 2970 471 3005 ad
507 2970 602 3004 solos
632 2969 810 3012 „Clericos
846 2968 1068 3002 saeculares“
1100 2968 1287 3012 spectabat
1323 2968 1504 3002 decretum
1537 2967 1625 3002 illud
1662 2967 1809 3002 Concilii

49 3023 246 3064 tridentini,
272 3035 341 3068 quo
368 3023 686 3068 pronuntiabatur:
713 3021 790 3056 Non
810 3022 936 3055 decere
956 3033 1026 3063 eos,
1053 3022 1113 3065 qui
1140 3020 1260 3054 divino
1286 3021 1485 3054 ministerio
1512 3021 1658 3066 ascripti
1678 3023 1809 3061 essent,

50 3087 132 3110 cum
157 3077 292 3111 ordinis
318 3077 490 3111 dedecore
521 3076 754 3119 „mendicare,
790 3077 852 3108 aut
878 3074 1059 3109 sordidum
1086 3073 1241 3118 aliquem
1269 3076 1456 3117 quaestum
1484 3076 1694 3114 exerce1·e“;
1732 3074 1809 3107 ideo

175 3183 185 3202 ¹
211 3182 276 3216 Die
305 3183 357 3217 12.
385 3182 518 3216 Martii.
