2077 3461
627 200 668 234 ΙΙ.
697 199 917 234 Prooemium
947 199 1138 234 voluminis
1165 200 1291 244 quinti.
1701 202 1835 231 XXXIX

81 318 291 363 quibusdam
311 317 445 351 saeculi
464 317 558 351 XIX.
577 317 666 351 haec
684 319 906 362 repetuntum
933 328 1047 361 neque
1065 329 1151 351 vero
1169 318 1212 352 iis
1230 317 1424 351 sufficiunt.
1457 316 1544 351 Cum
1564 317 1657 362 apud
1676 318 1836 357 Hasium,

82 371 270 411 Raderum,
305 370 527 413 Dorignium,
563 370 763 415 Pythonem
790 371 833 404 -in
865 370 1127 404 valetudinario
1162 382 1207 404 ex
1233 382 1356 404 mensa
1390 370 1602 405 lautissimis
1634 370 1748 415 epulis
1778 382 1836 404 ex-

81 426 219 458 structa
244 423 381 457 familia
407 423 589 457 canisiana
617 423 674 456 vel
700 423 777 457 sola,
802 423 861 457 vel
887 434 957 457 una
984 434 1063 457 cum
1090 424 1305 468 pauperibus
1332 430 1511 464 vescatur,
1545 424 1637 468 apud
1665 423 1746 457 illos
1771 423 1837 457 soli

81 487 255 522 pauperes
281 478 486 516 vescuntur,
514 475 655 509 Canisio
682 479 718 509 et
743 476 905 510 omnibus
931 475 1007 509 eius
1033 475 1242 520 propinquis
1261 475 1569 514 ministrantibus;
1596 478 1717 510 astant
1734 475 1837 509 multi

81 541 126 564 ex
159 529 373 574 primoribus
408 529 577 569 civitatis,
613 531 788 573 spectant,
824 528 992 562 lacrimas
1027 529 1256 572 profundunt.
1308 528 1416 562 Iidem
1453 528 1640 573 biographi
1675 530 1837 562 recentes

79 581 363 616 exhortationem
389 593 410 615 a
437 581 578 615 Canisio
605 582 648 614 ad
674 583 838 615 senatum
864 581 1023 614 habitam
1050 592 1095 614 ex
1122 581 1224 615 domo
1249 581 1393 615 Triestii
1416 581 1560 615 maioris
1587 580 1839 615 sollemnitatis

80 635 196 679 gratia
221 635 257 668 in
276 635 409 668 curiam
428 633 645 679 reipublicae
662 634 905 675 transferunt;
930 634 1053 667 vinum
1072 634 1298 668 honorarium
1316 633 1462 674 tollunt;
1488 633 1684 678 pretiosum
1709 634 1835 667 donum

80 690 224 733 ponunt,
244 687 335 731 quod
350 699 370 721 a
385 689 513 728 senatu
530 687 688 721 oblatum
705 687 869 721 Canisius
883 690 1026 721 recusat
1047 687 1127 727 (661
1150 688 1246 730 665).
1274 687 1541 729 Verumtamen,
1561 699 1604 720 ne
1622 687 1752 720 nimius
1770 687 1834 720 sim

79 742 115 775 in
128 740 428 785 reprehendendo,
443 740 548 774 facile
563 740 727 780 concedo,
743 739 916 774 eiusmodi
934 740 1151 774 ornamentis
1165 740 1317 784 figuram
1334 739 1467 774 Canisii
1482 739 1665 773 obscurari
1683 739 1835 783 quidem,

78 794 141 828 sed
166 805 235 827 non
261 793 382 828 deleri.
424 792 558 827 Demus
584 793 718 836 aliquid
745 793 994 827 consuetudini
1013 793 1207 838 superioris
1233 793 1383 827 aetatis!
1422 792 1525 826 Hanc
1543 793 1666 826 statim
1693 803 1837 837 prorsus

78 846 277 881 oblitterari
295 846 442 880 difficile
461 848 556 887 erat;
583 845 680 879 vitae
699 845 909 879 Sanctorum
928 846 1152 890 potissimum
1170 846 1317 891 pietatis
1335 845 1546 880 excitandae
1573 857 1681 880 causa
1707 844 1838 879 scribe-

78 900 226 940 bantur:
253 899 394 933 etiamsi
416 899 500 943 quid
519 898 665 933 veritati
682 898 874 932 historicae
893 898 1157 941 detrahebatur,
1176 899 1345 933 manebat
1363 900 1398 932 et
1416 899 1570 932 fortasse
1589 899 1696 932 etiam
1715 897 1838 943 ampli-

77 953 253 987 ficabatur
266 953 401 986 veritas
416 952 590 996 quaedam
606 951 750 985 moralis
769 954 806 985 et
823 951 1022 986 aesthetica
1041 952 1118 986 sive
1137 952 1276 986 utilitas
1294 953 1391 986 vitae
1410 954 1446 985 et
1464 951 1644 995 elegantia
1662 951 1836 985 dictionis.

196 1006 273 1040 Hoc
300 1017 403 1050 porro
429 1005 489 1039 alii
516 1005 680 1038 videant:
715 1004 807 1038 Num
843 1005 878 1038 in
908 1004 1109 1038 fabularum
1137 1005 1399 1039 canisianarum
1425 1016 1610 1038 numerum
1637 1004 1671 1038 id
1699 1015 1838 1048 quoque

77 1059 325 1094 ascribendum
361 1059 426 1100 sit,
465 1058 558 1102 quod
594 1057 760 1092 chronica
795 1058 968 1101 quaedam
1005 1059 1138 1092 ordinis
1173 1058 1359 1102 birgittani
1395 1057 1538 1092 saeculo
1564 1057 1676 1091 XVII.
1704 1058 1837 1102 scripta

78 1112 230 1146 habent:
267 1112 409 1146 Canisio
437 1111 582 1146 Colonia
612 1110 876 1154 Noviomagum
914 1112 1013 1145 eunti
1048 1111 1313 1146 Mariaearbore
1350 1111 1627 1154 (Marienbaum)
1665 1110 1838 1155 plurimos

78 1166 176 1200 visos
202 1177 281 1199 esse
307 1165 498 1199 daemones
521 1166 617 1199 tecto
643 1164 861 1205 monasterii,
897 1164 990 1208 quod
1016 1164 1100 1198 ordo
1127 1165 1278 1199 Sanctae
1305 1165 1482 1207 Birgittae
1508 1164 1638 1198 ibidem
1673 1163 1838 1204 habebat,

77 1219 283 1259 insidentes,
321 1220 429 1262 atque
464 1229 509 1251 ex
535 1228 577 1251 ea
611 1218 730 1262 specie
757 1217 938 1252 Canisium
974 1218 1181 1252 monasterii
1216 1218 1446 1252 sanctitatem
1482 1217 1694 1260 cognovisse
1723 1217 1836 1260 (651).

78 1273 310 1315 Argumenta,
337 1283 428 1315 quae
453 1270 542 1304 nihil
568 1270 664 1304 dubii
690 1269 905 1314 relinquant,
931 1282 1045 1315 usque
1071 1271 1187 1304 adhuc
1212 1283 1281 1304 non
1308 1273 1514 1315 suppetunt.

196 1324 399 1367 Singularia.
425 1326 461 1358 et
486 1324 586 1364 mira,
613 1335 700 1358 vera
724 1325 844 1357 tamen
879 1326 973 1365 sunt,
1009 1335 1100 1368 quae
1125 1324 1421 1358 Bartholomaeus
1448 1323 1621 1357 Vallonus
1647 1323 1837 1357 Societatis

77 1379 189 1412 frater
226 1377 463 1412 scholasticus
490 1377 524 1410 in
559 1377 648 1410 mari
674 1376 872 1411 hadriatico
899 1389 919 1410 a
945 1377 1074 1422 piratis
1101 1380 1248 1422 captus,
1284 1378 1328 1411 ad
1368 1377 1558 1411 Societatis
1594 1377 1837 1410 moderatores

77 1431 217 1466 rettulit
234 1431 372 1464 duabus
391 1430 565 1475 epistulis,
592 1441 742 1474 quarum
760 1441 878 1472 unam,
897 1430 1052 1464 vinculis
1071 1433 1230 1472 onustus,
1257 1430 1293 1464 in
1310 1431 1447 1464 turcica
1464 1430 1650 1470 servitute,
1675 1429 1836 1466 alteram.

78 1484 318 1519 Alexandriae
343 1483 527 1523 liberatus,
559 1483 595 1516 in
621 1483 711 1517 mari
737 1483 883 1527 scripsit
910 1483 971 1525 (58
998 1483 1096 1527 271).

195 1540 228 1571 4.
255 1538 358 1570 Anno
386 1537 476 1571 1566
495 1536 660 1570 Basileae
686 1537 721 1569 in
739 1535 876 1579 lignum
902 1536 1017 1571 incisa
1043 1539 1079 1570 et
1104 1537 1139 1570 in
1164 1537 1280 1571 lucem
1307 1536 1439 1570 emissa
1466 1538 1521 1570 est
1546 1536 1660 1580 prima
1687 1538 1722 1569 et
1748 1535 1836 1569 anti-

78 1591 270 1636 quissima,
306 1601 396 1633 quae
431 1589 574 1633 quidem
610 1589 725 1623 adhuc
760 1591 898 1630 exstet,
935 1589 1070 1624 Canisii
1104 1590 1241 1633 figura3
1278 1590 1341 1624 sed
1375 1589 1465 1623 haec
1500 1600 1640 1633 quoque
1675 1588 1837 1622 fabulosa

77 1646 133 1678 est
162 1644 275 1687 (852).
330 1643 460 1677 Veram
487 1642 668 1676 indolis
693 1654 780 1676 suae
807 1642 1000 1686 imaginem
1019 1642 1184 1677 Canisius
1203 1644 1279 1688 ipse
1306 1644 1341 1676 in
1369 1642 1534 1688 epistulis
1552 1642 1680 1686 pinxit.
1724 1642 1836 1682 Hanc,

76 1700 172 1742 puto,
198 1697 268 1730 iam
295 1696 384 1730 satis
410 1696 560 1730 ostendi.
611 1695 731 1730 Pauca
766 1696 856 1730 addo
891 1696 1118 1730 lineamenta.
1170 1696 1337 1731 Canisius
1370 1696 1565 1730 orationem
1601 1695 1837 1738 magnifacit

77 1753 113 1785 et
150 1751 186 1784 in
221 1762 262 1784 ea
287 1760 389 1794 spem
424 1760 526 1783 suam
564 1749 714 1793 reponit.
764 1749 895 1791 Instat,
931 1752 971 1783 ut
998 1749 1091 1783 Socii
1126 1750 1261 1784 romani
1297 1749 1439 1784 comitia
1474 1748 1612 1793 imperii
1649 1750 1838 1791 Augustae

78 1803 241 1838 habenda
267 1803 341 1836 Deo
359 1802 607 1836 commendent
635 1802 749 1845 (190).
784 1802 905 1837 Socios
923 1802 1144 1837 colonienses
1170 1815 1234 1847 per
1252 1802 1454 1837 Kesselium
1471 1804 1646 1836 rectorem
1664 1801 1837 1842 hortatur,

77 1858 118 1891 ut
143 1868 205 1902 pro
231 1856 456 1900 imperatoris
480 1855 641 1889 exercitu
666 1855 701 1889 in
728 1855 914 1898 Hungaria
940 1856 1176 1899 belligerante
1202 1856 1316 1890 Deum
1342 1857 1533 1900 precentur
1560 1854 1674 1898 (327).
1713 1854 1838 1888 Herbi-

77 1909 150 1955 poli
176 1921 238 1954 per
264 1908 584 1951 Quadragesimam
602 1908 871 1943 contionaturus
896 1920 917 1942 a
935 1908 1064 1942 Sancto
1091 1909 1281 1943 Francisco
1300 1908 1431 1952 Borgia
1457 1908 1659 1953 praeposito
1678 1907 1837 1950 generali

78 1963 177 2008 petit,
213 1965 253 1997 ut-
286 1962 399 2006 ipsius
434 1964 469 1995 et
502 1962 693 1995 universae
720 1961 911 1996 Societatis
946 1962 1166 1996 orationibus
1202 1962 1393 1996 adiuvetur
1420 1961 1535 2004 (385).
1587 1960 1836 1994 Wendelinam

77 2027 234 2051 sororem
260 2017 390 2055 monet,
425 2015 566 2050 Claram
592 2015 705 2059 ipsius
730 2027 898 2055 sororem,
934 2016 1092 2049 ordinem
1119 2015 1273 2050 Sanctae
1308 2014 1433 2049 Clarae
1459 2014 1670 2057 ingressam,
1706 2013 1837 2047 orando

77 2070 229 2103 multum
261 2069 355 2113 apud
381 2067 495 2102 Deum
522 2068 643 2102 valere
672 2068 784 2112 (334).
835 2068 965 2112 Fulget
989 2069 1099 2103 etiam
1124 2069 1161 2102 in
1188 2068 1328 2102 Canisio
1358 2079 1498 2102 summa
1525 2067 1559 2101 in
1585 2067 1837 2101 auctoritatem

77 2122 360 2157 ecclesiasticam
386 2121 588 2155 reverentia
623 2124 659 2155 et
683 2121 918 2156 oboedientia.
970 2122 1131 2156 Petierat
1154 2121 1226 2163 ille,
1261 2124 1301 2156 ut
1336 2121 1371 2155 in
1399 2120 1656 2155 Germanorum
1683 2120 1835 2163 gratiam

77 2175 204 2219 regula
229 2175 290 2209 illa
317 2174 448 2209 Iudicis
473 2174 669 2216 tridentini,
701 2185 792 2218 quae
818 2175 861 2208 de
887 2186 990 2209 sacra
1017 2175 1200 2220 Scriptura
1226 2176 1261 2209 in
1288 2174 1519 2209 vernaculam
1545 2173 1705 2216 linguam
1732 2183 1838 2206 versa

78 2231 114 2263 et
151 2228 193 2262 de
231 2228 485 2262 controversiis
526 2227 720 2261 vernaculo
760 2239 923 2262 sermone
962 2228 1174 2272 conscriptis
1213 2231 1286 2269 est,
1325 2228 1553 2271 mitigaretur
1593 2227 1687 2269 (23);
1726 2225 1838 2260 Roma

76 2282 196 2316 renuit
216 2281 309 2324 (51);
338 2281 503 2315 Canisius
520 2292 666 2325 prorsus
693 2281 875 2315 conticuit.
912 2280 1031 2315 Grave
1050 2284 1127 2315 erat
1146 2282 1298 2320 Canisio,
1325 2280 1503 2326 pontificis
1529 2291 1591 2325 per
1610 2279 1837 2313 Germaniam

76 2335 239 2369 nuntium
272 2345 396 2377 agere:
433 2334 496 2368 sed
526 2335 580 2376 „in
608 2334 662 2368 his
689 2334 905 2377 germanicis
930 2335 1312 2379 peregrinationibus“.
1347 2335 1474 2378 inquit,
1507 2333 1614 2376 „nihil
1640 2344 1752 2376 aeque
1780 2343 1835 2365 me

77 2388 282 2422 consolatur
307 2389 415 2431 atque
441 2390 567 2421 sancta
593 2386 833 2421 oboedientia“
867 2387 990 2430 (157);
1017 2399 1061 2421 ex
1088 2388 1211 2422 eodem
1237 2388 1365 2421 itinere
1391 2387 1578 2430 Moguntia
1603 2398 1648 2420 m.
1672 2385 1837 2419 Ianuario

77 2452 108 2475 a.
138 2441 228 2474 1566
263 2440 453 2474 Francisco
479 2440 631 2483 Borgiae
667 2440 868 2484 praeposito
904 2441 1063 2483 generali
1099 2441 1255 2485 scripsit,
1292 2441 1362 2474 iam
1402 2439 1626 2482 „debilitatas
1656 2438 1723 2472 sibi
1758 2449 1837 2471 esse

78 2494 174 2528 vires
200 2496 236 2527 et
260 2493 403 2527 solitum
431 2492 556 2527 abesse
582 2493 784 2536 vigorem&
811 2493 947 2528 addidit
973 2496 1112 2528 tamen:
1140 2494 1312 2528 Dominus
1335 2505 1418 2535 „nos
1444 2492 1665 2526 obedient-iae
1691 2493 1837 2525 sanctae

77 2546 169 2580 filios
196 2547 230 2580 in
256 2546 332 2580 vita
363 2549 399 2580 et
424 2548 537 2580 morte
573 2557 650 2580 esse
683 2546 893 2581 concedam*
928 2547 1027 2590 (181)
1082 2548 1164 2581 Pari
1199 2547 1307 2580 animi
1343 2545 1620 2591 promptitudine
1647 2544 1837 2578 Societatis

78 2599 360 2634 moderatoribus
386 2599 658 2643 obsequebatur.
710 2599 834 2633 Mense
863 2599 949 2633 Iulio
977 2612 1008 2634 a.
1030 2601 1119 2634 1566
1146 2612 1225 2634 cum
1252 2600 1381 2642 Borgia
1408 2600 1624 2642 conquestus
1651 2600 1716 2638 est,
1744 2598 1836 2641 quod

78 2652 228 2696 collegio
253 2652 457 2686 monacensi
484 2652 660 2695 magistri,
689 2652 850 2696 collegiis
877 2665 988 2698 paene
1007 2653 1170 2687 omnibus
1197 2653 1351 2686 ministri
1380 2653 1562 2687 deessent:
1591 2662 1629 2685 se
1655 2653 1775 2684 tamen
1801 2650 1837 2684 in

77 2705 241 2740 omnibus
268 2705 373 2739 rebus
399 2705 568 2739 iudicium
604 2705 777 2739 maiorum
813 2717 891 2740 esse
926 2709 1135 2741 secuturum
1161 2707 1358 2740 affirmavit
1387 2705 1617 2748 (278—279).
1671 2704 1837 2737 Proximo

78 2770 199 2793 mense
225 2758 267 2793 ad
295 2759 445 2792 eundem
471 2759 714 2803 praepositum
734 2759 938 2802 generalem
965 2760 1114 2801 rettulit,
1141 2771 1204 2804 per
1222 2759 1439 2793 cardinalem
1459 2759 1709 2801 Augustanum
1735 2768 1836 2791 suam

78 2823 221 2856 operam
256 2814 292 2845 et
326 2811 370 2845 ad
406 2811 580 2856 synodum
617 2811 864 2845 dioecesanam
899 2815 935 2846 et
970 2813 1014 2846 ad
1046 2813 1235 2847 concilium
1271 2811 1488 2856 provinciale
1515 2810 1655 2855 expeti:
1697 2810 1836 2852 „mihi“‚

78 2864 205 2909 inquit,
227 2865 387 2908 „gratius
410 2864 498 2898 nihil
517 2864 585 2898 erit
603 2875 708 2908 quam
728 2865 948 2909 superiorum
969 2877 1126 2899 meorum
1146 2865 1266 2899 audire
1285 2877 1327 2899 ac
1345 2865 1445 2908 sequi
1464 2864 1698 2898 sententiam“
1723 2863 1836 2906 (294).

78 2917 335 2952 Verumtamen
352 2917 383 2952 si
401 2918 541 2961 quando
560 2918 828 2951 excusationem
848 2918 1061 2952 afferendam
1082 2930 1160 2953 esse
1185 2918 1364 2958 censebat,
1392 2929 1469 2951 eam
1489 2918 1616 2951 afferre
1642 2928 1711 2951 non
1740 2928 1835 2950 vere—

78 2969 193 3004 batur.
244 2970 298 3004 Ita
323 2971 454 3004 litteris
482 2971 644 3014 Augusta
671 2970 934 3004 Vindelicorum
965 2972 1017 3005 14.
1038 2971 1218 3005 Februarii
1249 2972 1337 3005 1566
1365 2971 1458 3004 datis
1485 2970 1651 3013 Borgiam
1683 2969 1835 3012 rogavit,

78 3034 123 3057 ne
149 3024 191 3057 de
216 3023 322 3057 rebus
340 3023 561 3057 comitiorum
589 3024 725 3068 imperii
745 3023 892 3057 Romam
911 3024 1121 3066 singillatim
1149 3025 1282 3057 referre
1302 3024 1500 3065 iuberetur:
1529 3023 1717 3058 Societatis
1743 3023 1835 3056 enim

79 3076 304 3110 adversarios
322 3076 469 3110 eandem
488 3076 715 3121 vituperandi
742 3079 778 3110 et
795 3077 1036 3110 calumniandi
1056 3088 1184 3111 causas
1203 3079 1348 3121 captare
1371 3077 1483 3120 (190).
1523 3077 1656 3111 Sancta
1682 3076 1833 3120 quadam

78 3127 244 3163 libertate
270 3140 315 3162 ex
340 3140 442 3163 sacro
468 3132 642 3172 suggestu
670 3129 828 3168 dicebat2
866 3132 905 3163 ut
931 3141 1009 3163 cum
1043 3131 1077 3163 in
1105 3130 1267 3163 contione
1296 3132 1479 3173 Augustae
1513 3131 1703 3164 eorundem
1731 3128 1833 3163 comi-

77 3181 209 3215 tiorum
233 3184 391 3226 tempore
419 3182 461 3215 de
480 3182 713 3225 indulgentiis
732 3182 872 3217 habita:
904 3183 996 3224 ,Nos
1016 3183 1223 3221 Catholici‘.
1244 3184 1367 3227 inquit,
1391 3194 1633 3227 „nequaquam
1653 3193 1834 3226 negamus,
