2045 3471
330 208 424 242 Mon.
444 208 512 244 658
538 208 616 242 sive
642 219 724 251 aug.
746 207 783 251 (b
803 207 877 252 15).
916 208 945 241 A
971 208 1004 242 d.
1024 209 1079 243 24.
1099 208 1200 243 Febr.
1220 209 1263 243 ad
1284 209 1339 243 13.
1358 210 1442 254 Apr.
1464 209 1565 244 1566.
1737 211 1819 252 561

178 327 324 370 Etiam
347 330 643 381 protestantes
666 327 858 369 nonnulli
880 327 1101 370 contiones
1118 327 1275 369 Oanisii
1298 328 1544 371 audiebant.
1588 328 1634 370 P.
1650 329 1824 370 Natalis

59 391 173 434 enim
219 392 271 433 de
313 391 464 433 iisdem
508 392 647 435 Roma
690 394 728 435 7.
769 391 968 434 Octobris
1014 392 1126 433 1568
1169 392 1382 435 sacerdot-i
1425 393 1551 435 alicui
1593 391 1822 435 Societatis

59 456 273 499 scribens:
314 457 558 508 ‚,Muchos“,
592 457 743 510 inquit,
783 457 967 507 „destos,
1001 470 1083 510 que
1106 457 1158 498 de
1181 457 1371 499 Saxonia
1403 472 1431 511 y
1454 458 1506 498 de
1529 460 1648 500 otras
1673 459 1822 512 partes

59 522 188 563 ausan
222 521 377 563 venido
419 536 497 563 con
539 523 732 575 aquellos
773 522 1002 576 principes,
1046 535 1158 575 oyan
1191 522 1217 563 a
1249 522 1314 563 las
1346 536 1473 563 vezes
1505 523 1570 564 los
1602 536 1821 564 sermones

60 587 129 628 del
151 587 197 629 P.
222 586 412 637 Canisio;
447 601 474 640 y
506 601 611 641 para
643 601 792 640 reyrse
824 602 852 640 y
874 587 1069 629 burlarse
1102 587 1154 628 de
1186 587 1250 628 los
1281 587 1529 637 catholicos,
1564 601 1672 629 vnas
1695 600 1821 629 vezes

58 651 284 694 hechauan
324 652 476 706 poluos
518 652 570 694 de
608 653 767 694 carbon
809 666 860 694 en
901 652 944 694 la
975 652 1065 706 pila
1096 652 1165 693 del
1197 665 1312 704 agua
1352 651 1542 701 bendita,
1584 666 1613 705 y
1645 653 1821 694 acaecl'a

59 730 142 770 que
182 717 246 759 los
289 731 371 770 que
410 717 453 759 la
485 730 664 767 vsauan,
707 731 761 759 no
802 717 1065 767 sabiendolo,
1108 731 1154 758 se
1187 716 1437 759 entiznasen
1475 717 1540 758 las
1572 717 1749 767 frentes,
1793 732 1822 770 y

59 781 182 824 desto
215 785 402 835 gustaua
424 782 597 835 aquella
618 785 749 836 gente
781 781 973 836 perdida.
1017 781 1147 824 Otras
1169 795 1296 823 vezes
1317 783 1476 835 trayan
1501 782 1526 823 a
1548 781 1613 823 las
1644 784 1821 835 puertas

59 845 112 887 de
143 847 186 888 la
217 846 386 900 yglesia
418 860 570 900 mayor
611 847 796 901 pedacos
829 847 880 888 de
913 860 1041 888 carne
1074 846 1221 888 cozida
1253 845 1435 900 (porque
1468 860 1542 888 era
1574 846 1820 899 quaresma)

58 925 88 964 y
113 911 431 953 mostrandolos
463 912 489 953 a
520 912 585 953 los
608 911 842 964 canonigos
874 926 903 965 y
925 912 951 953 a
972 911 1037 953 los
1061 911 1208 953 demas
1230 911 1465 953 catholicos
1488 925 1571 964 que
1593 913 1819 961 entrauan,

58 976 252 1018 mordi'an
287 976 339 1017 de
362 976 405 1018 la
437 990 566 1018 carne
589 990 710 1018 como
732 977 980 1019 barbaros“
1001 977 1015 1003 1
1057 976 1174 1026 Quae
1196 978 1343 1018 tamen
1366 990 1460 1018 cum
1493 990 1571 1030 per
1592 976 1822 1019 canonicos

59 1041 113 1083 ad
145 1041 488 1083 Maximilianum
512 1041 564 1084 ΙΙ.
599 1041 745 1082 delata
786 1043 954 1092 essent,
997 1041 1033 1083 is
1075 1041 1230 1091 effecit,
1273 1043 1322 1083 ut
1362 1041 1441 1095 ipsi
1474 1041 1689 1095 principes
1721 1054 1820 1094 pro-

57 1108 273 1149 testantes
306 1119 406 1148 suos
437 1106 500 1148 ita
532 1119 578 1147 se
611 1119 763 1159 gerere
795 1105 836 1147 in
878 1108 1098 1160 posterum
1132 1106 1245 1148 serio
1278 1108 1480 1148 vetarent
1512 1105 1640 1160 (Epp.
1674 1107 1822 1148 Nadal

177 1237 267 1278 Iam
315 1237 451 1278 multo
500 1239 624 1286 ante,
672 1235 846 1289 Dilinga
891 1237 989 1278 19.2
1022 1236 1182 1290 Aprilis
1229 1237 1362 1285 1566,
1410 1236 1522 1278 idem
1570 1236 1616 1278 P.
1650 1236 1822 1278 Natalis

58 1301 99 1345 S.
124 1301 353 1343 Francisco
376 1301 563 1355 Borgiae
595 1300 843 1355 praeposito
877 1300 1071 1354 generali
1102 1301 1356 1343 rettulerat:
1396 1301 1461 1351 „Jl
1491 1300 1628 1342 Padre
1651 1300 1820 1343 Canisio

57 1366 194 1408 hebbe
235 1368 390 1419 questa
430 1366 665 1409 settimana
705 1368 833 1408 santa
874 1365 1182 1419 specialmente
1219 1379 1328 1418 gran
1361 1379 1566 1407 concorso
1599 1365 1711 1407 nelle
1744 1379 1820 1407 sue

57 1431 273 1485 prediche‚
307 1432 392 1473 alle
425 1431 541 1484 quali
573 1431 703 1474 etiam
737 1445 841 1473 sono
868 1430 1017 1473 uenuti
1039 1430 1238 1484 parecchi
1260 1430 1439 1472 heretici
1463 1466 1470 1472 .
1497 1465 1504 1472 .
1532 1465 1540 1472 .
1566 1430 1742 1472 Giouedi
1777 1434 1819 1473 et

58 1496 247 1538 Venerdi
289 1499 414 1539 santo
456 1496 628 1550 predico
670 1498 797 1546 sette,
840 1510 876 1546 o,
921 1497 1012 1538 otto
1054 1495 1172 1546 hore,
1214 1495 1458 1549 imperoche
1499 1495 1671 1548 giouedi
1709 1496 1819 1550 dopo

59 1575 202 1603 mezzo
243 1560 393 1614 giorno
435 1561 689 1604 incomincio
730 1575 755 1603 a
787 1561 998 1615 predicar'
1019 1560 1070 1602 (15
1101 1560 1302 1615 passione
1336 1574 1413 1614 per
1444 1560 1512 1602 doi
1546 1574 1569 1602 o
1602 1563 1669 1602 tre
1701 1561 1818 1611 hore,

59 1628 103 1668 et
134 1626 322 1668 Venerdi
362 1626 456 1668 fece
489 1626 557 1668 doi
590 1626 700 1669 altre
740 1626 943 1680 prediche
975 1625 1232 1679 seguitando
1264 1626 1307 1667 la
1339 1625 1496 1667 istessa
1528 1626 1712 1667 materia
1743 1640 1820 1680 per

57 1691 210 1744 cinque
242 1691 354 1733 altre
386 1691 512 1740 hore;
546 1691 609 1733 La
631 1691 867 1733 Domenica
899 1691 998 1732 dell'
1017 1690 1132 1733 oliua
1162 1690 1332 1744 publico
1364 1691 1393 1732 il
1426 1690 1613 1743 giubileo
1646 1691 1819 1733 ultima-

57 1758 202 1798 mente
243 1769 447 1798 concesso
490 1757 605 1798 dalla
645 1756 809 1798 santita
851 1756 891 1798 di
924 1756 1088 1798 Nostro
1121 1755 1302 1809 Signore
1317 1757 1345 1806 3,
1388 1756 1417 1797 il
1459 1756 1586 1808 quale
1623 1756 1679 1798 ha
1710 1770 1818 1810 gua-

57 1820 263 1873 dagniato
305 1835 412 1874 gran
454 1835 632 1862 numero
674 1821 726 1862 de
768 1821 912 1874 genti“
951 1819 1024 1873 (ex
1058 1821 1308 1874 archetypo,
1352 1821 1463 1874 quod
1506 1822 1573 1863 est
1603 1820 1647 1861 in
1684 1821 1810 1871 „EN“

56 1900 97 1930 n.
128 1887 232 1935 116;
267 1886 397 1928 etiam
429 1886 472 1927 in
505 1886 613 1940 Epp.
649 1887 798 1928 Nadal
829 1886 891 1927 ΠΙ
918 1887 1112 1934 61—62;
1148 1885 1202 1928 cf.
1237 1885 1368 1928 etiam
1403 1887 1541 1938 Duhr,
1575 1886 1663 1929 JeS.
1688 1886 1706 1927 I
1731 1887 1816 1939 89).

56 1951 121 1992 De
160 1950 338 2004 pietatis
379 1951 590 1993 fructibus
631 1965 686 1993 ex
718 1951 874 1993 Canisii
918 1951 1188 1993 contionibus
1225 1950 1419 1993 collectis
1457 1965 1497 1993 v.
1532 1950 1661 1993 etiam
1704 1950 1814 1993 infra

55 2029 168 2058 mon.
192 2029 290 2068 aug.
315 2014 356 2068 (c
375 2017 462 2068 25),
497 2018 541 2058 et
563 2015 616 2058 cf.
637 2017 902 2070 Sacchinum,
926 2016 1027 2058 Can.
1048 2018 1132 2058 230
1156 2017 1200 2058 et
1222 2015 1336 2058 Hist.
1356 2016 1396 2057 S.
1414 2016 1452 2057 J.
1472 2015 1546 2063 III,
1572 2016 1598 2058 l.
1624 2017 1661 2065 2,
1687 2030 1726 2058 n.
1747 2018 1816 2058 23.

174 2108 279 2142 Haud
307 2108 357 2142 ita
382 2110 480 2142 recte
507 2108 618 2152 igitur
644 2110 810 2152 Dorigmy
838 2108 876 2151 (l.
896 2120 925 2142 c.
953 2107 1050 2151 266),
1077 2120 1181 2153 quem
1209 2110 1408 2152 sequuntur
1435 2108 1567 2152 Python
1599 2108 1635 2149 (l.
1664 2120 1691 2142 (¹.
1720 2108 1816 2151 229).

56 2163 225 2206 Agricola
254 2160 291 2202 (l.
318 2173 347 2195 c.
374 2161 459 2195 Dec.
487 2162 518 2203 3,
544 2174 577 2196 n.
599 2162 694 2205 155),
725 2163 825 2196 Riess
853 2161 892 2205 (l.
911 2174 939 2196 c.
960 2162 1063 2206 354):
1096 2161 1201 2203 „L'on
1226 2172 1426 2205 remarqua,
1453 2160 1537 2204 qu'il
1564 2161 1661 2195 avoit
1687 2161 1816 2206 preche

54 2213 133 2247 huit
158 2213 287 2248 heures
313 2214 476 2256 entieres,
504 2227 546 2248 en
573 2215 661 2249 trois
687 2215 853 2249 differens
881 2214 1057 2255 Sermons,
1085 2213 1170 2258 qu’il
1197 2214 1238 2248 fit
1262 2214 1295 2247 le
1321 2213 1643 2258 Vendredy-Saint,
1677 2225 1739 2248 sur
1765 2214 1816 2248 les

53 2267 273 2301 souffrances
308 2266 354 2300 du
381 2266 574 2301 Sauveur.“
628 2267 800 2302 Similiter
826 2269 862 2302 J.
891 2269 940 2302 M.
969 2269 1004 2301 S.
1032 2269 1244 2311 Dam’iynac
1283 2267 1456 2309 (Histoire
1492 2267 1537 2300 du
1564 2266 1815 2302 Bienheureux

54 2320 177 2354 Pierre
205 2319 381 2360 Canisius,
407 2320 512 2354 Paris
541 2321 641 2361 1866,
668 2321 774 2365 281):
814 2320 882 2363 „Le
909 2321 1078 2355 vendredi
1106 2321 1211 2362 saint,
1247 2321 1271 2354 il
1298 2319 1429 2365 precha
1456 2320 1544 2353 dans
1571 2320 1657 2353 trois
1684 2320 1816 2363 eglises

53 2375 90 2407 et
117 2372 215 2418 parla
241 2372 320 2406 huit
344 2372 474 2407 11511155
500 2386 543 2407 en
570 2373 721 2407 chaire.“
768 2374 884 2408 Etiam
912 2375 1028 2408 minus
1055 2376 1151 2408 recte
1172 2375 1364 2417 Lonqarus
1389 2374 1480 2415 deyli
1501 2374 1594 2406 Odcli
1610 2372 1643 2406 S.
1661 2373 1692 2407 J.
1715 2373 1815 2415 (Vita

54 2426 111 2460 del
146 2425 329 2459 venerabil
355 2425 465 2460 Servo
500 2426 536 2460 di
570 2427 636 2460 Dio
674 2427 698 2461 il
734 2427 849 2461 Padre
875 2427 995 2461 Pietro
1023 2427 1176 2467 Canisio,
1211 2426 1337 2471 Napoli
1368 2426 1467 2467 1755,
1497 2426 1600 2468 180):
1641 2426 1816 2466 „Crebber

54 2479 111 2523 poi
146 2479 181 2512 in
207 2480 381 2513 immenso
408 2478 441 2513 le
467 2491 530 2513 sue
556 2479 691 2514 fatiche
718 2479 775 2514 all*
791 2480 1010 2514 avvieinarsi
1036 2480 1071 2514 la
1097 2480 1296 2514 Settimana
1324 2480 1444 2520 Santa,
1481 2479 1661 2521 obbligato
1692 2490 1711 2513 a
1737 2491 1813 2524 pre-

53 2531 151 2566 dicar
177 2531 209 2565 le
236 2533 397 2575 quam-0,
433 2544 451 2565 e
486 2533 518 2566 le
555 2533 683 2577 cinque
716 2533 813 2567 volte
839 2533 932 2567 nello
959 2536 1075 2568 stesso
1102 2534 1167 2567 dist
1223 2534 1274 2566 Ac
1301 2534 1416 2566 Boero
1446 2532 1482 2573 (l.
1511 2544 1540 2567 c.
1567 2532 1674 2575 296):
1715 2532 1813 2574 „Neu

175 2664 185 2684 ¹
211 2666 424 2698 Leonardus
441 2664 642 2706 Contarim‘,
661 2662 877 2697 Venetorum
898 2664 991 2708 apud
1011 2663 1262 2707 imperatorem
1283 2664 1411 2702 orator,
1430 2663 1595 2705 Augusta
1614 2662 1665 2695 13.
1682 2662 1815 2706 Aprilis

55 2717 147 2752 1566
173 2717 251 2751 duci
278 2729 342 2751 suo
369 2716 532 2761 scripsit:
564 2716 775 2757 „Domenica
804 2718 950 2760 passata
976 2716 1070 2750 nella
1097 2716 1218 2749 chiesa
1245 2716 1429 2757 maggior-e
1456 2714 1549 2748 nella
1575 2715 1814 2749 benedittione

53 2769 145 2804 delle
180 2770 296 2814 palme
323 2781 465 2804 occorse
501 2768 564 2802 che
591 2768 706 2802 alcuni
735 2768 790 2802 (151
817 2768 916 2802 Duca
941 2769 975 2802 di
1003 2769 1181 2809 Sassonia,
1218 2769 1347 2801 entrati
1374 2769 1409 2801 111
1436 2768 1565 2808 chiesa,
1601 2768 1630 2801 si
1657 2779 1814 2802 messem

53 2824 73 2856 a
98 2823 207 2857 tirare
234 2822 289 2856 dei
316 2823 406 2857 sassi
439 2821 500 2855 alli
527 2821 704 2856 sacerdoti
732 2833 796 2855 con
823 2822 959 2864 grande
985 2821 1137 2861 insulto;
1172 2821 1261 2854 onde
1297 2821 1321 2854 il
1352 2820 1545 2854 medesimo
1583 2819 1682 2854 Duca
1717 2820 1741 2854 li
1769 2821 1812 2855 ha

52 2874 134 2909 fatti
168 2877 298 2909 metter
327 2874 489 2920 pregioni
525 2877 559 2907 et
585 2885 766 2918 promesso
793 2874 826 2907 di
854 2873 978 2907 volerli
1006 2875 1195 2917 castigare,
1231 2876 1251 2907 ἐι
1278 2873 1452 2907 1551115515
1481 2873 1536 2906 (151
1564 2873 1752 2907 Cardinale
1779 2874 1812 2908 di

51 2928 234 2971 Augusta“
267 2928 408 2971 (Turba
435 2926 457 2961 1.
486 2939 514 2960 e.
542 2927 591 2960 III
619 2927 715 2969 318).

170 2980 183 3000 ²
208 2981 263 3014 Ita
289 2983 384 3014 recte
411 2979 555 3024 scripsit
582 2979 698 3013 Patris
722 2979 862 3013 Natalis
888 2979 1066 3019 librarius,
1094 2991 1207 3023 neque
1235 2979 1483 3023 corrigendum
1511 2981 1564 3013 est
1597 2980 1702 3021 „13“;
1730 2991 1810 3014 nam

54 3032 107 3067 13.
134 3033 278 3077 Aprilis,
314 3033 406 3076 quod
433 3035 510 3066 erat
536 3032 729 3065 Sabbatum
761 3035 936 3073 sanctum,
972 3032 1112 3066 Natalis
1139 3034 1325 3075 Augustae
1361 3032 1591 3069 versabatur:
1631 3032 1810 3076 Dilingam

50 3085 118 3119 ivit
144 3086 233 3120 feria
259 3087 291 3121 3.
318 3085 518 3125 Paschatis,
555 3086 614 3128 qui
651 3088 727 3119 erat
753 3085 785 3120 d.
814 3086 868 3119 16.
896 3085 1031 3130 Aprilis
1060 3086 1163 3130 (Epp.
1184 3087 1304 3119 Nadal
1334 3086 1379 3119 [Il
1406 3086 1545 3119 53*54
1572 3086 1709 3120 60—-61
1737 3086 1810 3129 80).

170 3140 182 3159 ³
209 3139 261 3173 De
287 3139 438 3173 iubilaeo
466 3139 519 3172 Pii
538 3137 591 3178 V.‚
627 3138 812 3172 Dominica
839 3138 1042 3172 Palmarum
1072 3139 1147 3172 sive
1175 3139 1205 3172 7.
1234 3138 1368 3182 Aprilis
1396 3139 1484 3173 1566
1520 3150 1539 3172 a
1567 3138 1708 3173 Canisio
1735 3151 1812 3183 pro-

51 3190 219 3234 mulgato,
247 3192 328 3226 vide
354 3203 462 3236 supra
488 3203 522 3236 p.
542 3192 610 3225 542
637 3194 672 3225 et
698 3192 790 3225 infra
816 3203 849 3235 p.
870 3192 949 3226 568.

121 3254 430 3287 Braunsberger,
452 3254 561 3280 Canisii
583 3254 736 3288 Epistulae
757 3256 786 3281 ot
805 3256 888 3281 Aeta.
918 3256 952 3280 V.
1485 3251 1527 3284 36
