2045 3471
539 205 634 238 Mon.
653 204 720 238 903
746 204 824 238 sive
850 215 926 237 var.
948 203 1038 247 (23).
1081 203 1136 237 26.
1155 202 1246 236 Nov.
1269 202 1369 236 1566.
1751 200 1836 241 843

198 323 297 366 Non
328 324 502 366 videtur
535 337 775 373 necessum,
817 325 866 364 ut
907 324 1080 364 tantum
1122 321 1423 363 contribuatur
1454 333 1532 373 pro
1566 318 1720 361 alendo
1753 331 1838 358 vno

81 388 244 430 nouitio
266 388 481 441 Monachij
514 388 558 430 in
590 402 637 430 re
670 387 904 441 praesenti,
939 389 1147 440 quantum
1180 400 1260 440 pro
1283 399 1367 427 vno
1400 384 1660 427 scholastico
1685 382 1839 425 alendo

81 454 193 495 solet
225 453 411 507 expendi
442 453 485 494 in
518 452 746 506 collegiol.

199 518 325 560 Jdem
358 517 643 559 Prouincialis
676 516 869 559 censebit
900 515 1197 570 particularia.

200 582 244 624 Si
276 586 393 625 esset
424 596 627 624 numerus
659 582 701 623 in
735 581 931 623 omnibus
963 580 1167 633 Collegijs
1200 580 1452 633 completus,
1486 579 1658 620 alentur
1688 576 1841 630 nouitij

82 646 297 700 Monachij
347 661 402 688 ex
447 647 768 689 contributione
813 645 1000 687 omnium
1047 644 1348 697 Collegiorum.
1413 644 1471 686 Et
1516 643 1559 684 in
1603 657 1653 684 eo
1697 656 1842 684 rerum

81 714 240 754 euentu
272 711 397 754 iuxta
428 711 641 754 rationem
682 710 1028 759 contributionis,
1070 709 1297 763 pauciores
1338 709 1457 751 alent
1499 707 1682 760 collegia
1714 720 1843 759 quam

82 776 282 818 solebant
314 789 369 817 ex
400 776 467 829 ijs,
502 776 571 829 qui
605 790 690 817 non
723 778 851 817 erunt
883 774 1116 827 necessarij
1149 774 1192 815 in
1215 773 1420 826 collegio;
1454 773 1522 814 Ad
1545 786 1670 826 quem
1692 785 1843 813 nume-

82 855 176 883 rum
209 841 552 882 necessariorum
584 841 619 882 si
651 840 865 890 venirent,
899 839 1003 881 nihil
1036 839 1220 881 soluent.

200 905 392 947 Definiat
423 905 706 947 Prouincialis
739 919 834 946 cum
866 904 1050 959 primum
1084 903 1256 945 venerit
1286 902 1575 952 Monachium,
1618 915 1843 943 numerum

82 970 371 1020 nouioiorum,
416 970 487 1023 qui
528 970 698 1024 possint
740 969 939 1011 habitare
980 969 1024 1010 in
1064 968 1138 1010 illo
1180 968 1384 1021 Collegio,
1428 969 1473 1009 et
1514 982 1609 1009 cum
1650 966 1705 1008 ad
1746 979 1842 1007 eum

82 1049 306 1077 numerum
347 1038 603 1089 peruentum
647 1035 729 1078 erit
769 1034 999 1077 mittentur
1040 1033 1113 1076 alii
1154 1033 1305 1086 nouitij
1348 1033 1528 1074 Romam
1571 1032 1626 1074 ad
1667 1031 1842 1073 Patrem

85 1101 340 1143 Generalem
354 1102 383 1143 2.

200 1166 227 1207 J
232 1166 329 1207 dem
362 1164 667 1207 obseruabitur
690 1165 742 1206 de
774 1164 872 1213 illis,
907 1163 1060 1216 quibus
1082 1163 1342 1204 leuabuntur
1365 1161 1549 1215 collegia
1570 1175 1648 1214 pro
1670 1162 1843 1203 susten-

83 1230 251 1272 tatione
283 1230 558 1279 nouitiorum,
592 1229 707 1271 Nam
739 1229 807 1270 hi⁸
832 1229 1013 1270 Romam
1046 1227 1178 1269 etiam
1210 1226 1486 1276 niittenturb3
1518 1226 1663 1267 nullus
1694 1228 1842 1267 tamen

84 1295 266 1337 Romam
308 1295 508 1337 mittetur
548 1294 629 1335 nisi
670 1293 789 1348 prius
831 1307 1065 1335 consensus
1106 1292 1152 1335 P.
1182 1291 1406 1334 Generalis
1446 1291 1672 1339 habeatur,
1716 1303 1843 1342 quem

85 1360 254 1403 curabit
286 1359 568 1401 Prouincialis
599 1359 771 1409 habere,
806 1361 1039 1410 antequam
1072 1357 1113 1398 in
1148 1371 1243 1398 eum
1276 1359 1479 1398 euentum
1511 1355 1712 1397 veniatur
1724 1355 1754 1396 3.

206 1446 339 1481 Exstat
366 1446 468 1487 (cod.
499 1446 561 1489 „G.
589 1447 652 1491 Ep.
671 1445 758 1479 V11“
789 1446 813 1480 f.
834 1445 917 1486 238)
954 1444 1205 1478 Instructionis
1241 1443 1313 1486 „De
1347 1443 1485 1477 ratione
1520 1446 1555 1476 et
1589 1443 1692 1476 modo
1726 1441 1845 1476 alendi

85 1500 249 1534 Nouitios
267 1500 467 1545 Monachij'‘
490 1499 693 1544 exemplum
712 1498 947 1543 archetypum
966 1510 1010 1531 ex
1030 1497 1221 1531 Germania
1247 1496 1429 1541 superiore
1446 1495 1594 1530 Romam
1614 1496 1658 1529 ad
1677 1495 1845 1537 Borgiam

85 1554 246 1595 missum,
274 1554 366 1597 quod
393 1553 558 1597 exemplo
583 1553 686 1586 modo
712 1552 829 1597 posito
855 1551 1039 1594 aliquanto
1057 1550 1203 1584 brevius
1222 1552 1286 1589 est,
1314 1552 1350 1583 et
1368 1550 1496 1589 minus,
1523 1549 1615 1592 quod
1639 1548 1682 1582 ad
1701 1547 1845 1590 singula

85 1610 277 1651 praecepta
295 1607 435 1647 attinet,
462 1606 701 1650 explicatuni;
728 1605 764 1638 in
783 1604 939 1638 secunda
965 1604 1041 1637 eius
1060 1603 1238 1637 sententia
1256 1606 1337 1647 post
1355 1603 1502 1636 verbum
1526 1601 1840 1646 „oenipontanum“

86 1660 174 1694 haec
200 1663 419 1703 sequuntur:
460 1660 625 1701 „tametsi
651 1659 694 1692 de
721 1657 968 1702 Oenipontano
995 1657 1192 1690 constituet
1222 1657 1357 1690 certius
1382 1656 1422 1689 P.
1440 1655 1583 1689 Natalis
1618 1666 1698 1688 cum
1724 1654 1847 1688 veniet

86 1714 130 1747 ad
157 1712 243 1747 illud
270 1712 496 1756 collegium“;
532 1712 632 1745 venit
666 1713 787 1745 autem
813 1722 858 1744 m.
880 1709 1025 1744 Octobri
1054 1709 1163 1749 1566;
1200 1721 1234 1743 v.
1261 1720 1371 1752 supra
1402 1720 1435 1753 p.
1463 1708 1542 1742 773.
1594 1707 1746 1741 Brevius
1780 1707 1847 1741 hoc

87 1766 290 1811 exemplum
328 1778 374 1799 m.
402 1765 491 1799 Iulio
528 1766 618 1799 1566
651 1777 671 1798 a
703 1763 833 1798 Natale
872 1763 1015 1806 Dilinga
1050 1763 1199 1796 Romam
1239 1763 1388 1796 missum
1427 1773 1506 1795 esse
1541 1760 1765 1803 intellegitur
1802 1772 1848 1794 ex

87 1819 240 1863 Borgiae
266 1819 397 1853 litteris
426 1819 478 1852 10.
498 1818 654 1861 Augusti
683 1818 772 1851 1566
799 1817 844 1850 ad
870 1816 1035 1850 Natalem
1063 1816 1157 1849 datis
1185 1815 1290 1859 (Epp.
1309 1816 1432 1848 Nadal
1457 1814 1507 1848 ΙΙΙ
1533 1814 1631 1856 209).
1682 1813 1847 1858 Explica-

87 1873 214 1907 tiorem
249 1875 369 1906 autem
404 1872 677 1905 instructionem
704 1869 855 1909 Natalis,
882 1869 1067 1913 Herbipoli
1102 1880 1147 1902 m.
1166 1868 1362 1902 Novembri
1390 1868 1480 1902 1566
1507 1867 1750 1911 compositam,
1787 1866 1846 1900 vel

88 1926 191 1970 Spira
217 1938 262 1960 m.
282 1925 470 1959 Decembri
499 1925 588 1958 1566
615 1923 673 1957 vel
699 1923 886 1966 Moguntia
912 1934 959 1956 m.
979 1921 1170 1956 Februario
1200 1921 1289 1955 1567
1317 1920 1376 1954 vel
1402 1932 1447 1954 ex
1482 1923 1634 1964 utroque
1660 1919 1736 1954 loco
1764 1920 1847 1953 Bor-

88 1980 168 2022 giae
186 1979 303 2018 misit:
332 1979 392 2022 qui
411 1990 499 2019 eam,
519 1977 612 2021 quod
631 1977 674 2010 ad
694 1976 885 2021 praecipua
904 1975 1022 2020 capita
1041 1975 1180 2016 attinet,
1204 1973 1370 2019 probavit
1390 1974 1428 2017 (l.
1448 1986 1476 2008 c.
1497 1974 1546 2007 ΠΙ
1565 1973 1633 2008 332
1660 1972 1846 2007 348—349

90 2033 158 2067 363
185 2032 282 2069 375).

210 2086 384 2118 Polaticus
411 2084 600 2118 Societatis
626 2082 843 2116 secretarius
870 2081 1086 2115 institutioni
1112 2080 1200 2114 haec
1226 2080 1338 2113 verba
1363 2079 1624 2123 *subscripsitz
1664 2078 1708 2121 „il
1733 2078 1847 2123 primo

89 2138 191 2172 modo
218 2151 236 2171 e
263 2138 363 2178 bono,
396 2137 454 2170 nel
481 2137 518 2170 2⁰
543 2136 570 2170 s’
590 2138 682 2170 hano
708 2138 803 2169 tutto
830 2135 854 2168 il
880 2146 1038 2173 numero,
1074 2133 1200 2167 vedasi
1236 2133 1354 2176 quello
1381 2132 1434 2166 ch’
1454 2144 1601 2170 auanza,
1637 2137 1673 2166 et
1698 2132 1851 2166 secondo

90 2191 207 2235 quello
233 2191 263 2224 si
290 2190 384 2224 facia
410 2189 707 2224 contributi01ie“.
758 2188 804 2221 Et
829 2188 864 2221 in
890 2186 1126 2221 institutionis
1152 2190 1255 2229 tergo
1282 2186 1379 2230 (pag.
1397 2187 1435 2229 4)
1464 2186 1622 2219 notavit:
1658 2196 1698 2227 „a
1724 2188 1852 2228 questo

89 2245 120 2279 si
146 2247 164 2278 e
192 2244 384 2289 prouist0“.

92 2355 200 2392 903
227 2357 304 2390 sive
331 2364 445 2390 var.
467 2353 602 2399 (23).
678 2352 733 2387 26.
753 2350 964 2387 Novembris
991 2350 1085 2386 1566.

210 2427 264 2461 Ex
291 2425 454 2470 exemplo
473 2425 678 2469 archetypo,
705 2435 725 2457 a
752 2422 790 2457 P.
812 2422 944 2456 Didaco
970 2422 1129 2456 ι1111101102
1159 2420 1193 2455 S.
1215 2422 1259 2461 J.,
1286 2420 1325 2454 P.
1345 2420 1554 2465 Hieronymi
1571 2419 1712 2454 Natalis
1737 2431 1852 2454 secre-

92 2480 182 2514 tario
208 2480 352 2523 scripto,
378 2491 398 2513 a
424 2478 553 2512 Natale
579 2489 624 2511 ex
648 2476 840 2511 Germania
865 2475 1013 2509 Romam
1041 2475 1085 2508 ad
1112 2474 1283 2508 Sanctum
1310 2474 1540 2508 Franciscum
1559 2473 1726 2516 Borgiam
1752 2484 1853 2517 prae·

92 2533 247 2578 positum
275 2531 477 2575 generalem
504 2531 625 2569 misso,
662 2541 682 2562 a
708 2529 746 2563 P.
767 2529 896 2562 Ioanne
927 2529 969 2561 de
998 2527 1152 2561 Polanco
1179 2527 1371 2561 Societatis
1405 2526 1597 2560 secretario
1625 2526 1758 2559 Romae
1793 2526 1852 2560 ad-

94 2585 336 2619 notationibus
363 2588 398 2617 et
417 2582 725 2617 emendationibus
744 2581 955 2625 quibusdam
977 2580 1167 2615 illustrato.
1212 2580 1296 2614 Cod.
1318 2579 1440 2622 „Nffl‘
1465 2580 1488 2613 f.
1509 2579 1691 2613 67³—69b.
1734 2578 1851 2613 Etiam

96 2639 156 2682 (ex
182 2639 305 2672 eodem
332 2636 512 2680 exemplo)
542 2636 576 2669 111
604 2635 691 2679 Epp.
719 2636 841 2668 Nadal
868 2634 916 2667 lV
943 2634 1143 2668 320—325.

213 2711 250 2742 P.
270 2709 412 2742 Natalis
426 2709 613 2751 provincia.
636 2707 850 2739 Germaniae
875 2706 1073 2747 superioris
1093 2706 1232 2737 visitata
1254 2704 1399 2737 Cam'sio
1416 2705 1621 2745 praeposito
1635 2704 1854 2746 provinciali

94 2765 199 2796 varia
224 2764 285 2795 dat
309 2765 497 2805 praecepta
515 2761 562 2792 ad
581 2761 725 2792 eandem
742 2760 962 2801 provinciam
989 2759 1176 2799 reyendam
1194 2759 1408 2800 spectantia:
1435 2757 1486 2790 De
1504 2757 1721 2789 absolutione
1743 2757 1854 2788 homi-

93 2828 177 2850 num
205 2818 244 2848 in
269 2815 441 2847 haeresim
466 2814 699 2855 relapsorum.
744 2813 796 2845 De
821 2812 962 2844 lectione
988 2812 1273 2844 constitutionum
1302 2812 1495 2843 Sor-fetatis.
1536 2810 1588 2842 De
1615 2809 1652 2842 P.
1673 2810 1853 2852 Swayerio

96 2870 280 2903 Societatis
305 2869 488 2900 desertore.
537 2867 589 2899 De
616 2867 729 2898 Sociis
756 2865 1029 2897 recreamlorum
1058 2866 1262 2896 animorum
1287 2863 1336 2895 *cel
1363 2874 1550 2905 corporum
1578 2873 1686 2895 causa
1712 2863 1750 2894 ‘in
1777 2863 1852 2895 alia

214 2947 243 2971 a)
262 2944 316 2967 llic
330 2951 346 2967 (ι
363 2943 393 2967 Ρ.
408 2943 538 2966 Jimenez
551 2949 642 2972 supra
660 2948 772 2965 versum
786 2940 926 2970 scriptum
942 2942 981 2963 es!
996 2939 1106 2968 etiam;
1126 2939 1199 2970 quoi!
1215 2941 1309 2962 tannen
1333 2939 1447 2962 verbum
1466 2941 1567 2968 postea
1588 2937 1783 2961 oblitteratum
1799 2941 1850 2962 est.

96 2984 127 3017 b)
150 2988 292 3015 Quattuor
313 2992 354 3008 vv.
374 2992 432 3014 sqq.
452 2991 469 3006 rr
490 2983 559 3007 Jim.
582 2983 610 3006 in
631 2983 762 3013 maryine
782 2982 884 3005 addita
905 2984 981 3004 secut.

220 3080 227 3099 ¹
255 3079 356 3112 Hanc
382 3077 597 3111 sententiam
623 3076 762 3110 Natalis
788 3079 913 3119 postea
939 3077 1098 3108 mutasse
1124 3073 1284 3109 videtur:
1314 3084 1346 3107 v.
1366 3072 1458 3106 infra
1485 3084 1516 3116 p.
1537 3073 1617 3107 846.

216 3132 229 3152 ²
255 3132 293 3165 P.
312 3132 463 3165 loannes
488 3132 529 3163 de
556 3130 707 3163 Polanco
743 3128 933 3162 societatis
968 3127 1184 3161 secretarius
1221 3127 1277 3160 1110
1312 3126 1347 3159 111
1374 3126 1535 3168 margine
1563 3127 1719 3160 notavit:
1762 3139 1851 3167 „non

97 3185 263 3219 maudino
289 3196 398 3218 senon
424 3184 505 3217 boni
531 3183 725 3226 subgetti“.
871 3183 883 3202 ³
909 3181 960 3215 Cf.
981 3181 1072 3214 infra
1099 3192 1131 3225 p.
1151 3180 1230 3214 547.
