2077 3461
244 191 299 231 46
721 189 822 224 1214.
850 188 1014 225 canisius
1041 190 1075 225 S.
1094 190 1284 225 Francisco
1311 191 1353 225 de
1379 191 1522 235 Borgia.

359 307 622 361 Jngolstadij
646 322 758 349 nunc
779 308 941 351 Rector
970 312 1036 352 est
1067 309 1293 352 institutus
1326 310 1377 353 D.
1402 310 1614 362 Andreas,
1648 311 1760 354 sicut
1791 312 1880 354 suis
1911 312 2003 367 ipse

240 371 379 414 literis
401 371 636 415 testabitur
668 387 774 426 quas
807 373 1024 417 adiunxil.
1069 374 1289 427 Dilingam
1320 388 1424 416 uero
1456 375 1640 429 perduxi
1662 376 1842 419 fratrem
1857 377 1886 427 2,
1920 391 2003 431 quo

240 439 436 491 tempore
477 437 671 490 grauiter
711 438 940 481 laborabat
973 439 1022 481 D.
1056 439 1270 480 Henricus
1287 440 1315 490 3,
1357 439 1540 481 multum
1580 441 1803 494 sanguinis
1846 441 2003 484 iterum

241 515 446 556 expuens,
480 504 529 544 ut
560 502 663 545 licet
695 503 914 545 Coloniam
947 503 1112 553 redeat,
1154 505 1300 546 tamen
1342 503 1405 546 illi
1446 507 1588 547 tutum
1629 519 1714 547 non
1747 506 1804 548 sit
1835 505 2003 560 publice

242 566 500 621 concionarj,
544 567 656 610 sicut
696 568 888 610 Medicus
931 568 1182 611 arbitratur.
1247 568 1351 610 Cum
1392 583 1496 610 uero
1536 569 1806 612 Cardinalem
1849 584 2004 612 conue-

240 631 413 682 nissem,
448 632 539 674 dies
572 634 639 674 est
666 632 921 675 institutus4
944 633 998 674 ad
1020 633 1120 675 noui
1142 633 1340 675 Rectoris
1363 634 1597 675 soleinnem
1621 634 1965 688 designationem
1975 641 2002 679 ².

240 697 392 750 anue
424 711 567 739 coram
600 700 693 740 toto
727 697 964 751 Gymnasio
1007 701 1051 740 et
1083 698 1337 751 quibusdam
1371 698 1606 741 Comitibus
1639 699 1840 742 adiuncto
1873 700 2002 741 etiam

243 766 373 805 cantu
415 762 576 804 musico
619 766 799 817 peracta
839 763 943 814 fuit,
989 766 1038 805 vt
1078 763 1321 805 huiusmodi
1359 764 1629 806 ceremoniae
1661 765 1868 806 maiorem
1907 764 2005 806 huic

242 827 455 870 functioni
487 827 697 870 adderent
730 827 1053 871 authoritatem.
1119 828 1187 870 Sic
1220 828 1358 870 uisum
1392 832 1459 871 est
1492 829 1722 883 Cardinalj,
1765 832 1814 872 ut
1844 830 2004 872 Rector

242 892 361 947 prior
392 892 642 934 abdicaretb
675 906 721 934 se
753 907 830 934 suo
863 893 1051 946 munerjc
1085 891 1161 947 [?],
1196 896 1240 935 et
1265 893 1546 935 Prouincialis
1578 894 1722 947 palam
1756 894 2004 948 designaret

241 957 356 999 illius
388 971 693 1007 successorem,
729 958 794 1011 cuj
829 957 961 999 etiam
992 957 1179 1011 insignia
1211 958 1461 1000 Rectoralia
1494 959 1754 1001 conferret-1⁵,
1796 959 2004 1001 Dominus

243 1023 351 1064 bene
392 1025 538 1064 uertat
579 1022 690 1064 hanc
733 1022 1038 1073 mutationem,
1087 1037 1214 1076 quam
1258 1023 1530 1077 profuturam
1571 1038 1696 1078 spero
1739 1037 1824 1065 non
1865 1024 2003 1066 solum

243 1087 415 1137 nostris,
449 1087 525 1129 sed
559 1087 690 1130 etiam
722 1087 804 1130 toti
837 1088 1112 1130 Academiae.

360 1152 442 1205 Egi
487 1165 581 1193 cuni
626 1152 775 1194 eodem
817 1153 1066 1203 Cardinale,
1109 1156 1157 1195 ut
1198 1152 1509 1195 Canonicorum
1553 1153 1678 1195 huius
1720 1152 2002 1206 Augustanae

242 1217 464 1258 Ecclesiae
506 1230 761 1258 consensum
804 1218 858 1259 ad
904 1231 975 1259 res
1016 1217 1184 1271 collegij
1227 1217 1491 1272 Dilingensis
1535 1218 1670 1260 solide
1714 1218 2004 1261 instituendas

240 1283 412 1336 peteret
444 1282 565 1323 nobis
598 1284 729 1335 atque
760 1282 1028 1336 impetraret,
1069 1285 1298 1336 praeterea
1330 1286 1378 1325 ut
1410 1283 1464 1324 ad
1496 1282 1794 1325 fundationem
1827 1287 1871 1325 et
1903 1298 2002 1338 pro-

241 1349 396 1389 uentus
429 1347 599 1400 collegij
643 1347 782 1400 magis
824 1362 950 1401 quam
992 1347 1046 1389 ad
1087 1350 1335 1390 structurae
1377 1347 1661 1390 fundamenta
1701 1347 1896 1390 iacienda
1937 1348 2001 1390 in-

239 1412 470 1454 cumberet.
516 1412 706 1453 Adiunxi
740 1426 869 1465 quam
900 1413 1093 1454 futurum
1127 1415 1243 1455 esset
1275 1412 1461 1462 difficile,
1495 1416 1668 1455 nostros
1701 1413 2001 1467 praesentibus

238 1476 304 1518 his
337 1477 536 1519 oneribus
570 1477 640 1519 diu
663 1478 812 1531 premj,
847 1480 978 1531 atque
1010 1477 1053 1519 in
1083 1477 1319 1519 laborando
1342 1491 1536 1531 pergere,
1570 1477 1641 1518 ubi
1674 1478 1793 1519 nulla
1825 1478 2000 1532 Collegij

239 1543 360 1584 certa
400 1541 610 1595 principia
651 1541 892 1584 uideremus
931 1546 1108 1593 extare,
1151 1556 1201 1584 ac
1242 1542 1498 1596 praesertim
1540 1555 1618 1583 nos
1659 1542 1869 1584 moriente
1907 1542 2001 1596 ipso

240 1605 476 1660 Episcopo,
522 1606 626 1648 nihil
668 1606 849 1657 habere,
894 1610 1200 1662 praeterquam
1245 1608 1328 1649 800
1370 1607 1555 1648 florenos
1596 1606 1639 1648 in
1680 1607 1865 1648 fratrum
1906 1621 2000 1648 sus-

237 1671 548 1713 tentationem:
592 1672 699 1713 satis
740 1674 867 1714 notos
908 1686 1003 1714 esse
1041 1673 1351 1714 Canonicorum
1393 1671 1571 1721 animos,
1615 1671 1683 1725 qui
1727 1672 1838 1713 male
1877 1672 2000 1714 nobis

238 1736 413 1787 uellent,
456 1740 501 1779 et
540 1750 623 1777 uno
666 1735 733 1777 die
774 1750 950 1789 prorsus
992 1736 1164 1777 abolere
1197 1739 1388 1790 possent,
1432 1735 1632 1788 quicquid
1664 1749 1741 1777 nos
1774 1738 1905 1777 antea
1936 1735 2000 1776 in-

240 1800 514 1843 choassemus
556 1804 686 1853 atque
728 1800 1074 1843 seminassemus.
1138 1801 1298 1842 Passus
1340 1803 1408 1842 est
1447 1800 1581 1853 igitur
1613 1800 1853 1842 Cardinalis
1894 1814 1999 1842 uera

240 1879 334 1907 esse
376 1879 485 1918 quae
527 1865 734 1907 dicerem:
780 1879 825 1906 se
874 1879 975 1907 uero
1026 1868 1275 1907 curaturum
1326 1868 1424 1919 post
1471 1864 1638 1906 Pascha
1685 1865 1905 1919 promisit,
1950 1869 1999 1908 ut

239 1931 463 1984 Augustae
484 1932 690 1980 tentaret,
725 1932 770 1972 et
802 1931 942 1983 quoad
975 1930 1065 1972 eius
1097 1930 1188 1972 fieri
1221 1934 1382 1984 posset,
1417 1929 1496 1971 sibi
1519 1929 1725 1982 nobisque
1749 1930 1998 1973 conciliaret

241 1995 406 2037 animos
439 1995 762 2045 Canonicorum,
798 1998 845 2038 ut
878 1998 996 2037 certo
1038 1995 1258 2045 sciremus,
1305 1995 1405 2048 quid
1449 1999 1740 2047 quantumque
1782 1995 1904 2036 nobis
1946 1995 1997 2036 de

238 2060 322 2102 illis
355 2060 608 2114 promittere
640 2061 865 2114 possimus.
929 2061 1042 2102 Nam
1084 2061 1175 2102 sine
1216 2060 1385 2101 illorum
1428 2074 1636 2101 consensu
1669 2064 1800 2112 atque
1831 2060 1995 2110 fauore,

240 2125 441 2178 quicquid
472 2125 639 2168 tentatd
672 2139 721 2166 ac
754 2125 970 2179 promittit
1003 2126 1242 2167 Cardinalis
1283 2126 1494 2166 infirmum
1537 2138 1631 2166 esse
1672 2125 1774 2166 mihi
1813 2124 1995 2176 uidetur,

240 2190 496 2244 praesertim
529 2204 623 2232 cum
658 2191 723 2231 uir
755 2191 889 2231 bonus
929 2194 1156 2244 praestare
1196 2205 1280 2232 non
1318 2190 1468 2244 possit,
1511 2203 1620 2242 quae
1660 2189 1704 2230 in
1744 2190 1996 2231 fundatione

239 2256 334 2309 ipsa
374 2255 583 2309 promisit,
628 2255 679 2296 de
721 2255 885 2296 alendis
929 2257 982 2297 70
1015 2255 1236 2305 fratribus,
1283 2259 1327 2297 et
1368 2256 1419 2296 de
1461 2255 1648 2297 dotando
1683 2254 1884 2307 Collegio,
1928 2255 1994 2309 cuj

240 2322 353 2362 3000
376 2321 492 2362 flor.e
525 2319 755 2373 quotannis
787 2320 1044 2372 pendantur.
1087 2320 1240 2373 Neque
1267 2323 1370 2374 puto
1394 2320 1599 2369 futurum,
1635 2322 1681 2362 ut
1703 2320 1849 2361 multis
1873 2320 1995 2361 annis

238 2387 409 2428 tantum
440 2387 636 2440 praestet
666 2385 778 2425 idem
802 2384 1053 2435 Cardinalis,
1088 2385 1158 2438 qui
1191 2385 1335 2439 pergit
1367 2384 1639 2437 magnificam
1672 2384 1818 2426 fouere
1852 2385 1993 2426 aulam

239 2450 550 2504 sumptuosius,
598 2463 726 2502 quam
770 2451 818 2490 ut
863 2449 1121 2492 domesticos
1167 2450 1297 2492 etiam
1345 2450 1460 2491 alere
1502 2449 1651 2503 possit.
1715 2449 1806 2491 Nos
1847 2450 1994 2491 multis

238 2515 600 2558 admonitionibus
633 2514 714 2555 huc
738 2528 872 2566 usque
895 2515 1007 2568 apud
1030 2514 1171 2556 illumr
1199 2514 1303 2556 nihil
1325 2515 1583 2568 proficimus.
1628 2514 1814 2556 ι1111611111
1847 2517 1994 2568 sperat

355 2590 382 2616 a)
405 2590 451 2615 Sic
471 2590 499 2614 C.
519 2597 571 2613 sna
593 2596 679 2612 mrtnic
701 2588 828 2612 corrasit
854 2596 889 2611 es
909 2587 1143 2617 institutionem,
1170 2589 1243 2619 quor]
1272 2597 1295 2613 r.
1316 2590 1382 2613 Em.
1399 2592 1550 2620 posuerat.
1624 2588 1653 2619 b)
1674 2590 1699 2613 A
1722 2589 1749 2612 C.
1771 2589 1832 2619 ipso
1858 2596 1931 2613 corr.
1957 2597 1994 2613 ez·

237 2629 411 2663 applicaret.
485 2632 510 2661 e)
538 2631 601 2657 Sic,-
627 2630 809 2654 scribendum
834 2631 945 2660 fuerat,
972 2630 1029 2653 nisi
1054 2631 1163 2660 fallor:
1189 2637 1324 2656 munere.
1398 2629 1426 2660 d)
1454 2632 1518 2655 Duo
1547 2638 1586 2654 cv.
1607 2638 1665 2661 sqq.
1692 2630 1726 2653 ab
1754 2630 1815 2660 ipso
1836 2632 1863 2654 C.
1890 2630 1993 2654 addita

386 2673 412 2704 e)
434 2673 479 2696 Ita
501 2674 528 2696 ζ’.
551 2672 612 2702 ipse
633 2672 760 2695 correzcit
780 2679 815 2695 ω·
836 2669 901 2696 duc.
974 2670 1003 2701 f)
1031 2671 1151 2695 Verbum
1179 2679 1300 2702 sequens
1330 2672 1364 2695 ab
1396 2672 1459 2703 ipso
1480 2673 1507 2696 C.
1529 2672 1660 2695 additum
1682 2674 1730 2695 est.

357 2753 367 2772 ¹
394 2752 432 2785 P.
462 2753 626 2785 Andreas
652 2754 878 2786 Acantianus
912 2751 947 2785 in
983 2751 1038 2785 his
1065 2751 1234 2793 *litteris,
1267 2753 1322 2786 27.
1350 2752 1471 2786 Martii
1500 2753 1589 2786 1565
1615 2752 1658 2785 ad
1686 2752 1852 2795 Borgiam
1880 2753 1992 2786 datis:

239 2804 404 2846 „Jniti0“,
432 2805 557 2848 inquit,
589 2803 913 2848 „Quadragesimae
933 2805 1197 2848 Jngolstadium
1218 2805 1339 2849 petiui,
1358 2806 1417 2839 ubi
1436 2808 1609 2850 exceptus
1628 2816 1704 2839 sum
1723 2805 1992 2848 humanissime,

236 2857 282 2890 Et
308 2869 387 2891 cum
414 2858 453 2891 P.
481 2858 631 2891 Rectore
666 2869 730 2902 per
756 2859 776 2892 8
803 2858 879 2892 dies
907 2858 949 2892 de
983 2857 1089 2891 rebus
1115 2858 1190 2891 fere
1217 2858 1381 2892 omnibus
1408 2858 1538 2892 contuli
1577 2869 1666 2902 quae
1693 2859 1736 2891 ad
1773 2869 1846 2891 rem
1872 2858 1991 2892 facere

236 2910 468 2944 videbantur“
501 2910 562 2953 (ex
588 2913 728 2953 autogr.
760 2910 822 2952 „G.
850 2911 912 2955 Ep.
940 2910 1024 2951 V1“‚
1052 2910 1075 2944 f.
1104 2911 1192 2953 76³).

355 2963 367 2983 2
403 2962 489 2996 Cum
529 2962 747 2997 Theodorico
785 2964 897 2997 fratre
932 2965 1098 3006 Augusta
1136 2963 1317 3007 Dilingam
1356 2965 1456 2998 venit
1498 2964 1552 2998 26.
1588 2963 1728 3004 Martii3
1776 2963 1857 2997 vide
1898 2964 1991 2997 infra

235 3027 390 3049 monum.
418 3015 477 3048 dil.
504 3014 570 3057 (4).

358 3069 370 3087 ³
395 3067 601 3112 Dionysius.
751 3071 763 3088 ⁴
790 3069 846 3103 29.
873 3069 1012 3109 Martii:
1040 3069 1122 3103 vide
1148 3070 1242 3103 infra
1267 3082 1359 3104 mon.
1387 3070 1445 3104 dil.
1475 3069 1527 3112 (4)
1560 3069 1624 3111 (5).

355 3122 368 3141 ⁵
393 3120 432 3154 P.
459 3120 701 3155 Theodoricus
728 3121 891 3156 Canisius
918 3125 953 3156 et
978 3122 1226 3156 universitatis
1252 3126 1287 3157 et
1313 3122 1455 3165 collegii
1483 3122 1671 3156 Societatis
1707 3125 1741 3155 et
1767 3122 1987 3156 contubernii

237 3175 270 3208 S.
298 3173 507 3218 Hieronymi
533 3175 650 3207 rector
675 3173 863 3208 institutus
890 3177 963 3215 est;
989 3175 1071 3209 vide
1097 3186 1205 3219 supra
1232 3187 1264 3219 p.
1295 3177 1347 3209 11.
