2045 3471
242 195 343 230 1322.
372 194 538 230 Canisius
563 196 800 239 Magdalenae
826 195 960 230 archid.
1003 194 1169 236 Augusta
1186 193 1293 227 Vind.
1322 193 1375 227 11.
1395 193 1482 227 Maii
1511 192 1612 227 1566.
1729 195 1812 235 261

50 314 222 358 scriptam
248 313 289 347 P.
315 314 518 347 Laclorz'eus
543 314 709 356 Delplace
735 312 769 347 S.
798 314 830 348 J.
858 324 930 347 una
955 323 1036 346 cum
1062 310 1228 345 versione
1254 310 1367 344 latina
1394 322 1414 344 a
1440 322 1478 344 se
1506 309 1713 354 conscripta
1738 308 1815 343 vul-

51 366 154 410 gavit
178 367 215 400 in
245 367 448 408 „Analectt's
472 365 754 406 Bollandianis“‚
781 366 820 400 T.
835 366 904 399 VII
930 365 1087 400 secundo
1112 363 1200 405 1000,
1227 363 1306 398 sive
1328 375 1361 408 p.
1381 363 1541 404 50—56;
1569 363 1613 397 ad
1632 362 1814 397 Canisium

50 422 171 453 tamen
198 430 276 453 eam
302 419 450 452 missam
477 429 556 452 esse
583 418 735 452 dixerim
752 419 812 453 vel
830 419 949 452 italice
968 418 1028 452 vel
1046 417 1156 451 latine
1179 417 1362 461 scriptam.
1406 417 1474 450 Hic
1499 427 1606 450 unam
1633 416 1709 450 eius
1735 426 1814 460 par-

50 472 197 506 ticulam
233 472 434 516 ponendam
469 482 549 505 esse
585 471 771 511 existimo;
809 483 850 506 ea
886 471 979 505 enim
1014 471 1057 505 de
1082 470 1122 505 P.
1150 469 1324 512 Gregorio
1351 469 1509 503 Roseffio
1536 469 1570 504 S.
1600 469 1632 504 J.
1661 470 1726 509 est,
1753 467 1816 512 qui

51 525 193 560 Canisio
219 525 321 559 brevi
356 525 392 558 in
428 524 647 559 cathedralis
682 524 855 559 ecclesiae
881 526 1106 568 augustanae
1140 534 1242 557 sacro
1269 525 1458 565 suggestu,
1493 524 1602 566 atque
1628 522 1814 566 aliquanto

50 580 132 623 post
157 578 266 612 etiam
291 578 328 611 in
354 577 550 623 praepositi
576 577 807 622 provincialis
833 578 951 612 officio
970 588 1205 612 successurus
1223 578 1318 616 erat:
1347 577 1455 619 atque
1474 575 1598 609 eadem
1618 573 1814 608 verisimile

51 631 216 673 efficitur,
243 643 335 665 anno
356 631 447 665 1566
473 630 509 664 in
535 630 623 675 ipsis
651 630 799 665 aedibus
825 631 1019 676 pontificiis
1038 629 1172 664 Canisii
1198 629 1458 664 catechismum
1485 628 1705 672 explicatum
1724 638 1813 661 esse.

49 684 148 719 Haec
174 686 295 719 autem
321 695 554 729 praemoneo:
591 685 747 727 Bor-{sias
771 684 884 718 Roma
911 685 966 719 27.
985 684 1122 729 Aprilis
1151 683 1240 718 1566
1267 684 1470 726 Augustam
1506 682 1550 715 ad
1577 681 1744 715 Natalem
1772 681 1814 714 de

49 737 207 772 Roseffio
234 737 368 771 Romae
394 737 546 781 degente
572 737 737 781 scripsit:
778 736 845 779 „Su
882 737 1053 771 Santidad
1089 736 1288 770 informado
1324 735 1380 770 del
1406 735 1499 769 buen
1529 734 1648 768 fructo
1673 745 1742 778 que
1768 732 1815 766 ha

48 790 163 824 hecho
189 802 255 825 con
281 790 335 824 los
362 790 545 824 Tudescos
571 790 614 824 de
639 801 683 824 su
709 790 860 833 guardia
886 792 965 824 esta
991 801 1181 834 quaresma
1205 789 1239 823 le
1265 789 1312 823 ha
1336 788 1518 823 mostrado
1545 787 1718 822 uoluntad
1746 798 1814 830 que

49 843 182 887 alguna
216 854 280 877 uez
315 843 369 877 les
402 843 575 888 predique
611 846 687 877 este
713 844 866 877 nerano*
898 843 959 887 (ex
987 843 1142 888 epistula
1169 842 1377 887 archetypa,
1414 852 1506 886 quae
1532 841 1568 874 in
1596 839 1680 874 Cod.
1710 839 1810 882 „EB“

50 908 82 930 n.
113 897 181 932 174
206 899 348 937 exstat;
384 896 493 930 etiam
519 896 555 930 in
581 895 671 941 Epp.
698 897 821 930 Nadal
846 896 897 930 III
924 896 998 939 86).
1049 896 1248 930 Roseffium
1283 895 1394 938 igitur
1422 895 1598 929 Polancus
1623 893 1814 937 significat,

50 961 131 984 cuni
157 950 194 984 in
223 950 509 992 „communibus“
540 949 613 983 illis
639 949 773 983 litteris
800 952 955 983 exeunte
982 962 1026 984 m.
1053 949 1170 994 Aprili
1199 949 1289 983 1566
1316 948 1411 983 datis
1437 949 1480 982 de
1507 947 1541 982 S.
1568 946 1632 981 Pio
1651 946 1695 981 V.
1713 945 1814 986 haec,

50 1005 195 1048 praeter
221 1003 302 1043 alia,
338 1003 469 1038 refert:
511 1002 672 1047 „Porque
707 1002 761 1036 los
797 1003 963 1037 soldados
998 1003 1041 1036 de
1068 1014 1110 1037 su
1136 1002 1297 1046 guardia,
1333 1013 1402 1046 que
1438 1013 1502 1035 son
1527 1000 1732 1039 Alemanes,
1769 1010 1814 1032 no

50 1056 176 1090 fuesen
202 1056 372 1101 privados
408 1056 450 1090 de
486 1056 521 1090 la
556 1056 675 1100 ayuda
711 1056 768 1089 del
794 1056 904 1090 verbo
932 1056 1062 1096 divino,
1098 1056 1194 1101 pidio
1229 1067 1299 1089 uno
1335 1055 1378 1089 de
1404 1056 1571 1088 nuestros
1597 1052 1813 1094 sacerdotes,

51 1120 120 1153 que
146 1120 190 1143 en
215 1121 286 1143 una
313 1109 443 1154 capilla
470 1109 527 1143 del
553 1109 692 1153 palacio
719 1108 772 1143 les
798 1109 953 1153 predico,
979 1111 1080 1143 tanto
1107 1111 1128 1142 a
1154 1109 1242 1143 ellos
1261 1119 1361 1142 como
1388 1110 1408 1142 a
1426 1119 1488 1142 sus
1505 1107 1662 1152 mujeres
1679 1118 1704 1152 y
1721 1105 1815 1151 hijos

52 1174 95 1196 en
120 1162 228 1206 lenga
254 1162 418 1196 Tudesca
443 1174 467 1207 y
493 1162 546 1196 les
573 1162 706 1206 espli06
734 1161 767 1196 el
793 1162 986 1196 catecismo
1013 1161 1163 1196 catolico
1190 1173 1256 1195 con
1281 1163 1384 1195 tanta
1415 1160 1645 1195 satisfaccion
1671 1171 1696 1204 y
1721 1158 1815 1192 buen

49 1215 168 1250 fructo
194 1216 237 1249 de
263 1215 363 1256 ellos,
390 1227 459 1260 que
485 1215 622 1249 cuando
649 1215 804 1260 despues
830 1215 872 1249 de
898 1226 1033 1259 pascua
1059 1216 1118 1249 fue
1145 1216 1165 1248 a
1190 1215 1295 1249 besar
1322 1214 1354 1248 el
1372 1215 1428 1259 pie
1456 1214 1498 1247 de
1517 1212 1565 1247 Su
1583 1212 1754 1247 Santidad
1781 1211 1814 1245 le

51 1270 185 1303 inostro
220 1269 375 1313 especial
411 1280 511 1303 amor
534 1280 558 1313 y
586 1268 618 1302 10
645 1268 861 1302 encomendo
889 1280 958 1312 que
985 1270 1006 1302 a
1031 1268 1065 1302 lo
1091 1280 1214 1302 menos
1240 1279 1311 1302 una
1337 1279 1402 1301 vez
1437 1267 1471 1301 31
1502 1278 1579 1300 mes
1605 1267 1815 1300 continuase

52 1322 94 1356 de
120 1321 358 1367 predicarles“
393 1322 581 1365 (Analecta
607 1321 630 1356 l.
650 1333 679 1356 0.
699 1322 773 1365 51).

172 1375 307 1410 Eodem
342 1378 503 1419 tempore
528 1376 684 1419 Bor-qius
718 1387 780 1420 per
815 1386 954 1409 omnem
982 1374 1198 1409 Societatem
1233 1374 1429 1415 mandavit,
1464 1375 1505 1407 ut
1538 1384 1601 1418 pro
1628 1371 1661 1406 S.
1689 1370 1753 1404 Pio
1772 1370 1814 1404 V.

51 1428 186 1471 singuli
212 1428 404 1462 Societatis
439 1428 646 1463 sacerdotes
671 1428 826 1471 singulis
852 1428 1086 1462 hebdomadis
1111 1428 1243 1462 missae
1269 1427 1486 1461 sacrificium
1512 1426 1700 1465 offerrent;
1736 1423 1815 1457 *ita

51 1482 144 1516 enim
171 1482 281 1516 habet
307 1482 390 1516 Cod.
423 1481 566 1524 „Def.“:
601 1482 714 1523 „1566
743 1508 750 1516 .
778 1482 809 1515 A
836 1481 870 1515 di
897 1481 953 1516 29.
981 1482 1014 1515 di
1041 1481 1165 1526 Aprile
1191 1481 1313 1514 ordine
1340 1480 1374 1514 di
1399 1479 1676 1514 raccomandare
1703 1479 1723 1511 a
1748 1477 1814 1510 Dio

53 1534 87 1569 S.
114 1535 255 1570 Santita
292 1537 328 1569 et
353 1535 419 1569 che
445 1536 529 1578 ogni
556 1534 749 1569 Sacerdote
775 1534 914 1569 dicesse
939 1546 1010 1568 una
1035 1546 1155 1569 messa
1180 1546 1244 1579 pei·
1269 1534 1353 1577 ogni
1379 1533 1573 1567 settimana
1607 1531 1723 1565 insino
1749 1530 1814 1564 che

51 1588 82 1622 si
109 1588 168 1623 dia
195 1588 288 1623 altro
313 1588 436 1622 ordine
462 1588 688 1633 dapertutto“
722 1588 858 1631 (Messe
877 1615 884 1622 .
905 1615 911 1622 .
933 1615 938 1621 .
959 1599 1023 1632 per
1048 1587 1073 1633 lj
1094 1586 1327 1628 Benefattori,
1353 1586 1389 1620 in
1417 1597 1448 1620 a.
1467 1586 1588 1629 1566).

51 1708 202 1745 1322.
317 1710 534 1745 CANISIUS
584 1710 879 1744 VENERABILI
927 1705 1430 1750 MAGDALENAE,
1481 1706 1651 1740 Austriae
1700 1706 1813 1740 archi—

217 1764 393 1799 ducissae.
981 1764 1148 1806 Augusta
1173 1762 1440 1796 Vindelicorum
1470 1761 1524 1795 11.
1552 1760 1638 1794 Maii
1667 1760 1770 1794 1566.

170 1833 226 1867 Ex
263 1832 303 1868 P.
329 1833 472 1867 Natalis
515 1833 680 1878 epistulis
723 1833 931 1878 archetypis
972 1833 1031 1876 (ab
1070 1833 1147 1878 ipso
1182 1831 1426 1876 subscriptis),
1461 1842 1553 1876 quae
1596 1832 1741 1865 exstant
1783 1830 1816 1864 in

52 1885 136 1920 Cod.
167 1886 270 1928 „EN“
300 1898 332 1921 n.
364 1887 429 1921 125
459 1886 537 1921 128.
587 1886 729 1920 Natalis
765 1887 942 1931 epistulae
980 1897 1025 1920 ex
1063 1885 1273 1930 archetypis
1310 1885 1465 1930 primum
1504 1884 1621 1918 editae
1659 1886 1744 1918 sunt
1782 1883 1817 1917 in

51 1939 140 1985 Epp.
168 1940 291 1973 NacZaZ
318 1940 368 1973 III
397 1939 582 1974 115—121
614 1940 811 1974 132—134.

170 2011 290 2054 Ipsam
316 2015 421 2054 atque
446 2011 692 2053 Marsyae-itam
719 2015 748 2044 et
774 2011 946 2044 Helenam
970 2021 1112 2044 sorores
1137 2014 1272 2043 monet:
1302 2011 1344 2044 Sa·
1371 2010 1556 2043 Societatesss
1580 2007 1819 2041 sacerdotibus

47 2069 194 2107 peccata
221 2064 381 2105 confiteri
406 2064 523 2107 velint,
559 2074 691 2097 neeesse
716 2075 796 2106 esse,
826 2075 918 2097 anns
944 2065 1186 2106 confessarius
1211 2064 1297 2106 ipsis
1322 2064 1367 2096 sit
1393 2063 1597 2103 commanis,
1632 2063 1730 2104 isque
1756 2064 1818 2094 aut

52 2118 92 2152 P.
118 2118 287 2161 Dyr-sins,
313 2121 376 2149 ant
402 2117 441 2150 P.
468 2117 672 2160 Halbpaur.
719 2118 818 2159 Quod
843 2119 875 2150 se?
900 2118 941 2150 de
966 2121 1092 2150 neutro
1118 2118 1211 2150 inter
1238 2117 1333 2160 ipsas
1359 2117 1567 2157 convenerit,
1590 2114 1748 2157 proponi
1772 2113 1819 2146 iis

54 2171 93 2204 P.
121 2171 326 2211 Lanoz'am;
361 2170 455 2203 hunc
490 2174 607 2203 tamen
637 2171 853 2204 Germaniae
877 2171 1074 2214 superioris
1109 2170 1234 2213 linqua
1260 2169 1359 2202 haud
1384 2170 1437 2202 ita
1463 2169 1544 2202 bene
1568 2169 1631 2201 uti.
1685 2166 1818 2200 Suadet

53 2224 188 2266 deinde,
224 2227 262 2256 ut
290 2234 358 2266 per
384 2225 405 2256 3
431 2223 505 2256 dies
528 2223 654 2256 missas
680 2225 926 2267 orationesque
951 2225 1120 2256 dicendas
1145 2226 1269 2256 carent
1304 2233 1346 2255 ac
1365 2226 1500 2265 postea,
1538 2221 1634 2254 nullo
1661 2219 1817 2253 consulto

54 2281 157 2320 atque
181 2276 350 2309 hamanis
367 2276 570 2309 rationibus
595 2276 765 2320 sepositis,
793 2279 901 2320 ipsae,
929 2278 1015 2320 qnid
1041 2278 1080 2310 in
1098 2278 1267 2310 maiorem
1287 2276 1356 2309 Dei
1377 2276 1532 2318 gloriam
1559 2284 1737 2307 cessat-nm
1760 2272 1817 2316 sit,

54 2331 279 2363 constituant.

173 2383 211 2416 P.
248 2383 490 2425 Hieronymus
527 2382 671 2414 Natalis
709 2382 894 2415 Societatis
930 2384 1093 2416 visitator
1136 2384 1172 2415 in
1212 2379 1485 2426 „Postscripto“,
1521 2380 1613 2423 qnod
1650 2378 1818 2422 epistulae

55 2437 217 2479 Auyasta
245 2439 298 2469 11.
326 2436 421 2469 Mati
447 2437 540 2468 1566
574 2435 622 2468 ad
649 2435 683 2468 S.
711 2436 947 2468 Franciseam
983 2437 1025 2469 de
1059 2436 1195 2479 Boryia
1226 2436 1470 2478 praepositam
1492 2433 1688 2476 yeneralem
1716 2432 1753 2465 S.
1780 2431 1816 2464 J.

55 2500 77 2521 (ι
111 2500 146 2522 se
181 2490 286 2522 datae
317 2489 498 2531 adiunxit,
537 2488 621 2520 Ilaec
646 2488 781 2521 rettulit
816 2489 857 2521 de
883 2489 1113 2532 M‘aydalena,
1140 2489 1358 2531 Illargsarz'ta,
1395 2488 1529 2520 Helena
1564 2485 1817 2518 archidacissis

58 2542 249 2586 Oeniponte
288 2542 499 2585 deyentibas,
539 2552 629 2584 (succe
665 2542 862 2575 sacerdotes
900 2543 1086 2576 Societatz‘s
1123 2542 1190 2574 siba·
1227 2552 1248 2573 a
1287 2541 1402 2574 sacris
1435 2539 1711 2581 confessionibus
1748 2547 1817 2570 esse

55 2606 263 2639 maynopere
298 2596 496 2638 cupiebant,
534 2596 583 2627 lfa
620 2598 747 2638 tamen,
784 2599 821 2628 ut
854 2596 974 2638 prima
1000 2596 1038 2628 P.
1068 2596 1226 2628 Hermen?
1252 2594 1445 2636 Iisdbpam·
1480 2593 1704 2635 reliquarum
1739 2601 1815 2623 con-

57 2649 210 2689 fessario
239 2649 457 2692 (Amyn-stam
495 2648 617 2690 paullo
652 2651 733 2680 ante
767 2649 937 2690 evocato),
971 2649 1124 2681 secanda
1153 2650 1203 2689 (et
1228 2649 1345 2688 tertia,
1374 2651 1408 2679 ut
1437 2646 1590 2685 videtur)
1618 2644 1656 2677 P.
1684 2644 1817 2677 Ioanni

56 2702 191 2745 Dyrsio
209 2702 444 2744 Illagsdalenae
462 2702 680 2742 confessario
698 2701 827 2733 nollent
845 2703 1026 2742 confiteri:
1051 2702 1230 2744 „Despnes
1255 2701 1296 2732 de
1314 2711 1403 2732 (mer
1420 2700 1544 2732 escrito
1562 2703 1633 2730 esta
1650 2698 1817 2729 leauemos

56 2755 235 2788 acorclado
271 2756 301 2787 el
330 2755 448 2797 padre
478 2754 623 2787 Canisio
657 2765 679 2795 3]
712 2764 757 2796 giso
792 2765 856 2797 qne
892 2754 1048 2787 Mae-stro
1073 2754 1222 2787 Hermes
1255 2754 1296 2785 (Ze
1329 2764 1371 2785 sn
1397 2756 1504 2795 parte
1539 2751 1722 2783 escrim’ese
1755 2750 1815 2783 ala

56 2809 94 2840 :2⁸
116 2818 270 2850 persona
297 2819 362 2851 que
387 2809 417 2841 el
450 2808 613 2840 entendia
639 2818 696 2839 ser
721 2808 917 2840 necessario
943 2807 1138 2840 resoluerse
1163 2807 1265 2839 toda->-
1296 2806 1381 2838 Tres
1406 2817 1447 2838 en
1474 2804 1580 2847 degsa·
1606 2804 1689 2844 Vno,
1724 2814 1747 2847 y
1771 2814 1814 2846 yo

57 2860 97 2894 he
122 2862 247 2894 escrito
282 2861 315 2894 lo
350 2863 473 2894 mismo
508 2861 545 2893 al
571 2860 690 2892 Padre
715 2860 841 2892 Dtrsio
874 2871 938 2902 qne
973 2861 1013 2892 de
1038 2870 1079 2892 sa
1104 2863 1228 2901 pao-teu
1254 2859 1337 2900 digla
1365 2859 1396 2891 Io
1424 2858 1545 2890 mismo
1570 2858 1630 2890 ala
1653 2857 1815 2900 primera

57 2924 79 2956 y
104 2925 245 2947 anemos
279 2916 403 2947 eserico
437 2914 482 2947 ab
508 2915 561 2946 las
587 2914 648 2945 (los
675 2924 739 2955 qne
769 2923 804 2945 se
822 2923 970 2955 ponyan
997 2924 1037 2945 en
1065 2912 1300 2954 indiferencc'a
1325 2923 1348 2953 3]
1373 2911 1492 2954 Ieayan
1518 2911 1618 2944 dezir
1643 2911 1767 2944 missas
1792 2921 1814 2952 y

58 2968 240 3000 oraciones
273 2970 345 3000 tres
378 2968 458 3000 dias
483 2979 506 3009 y
531 2978 566 2999 se
591 2967 805 2999 ‹teter-minen
842 2966 882 2998 de
909 2967 940 2998 st
967 2967 1109 2998 misniae
1134 2967 1190 2997 sin
1218 2965 1352 3006 cons-elo
1386 2964 1427 2997 «Ie
1452 2965 1611 3007 ninyano
1637 2963 1814 2997 base-ando

57 3020 90 3052 lo
115 3031 179 3063 qne
204 3031 238 3053 es
262 3031 389 3064 mayor
413 3021 565 3053 seraicio
598 3020 638 3051 ‹Ie
664 3019 753 3052 Dae'os
787 3019 843 3050 sin»
870 3019 1008 3061 ne'nyun
1035 3022 1187 3060 respecto
1215 3018 1254 3049 ni
1278 3019 1403 3059 affecto
1429 3017 1596 3060 hnmano,
1632 3029 1654 3061 y
1680 3021 1748 3050 esto
1774 3015 1815 3049 he

58 3075 180 3106 ese-rito
213 3084 257 3117 yo
283 3084 305 3106 a
332 3073 487 3106 Maestro
514 3073 639 3106 Dirsio
666 3073 749 3115 ‹lz’ya
784 3072 825 3103 de
856 3082 898 3103 sn
922 3075 1035 3113 parte,
1070 3081 1146 3102 mas
1171 3082 1236 3113 que
1271 3071 1303 3103 lo
1330 3070 1455 3111 afirme
1480 3071 1687 3113 totalmente,
1723 3080 1812 3112 espe-

58 3136 175 3159 ramos
210 3137 274 3169 qne
308 3128 338 3159 el
364 3127 478 3160 Set‘tor
511 3136 575 3158 nos
610 3126 703 3157 (lara
741 3125 907 3157 clariana
942 3136 983 3156 ens
1019 3128 1089 3156 esta
1119 3128 1225 3166 parte
1251 3122 1332 3157 etc.“
1384 3124 1480 3156 Idem
1515 3124 1624 3157 eidem
1651 3124 1814 3166 Auyusta

175 3195 203 3225 a)
225 3195 362 3227 Sequitur
380 3194 419 3224 lo,
439 3195 645 3219 oblitteratum.
737 3191 766 3223 b)
790 3193 847 3217 lloc
869 3200 891 3217 v.
912 3200 1003 3223 snpra
1027 3200 1140 3216 versum
1165 3192 1307 3223 scriptum
1326 3195 1376 3217 est.
