2045 3471
223 216 307 258 518
706 213 809 248 1463.
836 212 1001 247 Canisius
1027 212 1060 247 S.
1080 212 1270 247 Francisco
1297 211 1339 246 de
1366 212 1508 255 Borgia.

221 333 314 376 dari
347 346 492 375 curam
524 345 550 373 a
582 331 790 373 Pontifice
823 331 1015 374 Maximo
1046 331 1328 374 Generalibus
1361 330 1570 381 ordinum,
1603 329 1729 372 sicuti
1762 343 1980 380 1100011103,

218 401 267 441 ut
292 398 409 440 intra
441 399 607 439 certum
639 399 810 451 tempus
841 396 903 438 illi
931 397 1161 440 uisitarent
1193 410 1244 438 ac
1275 395 1579 446 reformarent,
1615 408 1725 448 quae
1757 394 1824 436 sui
1854 398 1981 437 sunt*

222 463 394 505 Ordinis
425 461 704 512 Monasteria,
747 476 842 503 cum
884 462 1013 515 plena
1055 461 1227 515 quidem
1268 463 1488 515 potestate
1529 460 1749 514 reijciendi
1781 473 1867 510 eos,
1910 459 1983 513 qui

220 527 509 570 obedientiam
557 526 646 568 suis
692 525 984 580 superioribus
1037 526 1227 568 debitam
1273 528 1508 579 negarent,
1561 525 1810 578 nullamque
1862 537 1981 578 spem

220 591 534 635 emendationis
565 591 682 634 uitae
714 591 923 644 reliquam
955 591 1165 641 facerent,
1208 593 1252 633 et
1290 605 1494 644 magnum
1526 590 1699 632 interim
1732 589 1985 631 scandalum

219 660 311 700 tam
343 657 593 708 CatholiciS,
636 671 762 710 quam
804 656 1037 698 haereticis
1077 656 1280 698 adferunt
1321 669 1464 711 saepe.
1534 654 1812 708 Cogitabamb
1852 654 1985 696 etiam

219 737 305 765 non
346 736 441 765 esse
481 722 832 777 permittendum,
873 724 922 763 ut
963 722 1045 763 duo
1087 723 1257 764 tantum
1300 722 1370 763 uel
1411 724 1501 763 tres
1541 720 1702 762 fratres
1739 719 1782 760 in
1816 718 1984 773 Amplis

221 787 500 842 Monasterijs
540 801 717 841 prorsus
759 787 1017 837 ociarentur,
1061 790 1106 829 et
1145 787 1275 828 horas
1316 787 1451 828 bonas
1487 786 1530 827 in
1561 786 1667 827 luxu
1698 785 1986 839 plaerunque⁰

219 854 464 908 perderent,
498 853 573 894 sed
608 850 836 906 [ρει]11003<1
867 851 978 902 11103,
1022 852 1093 905 qui
1123 865 1263 905 neque
1295 851 1504 904 regulam,
1547 863 1685 903 neque
1718 848 1984 891 ceremonias

221 919 383 960 ordinis
415 918 479 960 sui
512 931 625 959 nunc
657 931 834 958 seruare
866 917 1018 958 uolunt
1051 920 1094 959 et
1126 919 1320 971 possunt,
1365 916 1407 957 in
1440 916 1583 970 amplo
1616 915 1760 967 aliquo
1793 913 1984 956 eiusdem

219 983 381 1026 ordinis
418 982 696 1033 Monasterm,
743 982 855 1035 quod
899 982 1008 1024 bene
1053 982 1337 1024 constitutum
1382 984 1510 1032 esset,
1557 995 1651 1022 cum
1695 979 1842 1022 multis
1886 978 1984 1033 alijs

220 1048 429 1090 fratribus
462 1047 784 1100 coniungendos
817 1061 925 1098 esse,
969 1049 1018 1089 ut
1048 1046 1106 1088 ibi
1147 1047 1304 1089 saltem
1336 1060 1446 1099 quae
1478 1048 1579 1088 sunt
1611 1059 1714 1087 suae
1746 1043 1984 1097 Religionis

219 1113 480 1163 essentialia,
505 1114 554 1154 ut
575 1114 746 1162 uocant,
776 1126 853 1166 pro
877 1126 981 1153 suae
1002 1111 1282 1165 professionis
1303 1111 1504 1153 instituto
1527 1111 1814 1165 praestarent.
1859 1107 1985 1161 Cogi-

219 1178 367 1220 tabam
407 1177 603 1230 denique,
646 1176 899 1218 Pontificem
941 1176 1021 1218 1100
1062 1176 1284 1230 postulare
1325 1190 1452 1230 posse
1485 1190 1510 1218 a
1543 1175 1668 1217 dictis
1702 1173 1985 1216 Generalibus

222 1245 298 1285 aut
330 1242 654 1292 Visitatoribus‚
696 1244 745 1284 ut
777 1241 812 1282 si
854 1241 971 1283 intra
1003 1244 1169 1283 certum
1202 1244 1374 1295 tempus
1408 1240 1675 1283 Germanicis
1707 1238 1984 1291 Monasterijs

219 1307 446 1350 uisitandis
488 1310 532 1350 et
562 1306 851 1348 reformandis
893 1306 984 1348 sine
1022 1306 1147 1360 graui
1181 1320 1313 1348 causa
1345 1306 1559 1356 deessent,
1601 1303 1906 1359 permitterent
1937 1305 1985 1345 ut

219 1375 373 1427 postea
405 1372 634 1425 ordinarijs
665 1373 859 1413 locorum
891 1372 957 1412 ius
989 1374 1033 1413 et
1064 1372 1178 1413 bona
1219 1370 1461 1413 huiusmodi
1494 1369 1870 1419 Monasteriorum,
1913 1367 1984 1421 qui

219 1437 440 1480 Pontificis
473 1436 652 1479 Maximi
694 1440 769 1479 aut
807 1436 968 1490 Synodi
1010 1436 1244 1478 accedente
1286 1450 1498 1478 consensu
1539 1435 1582 1476 in
1625 1437 1767 1476 certos
1807 1432 1984 1488 pietatis

221 1505 297 1545 aut
329 1502 655 1544 seminariorum
688 1516 790 1543 usus
823 1515 875 1543 ea
905 1501 1000 1555 ipsa
1032 1502 1143 1543 bona
1177 1504 1429 1544 conuertere
1462 1502 1640 1555 possent
1663 1497 1763 1554 [?]².

339 1574 568 1616 Caeterum
609 1573 722 1626 quod
763 1572 816 1614 ad
858 1573 1130 1614 uenerandos
1173 1572 1277 1613 mihi
1322 1586 1493 1626 semper
1533 1571 1769 1625 Episcopos
1813 1570 1985 1611 nostros

222 1638 394 1689 attinet,
438 1638 520 1680 etsi
561 1638 613 1679 de
654 1637 720 1679 his
761 1637 951 1678 iudicare
992 1651 1133 1678 meum
1172 1651 1256 1678 11011
1289 1640 1368 1687 est,
1410 1637 1490 1678 hoc
1522 1635 1624 1678 mihi
1656 1634 1811 1677 testari
1842 1633 1984 1684 liceat,

223 1703 335 1757 quod
366 1704 526 1745 iustum
560 1703 641 1756 pijs
672 1703 861 1744 dolorem
886 1702 1041 1752 adfert,
1076 1716 1149 1743 eos
1172 1702 1303 1756 Lupis
1336 1702 1522 1754 undique
1554 1699 1854 1754 grassantibus
1887 1699 1986 1740 dor-

221 1767 329 1809 mire
369 1768 521 1821 magis,
566 1781 694 1820 quam
728 1767 859 1819 Gregi
901 1781 977 1808 suo
1020 1767 1236 1820 pascendo
1269 1766 1523 1819 aduigilare.
1587 1766 1650 1807 Ac
1682 1778 1835 1818 parum
1868 1765 1985 1805 esset

222 1833 423 1883 fortasse,
459 1833 689 1875 Sacrarum
713 1835 757 1874 et
779 1831 1181 1873 Ecclesiasticarum
1206 1845 1349 1873 rerum
1372 1845 1503 1885 penes
1525 1830 1710 1872 maiores
1733 1832 1776 1872 et
1798 1828 1986 1870 minores

224 1898 481 1940 Germaniae
514 1897 739 1939 Praelatos
779 1910 1036 1950 pergrauem
1079 1899 1124 1938 et
1156 1910 1422 1938 communem
1463 1895 1753 1948 ignorantiam
1791 1893 1984 1947 reperiri.

222 1963 384 2005 Verum
406 1962 512 2004 illud
535 1962 826 2004 Ecclesiarum
849 1963 1094 2003 nostrarum
1117 1961 1349 2015 perniciem
1372 1961 1450 2003 alit
1472 1964 1516 2003 et
1539 1962 1671 2014 auget
1693 1959 1984 2009 uehementer,

224 2028 336 2081 quod
377 2027 450 2069 uix
492 2041 600 2069 unus
643 2026 709 2068 etf
745 2026 858 2068 alter
889 2026 1134 2078 Theologus
1172 2026 1239 2067 uel
1274 2026 1507 2068 Canonista
1539 2024 1685 2066 multis
1719 2023 1850 2066 etiam
1882 2022 1986 2077 Epi-

222 2093 388 2147 scopisg
428 2091 603 2145 adiungi
640 2092 797 2141 soleat,
842 2091 913 2144 qui
954 2091 1022 2132 uel
1062 2091 1333 2144 ignorantes,
1377 2091 1446 2132 uel
1488 2088 1752 2132 oscitantesh
1796 2101 1869 2130 eos
1909 2088 1985 2129 ad-

223 2161 398 2199 moneat
439 2157 566 2211 officij
610 2156 674 2198 sui
715 2156 969 2210 pastoralis:
1013 2155 1085 2208 qui
1125 2158 1354 2209 praeterea
1394 2154 1655 2197 mentionem
1696 2152 1982 2195 necessariam

224 2222 359 2264 faciat
399 2222 451 2264 de
483 2221 684 2263 Censuris
717 2220 1035 2262 Ecclesiasticis
1077 2223 1121 2262 et
1154 2220 1323 2262 casibus
1357 2219 1659 2262 conscientiae.
1724 2218 1839 2260 Satis
1871 2217 1984 2258 enim

225 2289 398 2330 constat
429 2287 472 2328 in
496 2286 740 2335 Germania,
774 2286 881 2339 proh
915 2285 1048 2336 dolor,
1083 2299 1167 2327 non
1199 2285 1325 2326 modo
1356 2284 1707 2338 grauissimorum
1730 2283 1774 2325 in
1796 2282 1918 2324 Clero
1942 2285 1985 2325 et

224 2352 382 2406 populo
400 2352 660 2402 morborum,
685 2351 760 2392 sed
778 2350 908 2393 etiam
929 2349 1419 2392 excommunicationum
1439 2349 1580 2390 omnia
1598 2347 1706 2390 ferei
1724 2348 1851 2402 plena
1873 2360 1981 2397 esse,

225 2419 270 2459 et
300 2417 344 2458 in
376 2416 510 2458 sacris
542 2431 633 2458 rem
666 2415 736 2468 agi
769 2414 1139 2469 negligentissime
1170 2414 1563 2467 indignissimeque.
1612 2413 1787 2454 Habent
1812 2411 1984 2453 interim

224 2495 308 2523 non
341 2495 479 2535 pauca
519 2495 599 2522 nec
631 2481 757 2531 leuia,
800 2479 953 2533 quibus
992 2479 1231 2521 excusantk
1254 2477 1315 2533 [P]
1349 2493 1457 2529 sese,
1501 2492 1582 2531 quo
1624 2477 1763 2518 minus
1794 2476 1986 2518 indicant

227 2549 271 2589 et
293 2546 514 2588 celebrent
537 2545 746 2598 Synodos,
781 2547 823 2586 et
849 2544 891 2585 in
924 2543 990 2585 his
1012 2543 1244 2585 Concilium
1278 2543 1498 2597 publicent
1520 2541 1831 2591 Tridentinum,
1866 2539 1986 2582 cuius

227 2610 397 2664 quidem
428 2611 497 2652 1101
529 2610 786 2652 mediocrem
814 2609 1113 2651 executionem
1146 2611 1302 2662 putant
1333 2608 1414 2650 sibi
1446 2611 1490 2650 et
1511 2607 1600 2649 suis
1631 2607 1727 2660 plus
1760 2605 1984 2659 dispendii,

227 2690 354 2728 quam
388 2675 663 2717 emolumenti
699 2673 949 2716 allaturam¹
982 2687 1089 2723 esse,
1131 2676 1223 2715 tum
1256 2673 1355 2726 quia
1388 2673 1534 2714 Clerus
1566 2671 1755 2725 ipsorum
1789 2670 1984 2723 exiguus,

345 2798 372 2827 a)
388 2795 459 2820 sunt
472 2795 519 2820 sui
533 2796 565 2820 L.
619 2794 649 2826 b)
665 2793 816 2820 adferunt.
836 2793 931 2826 Saepe
945 2792 1113 2825 cogitabam
1128 2795 1161 2818 L.
1223 2793 1248 2824 c)
1263 2792 1442 2826 plerumque
1456 2794 1489 2818 L.
1556 2791 1585 2821 (1)
1601 2791 1701 2817 Hicin
1714 2792 1792 2816 arch.
1807 2792 1912 2815 lacuna
1926 2793 1986 2821 est,-

227 2838 359 2868 supplevi
378 2845 414 2862 ea:
433 2838 465 2862 L.
546 2837 572 2867 e)
593 2837 699 2862 Ultima
724 2837 794 2861 haec
808 2836 960 2867 periodus,
980 2836 1146 2866 ‘incipiendo
1166 2835 1201 2860 ab
1222 2833 1397 2866 Cogitabam
1418 2833 1557 2866 denique,
1577 2832 1754 2858 Pontificem
1780 2833 1811 2856 in
1831 2832 1985 2863 archetypo

228 2881 371 2909 comparet
392 2879 478 2903 lineis
494 2878 679 2902 transmissis
693 2878 866 2901 oblitterata.
890 2877 976 2901 Deest
989 2877 1077 2900 etiam
1092 2876 1122 2900 in
1136 2877 1244 2904 BCL:
1262 2876 1294 2900 in
1310 2878 1332 2900 C
1344 2883 1445 2900 versus
1463 2876 1523 2900 Sive
1544 2875 1621 2899 linea
1642 2882 1700 2898 una
1720 2875 1865 2904 comparet
1885 2880 1984 2897 vacua.

228 2919 367 2949 Equidem
385 2922 456 2950 puto
472 2919 628 2950 periodum
648 2919 730 2943 illam
751 2925 810 2942 esse
831 2918 1025 2942 oblitteratam
1046 2925 1101 2941 non
1121 2925 1138 2941 (ι
1161 2917 1289 2946 (anisio,
1307 2917 1357 2941 secl
1378 2924 1395 2940 a
1410 2917 1532 2941 Polanco
1546 2915 1696 2940 Societatis
1715 2914 1873 2939 secretario
1893 2914 1936 2938 vel
1949 2914 1984 2938 ab

231 2960 290 2983 alio
309 2961 406 2991 aliquo
427 2961 506 2984 Socio
527 2967 664 2990 romano;
684 2959 713 2984 id
736 2967 772 2983 eat
790 2959 866 2990 ipsa,
886 2967 942 2990 Qua
962 2959 1139 2983 oblitteratio
1158 2959 1238 2988 facta
1258 2961 1309 2988 est,
1335 2958 1447 2982 ratione
1467 2957 1586 2988 colliga:
1610 2956 1679 2980 haec
1698 2957 1774 2980 enim
1794 2955 1937 2980 levitatem
1958 2956 1985 2979 et

228 3001 443 3030 festinationem
459 3002 587 3032 aliquam
601 3001 695 3031 habet,
715 3008 732 3024 α
753 3008 819 3031 qua,
829 3003 911 3031 pum,
927 3000 1074 3030 Canisius,
1088 3007 1149 3023 cum
1164 3007 1274 3023 summo
1288 2999 1404 3023 ordinis
1418 2998 1594 3022 moderatori
1608 2997 1754 3027 scriberet,
1768 2996 1986 3026 abhorruisset,-

228 3041 308 3071 ferri
327 3044 419 3065 tamen
440 3042 539 3066 eadem
556 3045 673 3073 poterat
694 3042 724 3066 in
745 3041 897 3066 societatis
921 3041 1090 3071 secretario,
1118 3048 1181 3065 cum
1209 3041 1335 3071 epistula
1360 3048 1377 3064 α
1401 3039 1571 3071 praeposito
1600 3039 1732 3069 generali
1757 3039 1829 3062 lecta
1849 3040 1875 3061 et
1894 3044 1985 3061 secre-

229 3081 307 3105 tario
327 3082 442 3106 reddita
464 3086 552 3113 esse!,·
580 3083 629 3113 qni
649 3083 860 3107 oblitteratione
882 3083 932 3106 illa
953 3083 1078 3106 librario
1097 3082 1315 3112 siynificaverit,
1335 3082 1365 3106 in
1385 3081 1526 3112 epistulae
1546 3080 1717 3110 exemplum,
1743 3079 1816 3110 quod
1837 3079 1867 3102 in
1887 3078 1985 3102 cardi-

229 3122 308 3146 nalis
324 3123 525 3147 Commendoni
547 3131 627 3147 usum
649 3124 838 3154 scribebatur,
854 3123 1010 3154 periocham
1031 3124 1112 3147 illam
1127 3131 1183 3147 non
1197 3130 1257 3147 esse
1271 3122 1533 3146 transcribendam.
1591 3119 1620 3150 f)
1635 3119 1687 3144 aut
1700 3121 1733 3144 L.
1790 3121 1819 3151 g)
1835 3117 1984 3151 episcopis

230 3161 322 3187 etiam
341 3163 375 3187 L.
456 3162 486 3194 h)
508 3163 594 3194 Beiff.
614 3164 683 3188 haec
702 3166 718 3188 2
738 3172 780 3187 vv.
801 3164 905 3188 omisit.
980 3163 1000 3194 i)
1022 3165 1081 3188 Hoc·
1101 3171 1135 3194 v.‚
1155 3164 1185 3187 in
1205 3164 1283 3187 arch.
1303 3170 1396 3194 supra
1416 3169 1531 3186 versum
1550 3161 1700 3192 scriptum,
1726 3161 1755 3185 in
1778 3162 1801 3185 L
1821 3160 1917 3191 deest;
1941 3162 1984 3184 est

233 3206 328 3228 atatem
347 3204 376 3227 in
401 3205 430 3228 C.
502 3202 534 3233 k)
557 3205 619 3234 Sir,-
642 3205 786 3229 volebatne
808 3206 875 3229 Can.
896 3205 1039 3229 scribere:
1058 3203 1225 3229 excusent?
1297 3203 1317 3234 l)
1338 3203 1472 3228 futuram
1492 3202 1578 3233 Reiff.
