2077 3461
656 195 686 229 7.
715 193 863 229 Codices
889 193 1079 230 Societatis
1103 193 1196 228 Iesu.
1690 193 1806 223 LXXV

50 311 240 347 Germania
257 311 476 356 reliquisque
494 312 668 356 partibus,
695 323 785 356 quas
811 312 895 353 dixi,
922 311 1072 345 Romam
1099 310 1143 344 ad
1169 309 1413 355 praepositum
1441 310 1646 354 generalem
1673 310 1811 355 perlata

49 365 142 400 sunt.
195 364 394 409 (Epistolae
428 364 468 399 P.
496 366 712 409 Hieronymi
734 365 857 399 Nadal
886 364 936 398 IV
961 363 1106 406 x—XI.)
1158 362 1345 397 Accedunt
1380 364 1481 396 varia
1515 363 1650 407 scripta
1685 362 1813 396 similis

49 417 200 462 generis,
231 419 272 451 ut
299 418 478 460 „statuta“
514 417 696 452 seminarii
729 417 968 452 olomucensis
1003 418 1040 450 et
1073 414 1296 450 contubernii
1332 415 1366 449 S.
1394 416 1602 460 Hieronymi
1629 415 1810 458 dilingam,

49 469 217 514 antiquae
247 470 415 513 „regulae
441 472 664 505 communes“
687 470 888 511 Societatis,
919 469 1121 512 „Quomodo
1140 468 1327 513 Principes
1346 467 1521 502 Catholici
1539 469 1679 513 possint
1696 468 1810 502 iuuari

48 522 84 557 in
121 521 346 565 Germania“,
388 523 683 565 „instructiones“
722 525 758 558 et
794 534 967 568 responsa
1004 534 1025 556 a
1062 521 1133 556 PP.
1166 521 1359 555 Laurentio
1395 521 1516 564 Magio
1551 525 1587 555 et
1622 521 1810 555 Francisco

49 574 196 610 Sunerio
221 575 488 620 provinciarum
513 576 682 610 Austriae
709 578 745 610 et
770 576 939 610 Poloniae
964 574 1180 620 praepositis
1206 585 1227 608 a
1254 574 1488 608 1568—1570
1514 574 1610 608 data.

167 627 308 672 Scripta
333 628 486 670 Natalis,
519 640 611 673 quae
645 629 713 663 hoe
748 629 869 663 codice
898 629 956 672 (de
983 640 1051 672 quo
1082 628 1165 662 vide
1191 626 1299 661 etiam
1326 626 1508 671 Epistolas
1534 627 1572 660 P.
1599 628 1814 670 Hieronymi

48 680 170 715 Nadal
194 681 210 714 I
234 681 474 726 xxm—xxx)
511 681 871 727 comprehenduntur,
898 681 957 716 vel
983 682 1176 715 maximam
1203 682 1353 725 partem,
1380 680 1439 714 vel
1458 680 1575 713 omnia
1600 680 1636 713 in
1667 679 1809 721 „Monu-

49 734 179 767 mentis
210 733 391 768 historicis
418 734 607 769 Societatis
641 735 742 769 1esu“
780 734 878 779 typis
912 736 998 768 sunt
1032 734 1236 778 exscripta;
1277 744 1323 767 ex
1355 732 1484 777 quibus
1518 732 1639 776 aliqua
1665 734 1810 766 exstant

49 787 86 820 in
110 786 200 820 libro
230 786 483 829 „Monumenta
508 787 752 832 paedagogica
779 787 969 822 Societatis
994 787 1077 821 lesu
1103 798 1194 830 quae
1220 786 1370 831 primam
1398 786 1586 820 Rationem
1605 785 1810 819 Studiorum

48 838 237 873 Societatis
255 840 337 874 Iesu
356 851 448 874 anno
469 841 559 875 1586
579 841 710 874 editam
729 852 969 885 praecessere,
989 841 1066 874 edd.
1089 840 1266 874 Caecilius
1287 841 1415 873 Gomez
1431 840 1588 882 Rodeles,
1615 839 1812 872 Marianus

48 893 199 926 Lecina‘
230 895 296 927 eto.
316 892 349 927 S.
369 893 413 934 J„
439 893 577 928 Matriti
598 894 698 934 1901,
727 893 931 935 762—857;
969 893 1107 937 reliqua
1144 894 1227 927 sunt
1262 893 1297 926 in
1329 892 1590 937 „Epistolarum
1617 892 1656 926 P.
1683 893 1808 925 Hiero-

48 947 147 990 nymi
171 946 312 980 Nadal“
342 946 452 980 Tomo
478 947 540 981 IV.
566 947 707 981 Matriti
733 959 764 981 a.
793 946 881 981 1905
909 958 1042 980 excuso
1071 945 1304 989 (210—364).
1348 945 1468 979 Codex
1495 946 1602 979 etiam
1630 944 1812 979 adhibitus

49 999 103 1033 est
140 998 353 1033 illustrando
388 1000 547 1034 eiusdem
583 1000 700 1045 operis
737 1000 847 1034 Tomo
873 1000 924 1033 HI
953 999 1087 1043 (33156
1113 999 1181 1033 782
1208 1001 1305 1040 etc.).

167 1051 223 1086 22.
251 1050 307 1096 „II
332 1050 416 1087 42.“
455 1052 598 1087 Titulus
625 1053 803 1097 antiquus,
831 1064 938 1086 manu
965 1052 1004 1087 P.
1025 1052 1129 1086 Pauli
1148 1051 1287 1086 Hoffaei
1315 1051 1347 1085 S.
1369 1052 1401 1085 J.
1421 1063 1452 1085 a.
1473 1052 1563 1085 1572
1583 1050 1740 1095 scriptus
1762 1049 1812 1093 (in

47 1104 74 1138 f.
91 1104 124 1138 2.
141 1116 211 1138 non
237 1105 341 1148 sign.‚
367 1106 500 1150 pagina
517 1106 669 1150 priore):
701 1105 826 1148 „Liber
843 1105 1109 1140 Professionum
1129 1106 1159 1139 ὢ
1182 1103 1186 1149 Ι
1208 1104 1380 1138 Votorum
1401 1105 1548 1138 Patrum
1569 1104 1598 1137 ὣ
1621 1105 1624 1146 Ι
1647 1103 1811 1137 Fratrum

48 1157 198 1202 Collegij
225 1157 284 1192 Di·
312 1165 317 1202 ι
344 1158 481 1204 linganj
508 1161 574 1194 etc.
599 1160 603 1202 l
627 1160 724 1194 Jtem
751 1159 945 1202 Catalogus
980 1157 1282 1192 Scholasticorum
1311 1157 1315 1200 Ι
1344 1157 1619 1202 approbatorum
1655 1156 1813 1190 eiusdem

48 1210 372 1255 Collegij:1Anno
411 1212 533 1246 1572.“
587 1212 781 1256 Signatura
815 1223 940 1246 recens
975 1212 1011 1245 in
1046 1211 1168 1245 dorso:
1210 1210 1404 1253 ,,ΙΙ.142“.
1453 1211 1510 1250 ‘20;
1545 1209 1813 1253 conglutinatus

48 1263 142 1298 corio
168 1264 268 1306 albo;
302 1265 338 1300 ff.
364 1265 457 1308 sign.
488 1266 571 1306 1183
609 1268 796 1310 praeterea
830 1264 944 1299 multa
979 1277 1048 1298 non
1074 1265 1166 1308 sign.
1194 1275 1343 1308 quorum
1382 1263 1552 1308 pleraque
1575 1262 1716 1296 omnino
1752 1273 1812 1296 va-

49 1328 115 1352 cua
140 1319 235 1351 sunt.

166 1370 207 1404 In
232 1370 298 1405 hoc
323 1371 413 1405 libro
440 1372 582 1415 collegii
609 1371 782 1414 dilingani
807 1371 946 1413 Patres,
982 1370 1205 1412 Scholastici,
1237 1369 1469 1404 Coadiutores
1494 1367 1711 1413 temporales
1736 1368 1812 1402 fere

48 1423 92 1457 ab
118 1434 148 1458 a.
179 1423 268 1458 1572
295 1424 338 1458 ad
368 1425 457 1459 1772
483 1436 549 1459 sua
574 1427 660 1459 vota
685 1424 855 1468 religiosa
882 1424 973 1468 (tum
1000 1423 1187 1457 sollemnia
1211 1425 1288 1456 tum
1314 1420 1506 1466 simplicia)
1543 1422 1618 1455 suis
1647 1420 1811 1455 manibus

47 1476 279 1521 scripserunt.
336 1477 473 1512 Deinde
508 1477 694 1523 provincia
728 1477 933 1521 germanica
969 1476 1159 1511 Societatis
1193 1476 1275 1510 Iesu
1309 1487 1340 1510 a.
1370 1475 1456 1510 1821
1489 1475 1672 1516 restituta,
1708 1474 1811 1508 multi

49 1529 206 1563 eiusdem
246 1529 339 1564 Socii
373 1533 458 1565 vota
493 1531 660 1575 religiosa
696 1531 955 1572 Paderbornae,
990 1530 1125 1564 Portici
1153 1529 1312 1572 (Portico
1346 1528 1381 1562 in
1412 1527 1570 1571 Anglia),
1606 1527 1691 1561 alibi
1726 1539 1747 1561 a
1773 1538 1811 1561 se

48 1585 253 1628 nuncupata
271 1583 437 1618 similiter
459 1584 496 1618 in
521 1596 561 1619 eo
587 1586 757 1619 notarunt
785 1584 875 1627 (fere
902 1595 932 1618 a.
961 1582 1224 1626 1855—1895).
1264 1582 1481 1626 Comparent
1506 1580 1541 1614 in
1567 1580 1686 1614 codice
1713 1582 1811 1614 auto-

50 1636 187 1680 grapha
223 1637 418 1671 multorum
456 1639 615 1672 virorum
653 1638 938 1682 praeclarorum,
976 1639 1017 1670 ut
1054 1635 1265 1670 Theodorici
1303 1634 1456 1676 Oanisii,
1495 1634 1614 1668 Iacobi
1653 1633 1810 1672 Gretser,

48 1688 206 1734 Philippi
240 1690 422 1733 Ieningen,
458 1691 533 1725 Viti
568 1691 722 1732 Pichler,
757 1690 876 1724 Iacobi
902 1690 1066 1731 Pontani,
1102 1688 1220 1723 Iacobi
1255 1688 1354 1729 Rem,
1392 1687 1556 1730 Gregorii
1586 1698 1606 1721 a
1632 1686 1811 1726 Valentia,

51 1741 203 1777 conradi
228 1743 365 1786 Vetter,
392 1743 538 1778 Hem-ici
557 1743 847 1787 Wangnereckh‚
874 1743 993 1777 Iacobi
1019 1742 1199 1786 Zallinger
1224 1744 1292 1776 etc.
1330 1741 1434 1775 Votis
1452 1740 1646 1774 novissime
1664 1751 1811 1785 praepo-

51 1796 142 1830 situs
169 1798 224 1830 est
248 1796 356 1831 index
381 1798 565 1831 nominum
592 1798 850 1842 alphabeticus.

170 1848 291 1884 Codex
317 1861 429 1894 usque
455 1851 498 1885 ad
526 1863 557 1885 a.
587 1852 676 1885 1773
702 1851 772 1884 fuit
799 1850 940 1894 collegii
966 1849 1155 1884 Societatis
1180 1849 1262 1883 Iesu
1288 1848 1472 1892 dilingam.
