2045 3471
543 193 707 235 Augusta
727 191 831 225 Vind.
851 191 907 224 24.
926 191 1011 235 Apr.
1025 190 1113 224 —5.
1133 188 1219 223 Maii
1247 189 1347 223 1566.
1746 189 1829 229 235

71 314 266 366 apertam
308 311 620 365 professionem
664 310 829 352 faciant
863 310 914 351 de
947 308 1186 363 acceptatis
1228 307 1502 360 dogmatibus
1535 306 1710 359 Concilij
1738 305 1832 346 Tri-

71 376 247 430 dentinj,
292 376 449 418 saltem
483 389 533 417 eo
566 374 794 417 inducendi
826 374 1043 423 videntur,
1086 376 1158 415 ut²
1190 371 1333 414 uerbis
1366 386 1451 413 non
1493 370 1688 413 obscuris
1730 370 1832 412 dicti

70 441 245 495 Concilij
280 441 485 495 dogmata
518 454 563 481 se
596 438 789 494 profiteri
822 441 866 482 et
899 440 1155 481 confirmare
1188 437 1423 479 declarent.
1477 436 1534 477 Jd
1562 438 1708 478 autem
1741 434 1832 476 fieri

70 505 231 559 poterit
261 505 376 548 inter
408 504 629 559 Principes
661 504 843 558 publice,
878 504 949 545 uel
980 502 1048 544 inb
1081 502 1226 555 aliqua
1259 500 1599 554 congregatione
1632 501 1832 542 Statuum

71 570 413 619 Catholicorum3
455 570 525 612 1101
568 572 708 618 certe,
757 568 793 610 si
835 568 964 610 aliter
1004 567 1098 609 fieri
1139 567 1257 608 nulla
1298 565 1468 607 ratione
1508 567 1676 618 potest,
1720 565 1834 606 inter

71 649 245 689 paucos,
280 635 349 677 uel
382 635 495 689 apud
528 633 880 677 Jllustrissimum
915 634 966 675 D.
991 633 1203 685 Legatum
1220 632 1245 674 ¹.
1308 630 1463 672 Modus
1496 643 1599 671 uero
1641 628 1836 671 adhiberi

71 700 245 754 poterit,
281 714 364 753 quo
397 703 441 742 et
472 699 646 741 minime
679 698 953 740 offendantur
985 696 1206 747 haeretici,
1240 698 1284 738 et
1309 694 1520 738 Catholici
1552 708 1672 736 suam
1706 693 1833 735 fidem

70 765 263 819 profiteri
297 779 382 807 non
415 764 633 806 omittant.
698 764 756 805 Et
788 762 902 804 forte
935 762 1042 805 satis
1075 775 1170 804 esse
1203 760 1431 811 uidebitur,
1474 760 1509 801 si
1543 759 1749 808 dicerent,
1789 772 1835 800 se

71 830 278 884 profiteri,
312 843 363 871 ac
395 830 506 871 uelle
529 828 705 882 Concilij
730 827 968 881 Tridentinj
1003 827 1209 880 dogmata
1241 839 1415 867 manere
1447 838 1525 879 per
1548 823 1691 866 omnia
1713 823 1836 865 salua

73 897 204 947 atque
245 894 431 947 integra,
473 907 612 946 neque
654 906 701 934 se
733 893 787 934 ab
820 892 957 933 illiusc
988 892 1070 933 fide
1104 894 1148 934 et
1190 890 1387 933 doctrina
1419 903 1514 931 esse
1556 888 1835 931 discessuros.

73 960 222 1013 anue
264 958 475 1013 professio
517 958 585 1000 uel
626 971 703 1012 per
743 957 1078 999 instrumentum
1120 956 1358 1010 publicum,
1401 955 1470 997 uel
1512 968 1588 1008 per
1629 953 1836 1007 scriptum

73 1024 365 1078 praesentium
400 1023 645 1077 Principum
678 1021 1084 1064 Ecclesiasticorum
1125 1020 1323 1062 manibus
1363 1021 1605 1068 firmatum,
1648 1018 1719 1060 uel
1760 1031 1837 1072 per

73 1090 300 1143 epistolam
334 1089 388 1131 ab
429 1088 580 1143 ijsdem
614 1087 669 1130 ad
703 1087 922 1130 Summum
956 1085 1209 1128 Pontificem
1252 1086 1400 1127 datam
1433 1087 1633 1126 constare
1674 1086 1836 1137 posset.

73 1153 233 1204 Quodsi
279 1153 488 1196 Catholici
541 1153 704 1195 nullam
757 1151 928 1194 omnino
982 1151 1107 1192 huius
1159 1150 1333 1203 Concilij
1386 1149 1650 1191 mentionem
1702 1147 1837 1190 inter-

74 1222 298 1272 ponerent,
333 1233 418 1260 non
450 1218 645 1260 videmus
679 1217 891 1270 quomodo
924 1215 1138 1265 excusari,
1173 1218 1218 1257 et
1249 1229 1275 1256 a
1306 1214 1431 1267 graui
1464 1213 1703 1268 suspitione
1734 1212 1836 1253 libe-

73 1284 160 1325 rari
206 1283 421 1338 possintd;
467 1283 638 1336 quando
682 1295 822 1335 neque
863 1281 906 1322 in
947 1281 1137 1323 Recessu
1182 1279 1297 1334 ipso,
1344 1292 1483 1332 neque
1527 1278 1570 1320 in
1615 1278 1838 1320 Conuentu

77 1348 343 1403 Principum,
389 1361 530 1401 neque
577 1347 690 1402 apud
737 1360 898 1401 paucos
946 1345 1116 1398 quidem
1166 1345 1371 1398 dogmata
1419 1343 1594 1397 Concilij
1642 1341 1837 1397 profiteri

75 1414 224 1464 uelint,
267 1416 316 1455 ut
347 1412 586 1466 Religionis
619 1425 723 1454 suae
764 1411 1059 1454 testimonium
1092 1410 1172 1451 hoc
1212 1412 1407 1463 tempore
1440 1411 1484 1451 et
1515 1408 1623 1458 loco,
1666 1407 1709 1449 in
1742 1407 1837 1448 foro

75 1478 282 1520 exteriori
303 1478 542 1532 proferant,
567 1477 824 1531 praesertim
849 1490 945 1517 cum
969 1475 1097 1517 aliter
1120 1473 1317 1516 Pontifici
1340 1473 1531 1515 Maximo
1556 1475 1600 1515 et
1617 1472 1838 1514 Ecclesiae

74 1542 343 1593 satisfacere,
378 1545 422 1585 et
453 1542 760 1596 suspjtioneme
794 1541 938 1583 eluere
971 1554 1055 1581 non
1088 1539 1268 1594 possint.
1333 1538 1487 1591 Neque
1519 1540 1666 1579 tamen
1707 1550 1837 1591 prop·

74 1612 196 1650 terea
238 1607 408 1651 etiamsi
458 1607 621 1649 nullam
671 1605 932 1649 mentionem
983 1604 1348 1658 interponerent.
1380 1603 1434 1644 ad
1479 1602 1696 1657 publicam
1738 1616 1838 1656 pro-

76 1672 357 1715 testationem
392 1672 703 1714 deueniendum
737 1671 982 1720 suademus,
1026 1669 1118 1711 sine
1150 1668 1372 1711 Pontificis
1412 1681 1523 1709 nouo
1557 1669 1601 1709 et
1633 1680 1840 1721 expresso

76 1738 294 1780 mandato.

645 1804 690 1842 4²}
724 1800 941 1850 Quaestio.

391 1874 459 1916 An
491 1873 713 1916 Confessio
746 1872 1004 1925 Augustana
1046 1884 1123 1925 per
1162 1870 1274 1912 hunc
1308 1870 1541 1912 Recessum
1584 1870 1838 1910 confirmata

290 1940 522 1982 videatur?

196 2004 348 2059 Resp.f
409 2005 579 2046 Reuera
624 2018 708 2045 11011
753 2003 1033 2044 confirmatur
1078 2003 1229 2055 aperte
1275 2015 1299 2042 a
1341 1999 1574 2042 Catholicis
1614 1998 1689 2040 illa
1730 1998 1838 2040 Con-

79 2069 223 2119 fessio,
268 2084 377 2123 quae
411 2070 464 2111 ab
506 2068 737 2111 haereticis
770 2067 880 2109 sicut
913 2081 990 2120 per
1022 2066 1109 2108 vim
1142 2066 1324 2114 intrusa,
1367 2065 1429 2106 sic
1460 2064 1671 2106 hactenus
1704 2063 1838 2105 scele-

80 2137 172 2177 rate
197 2135 374 2176 defensa
398 2137 476 2184 est,
513 2137 556 2176 et
589 2134 641 2175 ob
674 2132 957 2174 sectariorum
990 2130 1230 2185 potentiam
1263 2144 1289 2171 a
1318 2129 1549 2172 Catholicis
1582 2142 1666 2169 non
1699 2127 1839 2181 potujt

79 2200 310 2254 prohiberi,
345 2200 570 2253 quominus
604 2213 629 2240 a
661 2197 809 2240 multis
841 2196 1148 2251 reciperetur2.
1212 2195 1331 2237 Jllud
1365 2194 1533 2247 quidem
1577 2206 1725 2235 uerum
1759 2195 1838 2241 est,

80 2265 473 2319 praesumptionem
508 2266 551 2305 et
583 2262 863 2317 suspitionem
899 2275 992 2303 esse
1025 2275 1217 2314 grauem,
1252 2260 1286 2301 si
1321 2258 1529 2301 Catholici
1562 2257 1678 2298 nullo
1711 2259 1839 2311 pacto

81 2330 319 2384 Tridentinj
355 2328 530 2381 Concilij
565 2328 825 2369 mentionem
858 2326 1002 2368 facere
1036 2326 1211 2367 uellent.

199 2412 226 2442 a)
248 2412 281 2436 In
303 2413 326 2435 Γ
342 2412 440 2435 311111·ιί-
459 2412 474 2434 5
499 2417 538 2433 rr.
553 2418 610 2439 sqq.
631 2408 708 2432 linea
730 2408 814 2432 ‹Im-lm
836 2411 885 2431 est.
962 2406 992 2437 b)
1014 2407 1074 2431 Hoc
1096 2414 1117 2430 r.
1132 2414 1223 2437 supra
1247 2413 1358 2430 versum
1380 2405 1519 2435 scriplum
1541 2407 1590 2427 est.
1664 2403 1690 2433 c)
1712 2402 1791 2427 1111113
1812 2404 1840 2426 Γ.

82 2452 112 2481 (1)
133 2451 260 2485 possent
280 2453 352 2477 Larl.
426 2456 452 2479 eja
476 2452 507 2475 ln
530 2452 553 2474 Γ
569 2458 643 2474 corr.
663 2458 699 2473 ea·
718 2448 934 2481 suspetionem.
1009 2447 1035 2476 f,
1059 2448 1142 2472 Deest
1162 2448 1192 2471 in
1214 2448 1244 2471 X
1260 2450 1285 2471 et
1310 2446 1380 2471 lma.

81 2558 176 2580 zwar
193 2547 293 2580 nicht
311 2546 500 2589 ausgaben,
529 2545 614 2578 aber
633 2544 721 2577 doeh
740 2545 906 2577 antasten
926 2543 1077 2576 liessen“
1093 2556 1099 2576 2
1130 2543 1167 2576 C.
1184 2541 1365 2574 .1[.l‹'reile.
1386 2552 1447 2573 ron
1469 2540 1605 2582 Aretin,
1625 2537 1840 2572 Geschichte

82 2599 307 2633 Maximilian
335 2599 397 2633 des
424 2598 552 2632 Ersten
582 2597 605 2633 Ι,
634 2596 768 2630 Ρ333311
792 2596 890 2635 1842,
919 2596 974 2629 66.

205 2653 214 2672 ¹
241 2652 553 2687 Commendonum.

202 2708 214 2725 ²
240 2707 393 2739 loannes
427 2706 616 2739 L'dalriczts
652 2703 780 2736 Zasins
814 2701 1040 2735 consiliarius
1076 2700 1197 2742 regius
1234 2701 1399 2742 Augusta
1435 2698 1467 2731 Τ.
1495 2697 1714 2741 Septembris
1753 2697 1841 2730 1555

84 2758 230 2793 Alberto
257 2771 289 2793 v.
309 2758 485 2792 Bavariae
512 2757 592 2790 duci
619 2756 661 2789 de
688 2755 910 2788 Ferdinando
933 2754 954 2788 1.
982 2753 1222 2787 Romanorum
1249 2764 1353 2795 rege:
1385 2751 1437 2792 ,,.1.
1459 2750 1626 2784 Maiestet
1653 2750 1700 2783 ist
1724 2749 1842 2784 nichts

83 2811 263 2845 schworer
289 2811 379 2845 noch
406 2822 531 2844 saurer
558 2809 782 2847 ankommen,
820 2807 874 2840 als
901 2807 955 2840 die
983 2817 1193 2850 expressam
1228 2804 1494 2849 punctationem
1523 2803 1587 2835 mit
1614 2802 1680 2836 den
1708 2804 1842 2836 worten

84 2864 186 2908 ewig,
213 2864 271 2898 fi'u·
297 2864 368 2898 und
396 2865 452 2897 fiir
479 2863 548 2897 und
575 2862 700 2895 immer
727 2859 867 2894 werend
896 2871 936 2892 zu
964 2858 1141 2901 willigeu;
1179 2857 1263 2891 aber
1298 2856 1388 2890 doch
1419 2857 1562 2900 propter
1588 2855 1717 2889 bonum
1745 2856 1844 2900 pacis

85 2918 197 2951 neben
224 2918 380 2957 anderrn,
408 2917 471 2950 das
498 2915 587 2950 auch
615 2914 739 2948 besscr
764 2913 959 2946 heraussen
988 2912 1056 2945 dan
1083 2911 1183 2944 darin
1212 2922 1293 2948 wer,
1331 2910 1471 2953 passirn
1498 2908 1636 2942 lassen⁴‘
1670 2909 1842 2951 (Druffel-

86 2972 229 3004 Brauon
262 2970 284 3004 1.
313 2982 340 3004 c.
378 2969 427 3003 IV
463 2968 560 3011 716).
612 2970 730 3011 Atque
766 2966 842 3010 ipse
877 2965 1132 2999 Fer-dinanslns
1158 2965 1175 2996 l
1211 2965 1376 3005 Augusta
1412 2962 1468 2995 24.
1496 2961 1716 3006 Septembris
1754 2962 1842 2995 1555

87 3024 211 3057 Carolo
230 3023 271 3057 Y.
292 3022 497 3068 imperatori
515 3021 678 3065 scripsit:
712 3018 818 3060 „Bien
836 3019 866 3052 si
890 3018 926 3062 je
945 3029 1015 3061 nay
1041 3028 1125 3050 30011
1152 3015 1291 3049 obtenir
1311 3026 1351 3049 ce
1375 3026 1443 3058 que
1470 3014 1684 3058 pretendois,
1711 3017 1843 3048 tontes-

87 3077 153 3110 fois
176 3076 238 3121 jay
265 3077 332 3110 fait.
358 3076 403 3110 du
430 3074 563 3109 mieulx
591 3073 663 3117 quil
691 3083 747 3105 ma
775 3073 849 3105 este
877 3069 1043 3115 possible,
1074 3071 1109 3102 et
1135 3068 1284 3111 negocia
1310 3067 1363 3102 les
1389 3067 1531 3101 affaires
1558 3078 1645 3101 auec
1673 3067 1704 3101 le
1731 3068 1845 3101 moins

86 3129 157 3162 mal
194 3141 262 3173 que
294 3129 356 3173 jay
392 3130 550 3172 pouneu‘
584 3127 645 3169 (Ji.
678 3127 788 3167 lanz,
825 3122 1114 3167 Cori-espondenz
1151 3121 1212 3154 des
1248 3120 1394 3154 Kaisers
1423 3120 1507 3153 Karl
1533 3119 1575 3153 V.
1604 3120 1663 3160 111,
1700 3119 1844 3164 Leipzig

91 3182 190 3218 1846,
220 3182 314 3223 684).
