2045 3471
204 237 287 278 230
332 233 433 267 1313.
460 231 556 265 Hier.
576 228 726 269 Natalis,
755 227 850 261 Petr.
871 225 967 263 Can..
995 225 1063 258 Iac.
1083 223 1254 258 Ledesma
1282 222 1403 256 Ioanni
1423 221 1612 254 Francisco
1634 217 1905 253 Commendono.

205 352 344 395 („Haec
370 362 390 383 a
417 348 537 382 nobis*
570 366 612 370 ——
645 344 846 387 ,iudi0i0“),
883 353 989 386 quam
1017 340 1182 375 Canisius
1209 339 1362 384 scripsit,
1400 340 1435 371 et
1461 337 1530 371 tria
1556 337 1698 370 nomina
1724 334 1856 369 litteris
1884 334 1963 368 sub-

203 405 348 449 scripta,
375 413 467 446 quae
493 397 717 443 autographa
743 400 837 432 sunt.
876 396 916 430 In
934 395 1137 429 litterarum
1156 392 1272 437 capite
1294 392 1330 431 (a
1347 390 1476 425 Natale
1495 389 1552 423 vel
1570 388 1735 422 Ximenio
1746 387 1780 431 5³)
1810 387 1963 432 positum

205 460 260 492 est
290 456 375 498 „A“‚
412 456 448 488 et
473 453 539 488 sub
566 465 605 487 eo
636 453 671 495 (a
697 451 736 485 P.
756 451 889 485 Ioanne
916 448 958 482 de
986 447 1141 481 Polanco
1160 445 1352 480 Societatis
1377 442 1637 484 secretario‘?):
1670 442 1710 483 „4
1727 440 1812 485 Maij
1839 440 1960 474 1566.“

205 511 320 544 Huius
347 511 383 542 et
407 506 633 551 sequentium
660 506 679 539 5
712 503 946 550 epistularum
978 500 1025 543 (n.
1047 498 1298 542 1313—1318)
1333 495 1541 542 apographa
1575 495 1637 537 (X)
1659 493 1803 529 saeculo
1822 493 1964 529 XVIII..

205 563 274 598 nisi
300 561 415 602 fallor,
445 560 505 604 (ex
531 559 704 604 spadiano
731 557 852 592 codice
878 554 936 599 [de
963 566 1032 599 quo
1058 553 1163 598 paulo
1194 551 1301 595 infra]
1314 551 1349 593 ‘?)
1379 549 1561 593 exscripta
1589 549 1735 581 exstant
1760 547 1894 580 Romae
1931 546 1965 579 in

206 615 421 651 bibliotheca
448 613 626 653 vaticana,
664 611 747 645 Cod.
780 610 876 652 ,Lat
904 608 996 643 3376
1031 607 1114 641 olim
1140 605 1238 639 XLII
1265 605 1329 639 61‘
1360 604 1384 638 f.
1406 602 1624 638 1682—1691*
1654 600 1869 635 17012—17411
1900 599 1965 633 175

208 668 426 704 17812—1832
454 666 671 701 1842-1852
701 662 926 699 1762—17822
972 661 1127 694 Exstant
1153 659 1259 693 etiam
1287 657 1393 691 huius
1420 654 1596 701 epistulae
1615 655 1651 688 et
1678 653 1698 687 3
1723 653 1967 698 proximarum

210 720 476 767 (1313—1316)
505 717 712 764 apographa
747 727 860 761 eaque
895 726 989 750 saec.
1017 713 1130 747 XVII.
1158 711 1216 746 vel
1249 710 1381 744 XVIII.
1420 709 1481 749 (ex
1517 707 1637 742 codice
1664 705 1880 751 spadiaiioPJ
1909 716 1967 738 ex-

207 777 342 821 scripta
369 773 519 809 Londini
544 773 580 806 in
605 783 728 806 museo
754 769 965 809 britannico,
993 767 1077 801 Cod.
1101 765 1279 808 „Egerton
1300 763 1401 798 1088.
1429 762 1523 796 Plut.
1543 761 1622 795 541.
1647 759 1706 793 E.“
1728 771 1761 804 p.
1781 757 1967 793 666-668

209 827 394 864 669-673
431 826 617 861 665-666
654 823 860 859 673—677:
898 821 981 865 quia
1017 822 1137 854 autem
1173 817 1369 862 archetypa
1408 826 1493 861 prae
1527 813 1692 848 manibus
1728 814 1849 852 erant,
1888 822 1968 855 apo—

209 881 347 927 grapha
384 879 606 915 londinensia
643 877 787 920 neglegi
825 876 1002 920 poterant.
1062 873 1220 906 Litteras
1262 870 1311 912 (n.
1349 868 1455 912 1313)
1494 869 1630 913 primus
1668 866 1766 911 typis
1804 863 1970 907 vulgavit

210 938 288 971 Jac.
315 936 357 968 de
382 933 581 968 Laden-hio
609 931 737 974 Congr.
758 929 817 964 Or.
844 929 881 962 in
911 926 1123 969 „Annalium
1152 922 1507 959 Ecclesiasticorum“
1537 919 1681 954 Baronii
1708 917 1970 953 continuatione

213 988 386 1033 (Annales
412 984 671 1021 Ecclesiastici.
698 983 796 1017 Tom.
824 981 948 1019 XXII..
976 980 1110 1014 Romae
1138 978 1240 1017 1728,
1268 989 1301 1022 p.
1332 976 1396 1010 128
1426 975 1474 1018 [111
1499 985 1531 1008 a.
1560 973 1660 1008 1566.
1688 984 1720 1005 11.
1749 970 1861 1013 233]).
1904 969 1971 1011 Qui

210 1045 332 1077 tamen
349 1052 419 1074 non
437 1039 569 1074 litteris
587 1036 795 1081 archetypis
814 1038 870 1069 est
887 1046 985 1073 usus,
1012 1033 1075 1068 sed
1094 1030 1301 1077 apographo
1321 1030 1454 1063 Romae
1473 1039 1493 1062 a
1516 1025 1724 1072 „peregrino
1751 1027 1786 1058 et
1813 1023 1971 1058 extero‘.

210 1097 251 1129 ut
276 1095 352 1139 ipse
378 1094 438 1133 ait,
466 1093 595 1126 iuvene
622 1089 805 1134 exscripto
832 1100 876 1122 ex
904 1086 1067 1131 exemplo
1099 1085 1153 1127 „in
1178 1083 1310 1122 bibula,
1341 1093 1478 1116 necnon
1505 1090 1647 1114 corrosa
1673 1078 1844 1123 papyro“‚
1876 1075 1971 1115 „bar-

211 1148 296 1182 baro
324 1158 474 1192 quoque.
501 1157 565 1180 seu
584 1143 746 1183 Gothico,
773 1142 995 1185 obscuroque
1022 1138 1248 1174 charactere“
1280 1136 1424 1180 scripto,
1451 1134 1544 1178 quod
1565 1131 1731 1167 exstabat
1756 1131 1790 1164 in
1823 1129 1973 1172 „Biblio-

210 1200 336 1235 thecae
372 1200 457 1234 clar.
484 1209 588 1232 mem.
614 1195 765 1231 Fabritii
791 1193 993 1229 Cardinalis
1020 1192 1178 1237 Spadae“
1211 1190 1247 1233 (†
1275 1189 1382 1231 1717)
1410 1187 1538 1223 Codice
1572 1198 1606 1220 n.
1636 1185 1701 1219 138
1731 1183 1768 1227 (l.
1796 1195 1824 1217 c.
1853 1195 1884 1228 p.
1907 1182 1972 1216 119

212 1254 259 1299 [n.
279 1253 392 1296 230]).
435 1252 593 1286 Litterae
620 1262 665 1284 ex
692 1248 888 1293 archetypo
914 1246 1153 1290 transcriptae
1179 1246 1263 1278 sunt
1289 1243 1324 1276 in
1344 1242 1431 1286 Epp.
1451 1241 1572 1274 Nadal
1598 1236 1817 1273 11188—90.
1861 1235 1975 1269 Parti-

213 1308 312 1342 culas
334 1307 395 1350 (ex
414 1304 626 1346 Laderchio)
646 1303 766 1348 posuit
786 1303 831 1336 K.
851 1302 986 1335 Ko‘hler
1012 1301 1047 1333 in
1070 1296 1319 1341 „Jahrbiicher
1345 1296 1403 1329 fur
1421 1292 1594 1327 deutsche
1613 1290 1826 1333 Theologie‘
1846 1288 1974 1327 XXIII,

214 1361 332 1396 Gotha
361 1359 461 1400 1878,
490 1358 613 1392 57213.
665 1355 811 1390 Litteris
837 1355 893 1389 usi
919 1356 1003 1388 sunt
1030 1354 1143 1387 Kriiss
1168 1350 1240 1385 1.0.
1262 1349 1327 1384 175
1355 1350 1389 1382 et
1415 1347 1533 1388 Dnhr,
1560 1346 1634 1380 Jes.
1661 1344 1675 1377 Ι
1703 1343 1798 1378 828¹.

337 1436 539 1477 Cardinali,
566 1445 650 1467 nam
679 1444 775 1477 „pam
802 1428 1006 1474 7·eli92'o›zz's“
1034 1431 1179 1463 (1.1555
1206 1427 1296 1460 inita
1323 1437 1398 1458 eam
1427 1424 1598 1466 dofflnatis
1624 1421 1766 1455 concilii
1790 1419 1976 1453 tridentini

210 1495 354 1534 pnynet,
381 1489 564 1532 quaerenti
589 1487 820 1529 respondent:
855 1485 933 1518 Non
965 1486 1115 1526 pnynat.
1172 1480 1344 1514 Catholici
1369 1483 1519 1519 tcmtmn,
1556 1480 1591 1508 nt
1622 1475 1746 1518 peiora
1775 1473 1976 1516 effayermt,

215 1544 351 1576 iuriam
376 1553 523 1576 snorum
548 1542 807 1583 suspensionem
836 1538 882 1570 azl
908 1542 1053 1579 tempus,
1083 1535 1200 1578 quoad
1226 1534 1273 1566 ar]
1299 1532 1414 1565 eadem
1443 1529 1660 1562 vindicanda
1686 1529 1778 1559 eires
1802 1525 1870 1558 sibi
1895 1535 1977 1567 snp-

214 1600 378 1640 peterent,
399 1596 652 1638 permisernnt.
683 1593 752 1634 Qui
778 1591 924 1626 docendi
949 1593 1043 1632 sunt,
1065 1588 1264 1631 pontificem
1286 1596 1410 1629 pacem
1447 1583 1546 1616 illam
1572 1593 1640 1615 non
1670 1579 1881 1623 approbare,
1906 1577 1976 1619 sed,

221 1655 256 1683 nt
282 1649 445 1682 catholici
471 1659 544 1681 eam
571 1648 776 1688 confirment
802 1649 831 1678 et
864 1647 1009 1684 sere-ent,
1040 1643 1252 1685 permittere.
1306 1638 1528 1677 Curandum,
1555 1641 1594 1668 vt
1620 1634 1724 1667 [idem
1749 1633 1786 1665 in
1816 1632 1900 1675 ipsis
1926 1640 1979 1663 co-

217 1703 326 1736 mitiis·
352 1703 514 1744 cloymata
542 1700 736 1733 tridentina
768 1698 891 1741 palam
923 1696 1173 1739 profiteantur.
1225 1693 1364 1726 Durius
1393 1690 1483 1723 nihil
1508 1689 1692 1731 offendam,
1723 1686 1794 1718 nisi
1817 1684 1979 1727 pontifice

219 1756 384 1790 consalta

594 1808 620 1858 †
653 1806 824 1848 jhesus.
890 1802 1117 1856 Proposita
1149 1801 1254 1842 haec
1288 1802 1354 1840 est
1387 1795 1597 1850 quaestio.

339 1884 382 1926 Si
425 1897 511 1938 pax
544 1883 720 1935 eiusque
754 1879 1021 1923 conditiones
1064 1890 1273 1923 annexae,
1316 1871 1674 1928 quemadmodum
1715 1869 1756 1910 in
1791 1868 1979 1909 Recessu

222 1948 448 2004 Jmperiali
481 1949 606 1990 Anno
644 1948 754 1988 1555
790 1946 1016 1998 Augustae
1049 1942 1242 1984 sancitae
1259 1944 1284 1990 1,
1330 1938 1481 1981 deinde
1515 1950 1626 1978 anno
1662 1936 1729 1977 57.
1764 1935 1807 1975 et
1841 1933 1894 1974 59
1937 1932 1979 1972 111

223 2014 414 2069 Jmperio
450 2014 732 2056 confirmatae
764 2010 941 2052 fuerunt
955 2010 983 2057 ἱ),
1017 2007 1060 2049 111
1093 2007 1172 2048 hoc
1205 2006 1297 2059 ipso
1330 2004 1521 2045 Recessu
1553 2013 1722 2042 rursum
1755 1998 1981 2039 confirma—

222 2083 397 2122 rentur:
440 2077 508 2119 An
550 2076 707 2118 idcirco
751 2074 863 2128 quod
906 2073 959 2115 ad
993 2071 1236 2114 Catholicos
1278 2069 1450 2111 attinet.
1493 2064 1768 2119 dogmatibus
1806 2060 1980 2114 Concilij

224 2143 462 2197 Tridentinj
496 2140 900 2196 praeiudicaretur?

342 2208 502 2250 Contra
533 2207 659 2248 huius
692 2203 866 2257 Concilij
901 2203 1105 2256 dogmata
1140 2214 1249 2253 quae
1290 2198 1389 2240 fidei
1422 2211 1516 2239 esse
1553 2193 1847 2247 intelligimus,
1889 2189 1982 2232 fieri

225 2274 294 2316 uel
332 2271 619 2327 praeiudicari
661 2284 745 2312 non
777 2269 950 2311 videtur
991 2266 1026 2308 si
1067 2279 1153 2320 pax
1186 2265 1228 2306 111
1261 2261 1561 2317 Superioribus
1593 2257 1850 2301 Recessibus
1883 2269 1982 2297 con-

226 2338 394 2388 stituta,
429 2350 540 2379 nunc
572 2336 728 2378 iterum
763 2334 1052 2380 confirmetur,
1087 2331 1186 2372 dum
1216 2327 1473 2371 Germaniae
1495 2326 1646 2368 Status
1675 2323 1717 2364 in
1750 2321 1815 2363 his
1846 2319 1982 2363 tantis

228 2402 414 2456 dissidijs
446 2401 640 2455 grauiter
671 2413 775 2441 sane
808 2398 1003 2440 laborat³
1027 2393 1101 2450 [?].

346 2467 510 2508 Deinde
552 2465 587 2507 si
620 2464 816 2506 adiectae
858 2461 954 2504 huic
996 2460 1088 2514 paci
1123 2457 1389 2500 conditiones
1427 2453 1741 2508 expendantur,
1783 2449 1985 2491 videntur

228 2533 328 2574 illae
360 2544 507 2573 omnes
540 2532 741 2571 constare
773 2541 869 2569 cum
892 2525 1017 2568 dictis
1050 2522 1323 2577 dogmatibus
1346 2518 1533 2572 Concilij,
1569 2530 1664 2559 cum
1687 2528 1834 2557 earum
1866 2512 1984 2554 nulla

231 2601 381 2639 contra
403 2594 668 2638 Catholicum
702 2593 859 2645 dogma
890 2591 933 2632 in
968 2590 1116 2632 eodem
1140 2586 1327 2629 Concilio
1351 2583 1571 2626 definitum
1604 2581 1749 2622 facere
1772 2578 1981 2620 uideatur.

231 2662 287 2703 Jn
320 2660 472 2714 quibus
505 2659 675 2712 quidem
709 2655 1023 2699 conditionibus
1056 2652 1171 2695 aliud
1204 2664 1298 2692 esse
1332 2648 1436 2690 nihil
1464 2644 1756 2698 intelligimus
1790 2644 1984 2696 praeter-

233 2740 360 2779 quam
392 2723 731 2778 permissionem,
766 2716 1177 2763 dissimulationemb
1210 2712 1541 2756 Ecclesiasticae
1573 2706 1892 2754 iurisdictionis,
1936 2719 1985 2747 ac

351 2826 378 2853 a)
401 2823 445 2847 Sic·
464 2823 518 2846 I'X
537 2821 626 2851 Lasl.;
646 2820 832 2851 leyendumne
852 2816 1013 2843 laborant?
1084 2813 1113 2843 b>
1135 2811 1393 2838 dissimulationes
1415 2809 1487 2835 Lad.

358 2961 365 2979 ¹
394 2959 507 2992 Huius
533 2957 633 3002 pacis
660 2955 767 2989 editio
794 2953 918 2988 critica
945 2953 1064 2985 exstat
1090 2950 1125 2983 in
1157 2948 1344 2990 „Beitr'age
1370 2957 1431 2979 zur
1450 2939 1789 2984 Reichsgeschichte
1819 2939 1906 2972 1553
1934 2937 1987 2971 bis

240 3012 346 3045 1555⁴‘
391 3022 459 3044 von
497 3012 586 3053 Any.
620 3009 772 3050 Draffel,
812 3007 959 3049 erganzt
997 3003 1066 3037 und
1102 3000 1300 3035 bearbeitet
1336 3009 1405 3031 von
1439 2996 1534 3030 Karl
1570 2994 1711 3027 Brandi
1749 2991 1879 3034 [Briefe
1916 2989 1986 3023 und

238 3063 357 3096 Akten
383 3074 444 3095 zur
471 3061 686 3095 Geschichte
712 3060 774 3093 des
804 3059 855 3092 16.
884 3055 1148 3091 Jahrhunderts
1174 3052 1249 3096 IVJ,
1276 3049 1453 3085 Miinchen
1483 3046 1582 3081 1596.
1611 3045 1805 3078 724-744.

356 3121 369 3141 ‘⁶‘
394 3121 471 3154 Hae
498 3119 785 3153 confirmationes
812 3119 845 3150 in
865 3115 1018 3150 comitiis
1037 3112 1176 3157 imperii
1195 3122 1226 3145 a.
1248 3110 1335 3144 1557
1355 3106 1570 3142 Ratisbonae
1589 3107 1624 3138 et
1643 3115 1672 3136 a.
1696 3103 1783 3137 1559
1804 3103 1988 3145 Augustae

239 3175 357 3208 factae
384 3175 527 3206 exstant
555 3173 588 3204 in
614 3171 723 3204 libro:
757 3170 875 3210 „Aller
901 3166 969 3201 defi
998 3165 1160 3208 Heiligen
1179 3161 1393 3197 Rbmischen
1413 3157 1540 3192 Reichs
1567 3156 1775 3199 gehaltener
1796 3154 1988 3195 Reichstag

241 3227 423 3267 Ordnung‚
451 3224 607 3265 Satzung
634 3223 704 3256 vnd
732 3221 914 3262 Absche'ed,
941 3219 1087 3262 Meyntz
1116 3216 1239 3253 1621&
1266 3214 1332 3248 497
1361 3212 1439 3245 519.
