2045 3471
208 224 291 265 742
380 223 475 257 Mon.
494 223 563 258 813
589 224 667 258 sive
693 224 732 259 it.
755 224 844 268 (20).
880 225 912 258 A
930 225 1021 259 med.
1041 225 1116 260 fere
1135 237 1180 260 m.
1195 226 1296 260 Iunio
1315 226 1360 260 ad
1377 227 1469 260 med.
1488 227 1563 261 fere
1581 239 1628 262 m.
1642 228 1734 272 Aug.
1751 228 1852 263 1565.

323 340 518 374 Camerarii
551 340 677 375 relatio
703 341 857 385 primum
882 343 981 387 typis
1007 342 1160 387 vulgata
1195 345 1251 377 est
1285 343 1320 377 in
1353 343 1467 378 altera
1494 346 1596 388 parte
1622 344 1714 385 libri,
1750 345 1811 389 qui
1837 346 1889 380 sic
1914 346 1965 380 in-

203 393 391 427 scribitur:
420 395 499 438 „J0.
523 395 670 438 Geor-aii
696 395 922 429 Schellzornii
946 395 997 429 De
1011 395 1107 438 Vita,
1134 396 1220 430 fatis
1247 407 1289 430 ac
1315 396 1454 430 meritis
1482 396 1639 442 Philippi
1658 397 1854 432 Camerarii
1880 399 1965 440 Jcti,

202 445 374 480 Historici
401 458 442 481 ac
468 446 648 491 Philologi
672 448 862 492 pereximii
888 450 924 482 et
949 448 1054 494 primi
1080 449 1296 483 Academiae
1321 449 1521 484 Altorfinae
1547 450 1836 493 Prownoessarii,
1865 451 1965 486 Com-

202 500 411 534 mentarius.
453 501 604 534 Accedit
630 503 775 545 praeter
799 501 936 536 selecta
962 513 1007 536 ex
1032 502 1196 547 epistolis
1222 502 1380 536 virorum
1408 502 1473 536 cel.
1500 503 1544 537 ad
1570 503 1689 548 ipsum
1716 504 1862 549 scriptis
1888 505 1965 539 eius

202 552 344 587 Relatio
379 553 422 587 de
450 552 670 598 Captivitate
705 565 771 588 sua
796 554 958 589 Romana
992 557 1028 590 et
1059 555 1270 590 liberatione
1305 555 1380 589 fere
1407 556 1622 590 miraculosa
1646 568 1741 591 nunc
1766 558 1920 601 primum
1947 569 1965 591 e

201 605 275 640 MS.
303 606 409 640 edita.
427 606 660 650 Noribergae,
687 607 809 642 1740.“
849 608 1013 642 Latinam
1039 608 1132 643 hanc
1158 608 1349 642 editionem
1376 611 1501 643 secuta
1527 611 1582 643 est
1608 609 1680 643 alia
1707 610 1826 651 editio,
1853 622 1966 654 eaque

201 659 425 702 germanica:
465 659 576 702 „Zwei
603 660 773 704 Beitrage
808 673 871 694 zur
897 660 1114 696 Geschichte
1141 662 1204 696 der
1229 661 1436 696 Finsterniss
1471 662 1507 696 in
1539 662 1601 696 der
1626 662 1965 698 Reformationszeit

200 712 286 746 oder
311 712 376 747 Ph.
404 712 630 747 Camerarius
656 713 866 748 Schicksale
902 714 937 748 in
972 715 1111 756 Italien,
1147 714 1238 749 nach
1275 715 1404 748 dessen
1440 715 1585 758 eigener
1621 715 1859 750 Handschrift
1893 717 1964 750 und

200 765 342 810 Adolph
369 765 611 800 Clarenbachs
637 767 881 812 Martyrthum
917 767 1009 802 nach
1044 768 1143 802 einer
1177 767 1261 802 sehr
1296 767 1412 802 selten
1447 768 1684 811 gewordenen
1711 768 1965 803 Druckschrift

199 830 269 852 von
297 820 444 853 Johami
471 820 613 854 Arnold
637 821 779 854 Kanna.
830 820 1026 855 Frankfurt
1051 833 1109 855 am
1133 821 1233 855 Main
1262 820 1384 856 1822.“

320 877 485 912 Codicem
513 878 707 912 Camerarii
738 878 961 922 (membrana
986 882 1134 921 tectum,
1161 892 1218 925 pp.
1238 880 1317 919 244,
1344 881 1379 913 in
1399 880 1450 924 80)
1480 879 1707 914 Francofurti
1733 880 1777 914 ad
1795 880 1962 915 Moenum

200 931 267 965 sub
309 943 341 965 a.
379 931 469 966 1732
512 932 547 965 in
588 931 843 966 bibliothecam
892 933 1133 978 parochialem
1177 933 1351 967 ecclesiae
1394 933 1653 967 Germanorum
1704 933 1959 975 „reformatae“

203 983 668 1027 („teutsch:ref0rmirte
704 985 940 1029 Gemeinde“)
977 987 1118 1020 illatum
1154 997 1233 1020 esse
1269 988 1305 1019 et
1337 986 1469 1020 ibidem
1505 986 1613 1020 etiam
1648 998 1741 1020 anno
1779 986 1869 1021 1822
1904 998 1963 1021 ex-

200 1037 339 1071 stitisse
366 1037 588 1081 intellegitur
615 1050 660 1072 ex
685 1037 775 1073 libro
801 1040 945 1073 Kanm'i
972 1039 1011 1083 (l.
1039 1051 1068 1073 c.
1095 1039 1227 1083 4—7);
1254 1041 1379 1083 postea
1407 1041 1470 1072 aut
1495 1039 1632 1083 perisse
1659 1040 1722 1072 aut
1747 1038 1817 1073 alio
1843 1050 1963 1084 aspor-

198 1090 314 1124 tatum
341 1102 420 1124 esse
446 1091 607 1131 videtum
640 1103 732 1125 anno
758 1094 856 1126 certe
885 1093 972 1127 1907
1000 1092 1133 1137 accepi,
1169 1104 1249 1126 eum
1277 1103 1392 1136 neque
1427 1092 1463 1125 in
1498 1092 1559 1126 illa
1586 1091 1812 1134 bibliotheca,
1847 1104 1963 1136 neque

197 1142 233 1176 in
260 1143 477 1178 bibliotheca
502 1144 611 1185 urbis,
638 1156 754 1189 neque
780 1145 815 1178 in
842 1145 989 1179 archivo
1015 1145 1115 1180 urbis
1141 1157 1232 1180 esse.
1283 1146 1365 1178 Ideo
1390 1157 1447 1179 me
1474 1157 1515 1179 ea
1542 1156 1633 1189 quae
1660 1145 1702 1178 de
1729 1145 1872 1179 Canisio
1899 1145 1963 1179 Ca-

197 1197 373 1230 merarius
398 1196 549 1237 rettulit,
575 1209 645 1231 non
672 1209 718 1232 ex
743 1198 850 1232 huius
877 1198 1112 1243 autographo,
1139 1199 1202 1232 sed
1231 1209 1276 1232 ex
1304 1198 1521 1232 editionibus
1547 1197 1618 1231 illis
1645 1197 1789 1231 haurire
1816 1209 1962 1232 necesse

199 1251 272 1290 est;
312 1250 441 1294 quibus
468 1249 664 1284 Camerarii
690 1251 901 1285 relationem
928 1252 969 1286 ad
998 1252 1147 1286 verbum
1174 1263 1243 1286 non
1270 1251 1422 1296 exprimi
1449 1250 1540 1285 satis
1566 1253 1703 1284 certum
1730 1253 1804 1290 est;
1840 1250 1963 1285 Schel-

197 1302 344 1336 hornius
370 1303 579 1337 relationem
614 1304 725 1338 latine
750 1305 863 1338 vertit
897 1307 932 1338 et
967 1305 1089 1349 aliqua
1116 1304 1230 1349 (puto,
1266 1305 1349 1348 quia
1387 1305 1417 1338 ei
1444 1304 1552 1338 nimis
1583 1303 1722 1337 insulsa
1747 1303 1806 1337 vel
1840 1304 1962 1338 odiosa

197 1367 277 1390 esse
303 1356 534 1399 videbantur)
562 1369 608 1390 ex
634 1369 676 1391 ea
702 1358 877 1398 resecuit;
913 1358 1038 1392 Karine
1073 1358 1150 1402 ipse
1186 1358 1341 1391 fatetur:
1379 1357 1423 1391 Se
1458 1356 1642 1390 relationis
1668 1357 1960 1391 retractationem

198 1408 523 1453 („Bearbeitung“)
543 1422 758 1455 proponere:
787 1411 858 1444 alia
885 1422 905 1445 a
927 1423 967 1445 se
984 1411 1117 1445 omissa
1135 1422 1225 1449 esse,
1253 1410 1325 1444 alia
1350 1411 1385 1444 in
1403 1410 1550 1444 brevem
1570 1421 1746 1443 summam
1765 1412 1960 1449 contracta,

196 1462 268 1496 alia
293 1462 398 1496 aliter
422 1464 613 1497 immutata
642 1463 680 1506 (l.
708 1475 736 1498 c.
766 1464 896 1506 7—8);
932 1465 1026 1498 idem
1062 1464 1180 1497 omnia
1206 1475 1319 1508 paene
1346 1463 1541 1497 Camerarii
1567 1463 1680 1497 verba
1715 1463 1760 1496 ad
1786 1463 1962 1498 sermonis

196 1526 310 1558 genus
345 1516 488 1550 saeculo
514 1516 610 1550 XIX.
636 1516 672 1550 in
700 1516 891 1551 Germania
927 1517 1099 1551 usitatum
1135 1516 1440 1557 accommodavit;
1478 1528 1589 1560 quare
1623 1516 1753 1550 mirum
1790 1527 1859 1550 non
1895 1518 1960 1557 est,

199 1567 472 1603 Schelhornium
498 1571 535 1603 et
560 1569 740 1603 Kannium
766 1570 890 1605 multis
917 1570 1116 1604 rationibus
1142 1570 1236 1604 inter
1262 1581 1300 1603 se
1328 1569 1543 1614 discrepare.

315 1627 393 1671 Ego
411 1627 683 1662 Schelhornium
710 1640 851 1672 sequar,
878 1629 929 1662 ita
954 1631 1086 1669 tamen,
1112 1631 1161 1669 ut,
1188 1627 1249 1662 ubi
1267 1627 1386 1662 visum
1413 1627 1482 1661 erit
1507 1630 1756 1672 opportunum,
1783 1627 1890 1661 etiam
1916 1639 1962 1661 ex

198 1680 337 1714 Kannio
375 1680 497 1724 aliqua
534 1682 724 1725 proferam.
775 1682 840 1716 Ille
875 1682 969 1715 enim
1005 1682 1156 1715 Ioannes
1192 1681 1369 1725 Georgius
1408 1680 1604 1715 Schelhorn
1647 1681 1819 1723 „senior“,
1855 1692 1961 1724 quem

197 1735 329 1767 vocant
356 1733 636 1777 (1694—1773),
664 1734 835 1769 historiae
858 1735 964 1769 valde
990 1735 1128 1780 peritus
1154 1736 1189 1768 et
1216 1735 1251 1768 in
1276 1734 1518 1768 monumentis
1543 1733 1725 1768 historicis
1751 1733 1962 1776 colligendis

200 1786 313 1829 (more
339 1787 419 1829 suo)
440 1787 586 1821 sedulus
610 1790 718 1831 atque
737 1788 892 1831 diligens
911 1790 1005 1828 erat;
1035 1789 1094 1832 qui
1114 1788 1182 1822 etsi
1200 1788 1443 1830 Memmingae
1460 1787 1738 1832 protestantium
1756 1786 1961 1820 ministrum

196 1841 232 1873 et
258 1839 612 1884 superintendentem
647 1841 789 1884 agebat,
826 1842 934 1875 etiam
965 1853 1044 1875 cum
1076 1841 1190 1875 doctis
1217 1841 1356 1885 aliquot
1380 1841 1469 1874 viris
1495 1840 1681 1874 catholicis
1708 1841 1960 1875 commercium

196 1891 370 1933 habebat;
406 1895 448 1927 ut
481 1905 561 1927 cum
598 1894 773 1928 cardinali
808 1895 947 1937 Angelo
982 1895 1098 1929 Maria
1132 1894 1279 1935 Quirino
1315 1894 1355 1928 O.
1388 1893 1421 1928 S.
1449 1894 1488 1927 B.
1529 1893 1758 1937 (Allyemeine
1791 1894 1962 1927 Deutsche

196 1946 416 1989 Bae'oyraplcie
440 1946 543 1980 XXX
570 1947 768 1982 756—759.
820 1949 895 1981 Iolz.
923 1949 1026 1991 Bapt.
1055 1948 1266 1990 qumttller,
1302 1946 1368 1980 Die
1403 1945 1603 1980 kirchliche
1630 1946 1867 1989 Aufklarung
1903 1957 1960 1980 am

196 1998 289 2032 Hofe
315 1998 377 2032 des
404 1999 566 2043 Herzogs
592 2000 680 2034 Kar]
698 2000 823 2044 Eugen
842 2012 912 2034 von
931 2000 1215 2043 Wiirttemberg,
1242 1999 1416 2042 Freiburg
1442 1999 1464 2033 i.
1483 1999 1542 2033 ΒΓ.
1564 2000 1663 2039 1906,
1685 1999 1797 2043 138¹).
1839 1998 1960 2042 Longe

197 2053 316 2085 autem
351 2052 568 2086 obscurioris
602 2054 756 2088 nominis
792 2056 848 2088 est
882 2054 1034 2087 loannes
1068 2053 1249 2087 Arnoldus
1285 2053 1410 2086 Kanne
1447 2052 1734 2095 (1773—1824),
1772 2052 1876 2086 homo
1910 2052 1960 2086 in-

197 2105 339 2148 quietus
365 2107 401 2139 et
427 2105 614 2140 catholicis
641 2106 814 2141 infensus.
863 2106 930 2148 Qui
957 2118 1063 2151 quam
1091 2118 1159 2140 non
1186 2106 1296 2140 fuerit
1320 2106 1459 2150 peritus
1484 2105 1656 2139 historiae
1682 2105 1960 2145 ecclesiasticae,

196 2169 241 2191 ex
267 2158 566 2199 adnotationibus,
604 2159 733 2203 quibus
760 2159 955 2194 Camerarii
982 2159 1191 2194 relationem
1219 2161 1369 2193 conatur
1394 2158 1588 2195 illustrare.
1628 2159 1874 2201 cognoscitur;
1909 2159 1959 2192 ita

200 2211 237 2253 (l.
265 2223 293 2244 c.
323 2210 387 2245 72*
415 2211 514 2255 81**)
554 2211 587 2246 S.
616 2212 720 2246 Pium
737 2213 781 2247 V.
811 2213 1079 2256 (1504—1572)
1118 2214 1299 2246 auctorem
1333 2211 1422 2246 facit
1452 2211 1650 2253 „famosae“
1684 2211 1786 2253 („der
1812 2210 1960 2245 bertich-

197 2264 354 2307 tigten“)
383 2264 480 2299 illius
507 2265 632 2300 Bullae
659 2265 798 2300 Coenae
828 2266 936 2310 (quae
962 2267 1032 2300 iam
1059 2265 1202 2300 saeculo
1228 2264 1324 2299 XIV.
1351 2265 1535 2308 exstabat)
1563 2267 1599 2298 et
1623 2264 1852 2298 nuntiaturas
1878 2275 1958 2309 apo-

197 2317 345 2351 stolicas
371 2317 609 2352 coloniensem
637 2321 672 2353 et
697 2319 946 2354 lucernensem
972 2330 1065 2353 anno
1086 2319 1176 2353 1565
1201 2318 1272 2352 iam
1300 2318 1485 2352 exstitisse
1511 2317 1669 2351 affirmat
1689 2317 1794 2361 (quas
1813 2328 1853 2351 eo
1872 2319 1959 2351 tem-

198 2381 283 2414 pore
320 2382 388 2404 non
416 2371 603 2405 exstitisse
630 2371 776 2416 planum
803 2372 888 2415 est).
939 2372 1060 2416 Atque
1087 2371 1249 2415 equidem
1277 2371 1451 2415 suspicor,
1487 2370 1683 2404 Camerarii
1711 2370 1822 2404 verba
1849 2371 1892 2404 ab
1919 2382 1959 2403 eo

198 2422 293 2457 haud
320 2424 431 2457 semel
457 2427 625 2469 corrupta
652 2436 748 2465 esse:
786 2437 879 2465 nam,
915 2428 957 2459 ut
990 2425 1079 2458 nihil
1116 2425 1231 2458 dicam
1267 2425 1310 2458 de
1337 2424 1473 2458 duobus
1501 2423 1693 2457 cardinalis
1718 2423 1821 2457 Hosii
1847 2423 1957 2457 libris.

199 2487 288 2519 quos
314 2477 390 2520 ipse
416 2478 451 2511 in
477 2489 587 2512 unum
614 2478 802 2512 confundit
829 2478 927 2521 (vide
953 2478 1049 2512 infra
1075 2489 1108 2523 p.
1137 2478 1250 2521 7462),
1285 2478 1349 2511 vix
1375 2477 1472 2511 credi
1498 2479 1626 2521 potest,
1662 2476 1706 2510 ab
1731 2477 1808 2521 ipso
1836 2475 1958 2509 Carne-

197 2529 291 2562 rario
310 2529 497 2564 Albertum
510 2530 553 2566 V.
572 2531 750 2566 Bavariae
770 2531 896 2566 ducem
922 2531 1082 2565 habitum
1110 2542 1190 2565 6556
1215 2530 1411 2575 principem
1439 2530 1629 2564 electorem
1656 2529 1795 2574 imperii
1815 2529 1960 2571 (Kanne

196 2581 219 2615 1.
247 2593 276 2615 c.
304 2581 377 2626 25),
414 2595 477 2627 pro
513 2584 700 2618 notissimo
735 2584 796 2618 illo
832 2584 968 2629 templo
994 2595 1140 2618 romano
1170 2584 1263 2626 „Ara
1290 2583 1408 2617 Coeli“
1438 2583 1548 2617 semel
1576 2585 1684 2626 atque
1709 2582 1840 2616 iterum
1870 2581 1958 2627 „Aja

201 2633 318 2668 Caeli“
348 2636 504 2679 positum
532 2636 570 2679 (l.
598 2648 627 2671 c.
654 2637 700 2671 30
725 2637 800 2679 42),
840 2636 1074 2681 apostolicum
1111 2637 1204 2681 apud
1229 2636 1481 2681 imperatorem
1508 2635 1672 2669 nuntium
1703 2634 1954 2679 „Delphicum“

199 2698 261 2730 pro
288 2687 474 2732 Delphino,
509 2689 736 2733 praeclarum
770 2689 871 2724 illum
907 2690 1094 2724 Bartolum
1121 2689 1299 2733 (Bartolo)
1337 2689 1581 2733 iurisperitum
1616 2688 1823 2732 perusinum
1854 2687 1958 2729 „Bar—

199 2739 332 2773 tholet“
361 2744 529 2775 vocatum
557 2741 595 2785 (l.
623 2754 651 2776 c.
679 2743 722 2776 67
752 2743 824 2785 ¹75),
861 2742 1108 2776 Maximiliano
1134 2743 1179 2776 ΙΙ.
1210 2753 1367 2776 sororem
1401 2741 1543 2775 nomine
1575 2740 1841 2783 „Austriacam“
1880 2739 1958 2784 (pro

201 2791 347 2836 Ioanna)
376 2794 548 2828 tributam
575 2807 653 2829 esse
681 2796 721 2837 (l.
740 2807 769 2830 c.
790 2796 863 2839 70).
900 2795 1014 2835 Certe,
1042 2795 1072 2829 si
1098 2807 1118 2829 a
1146 2795 1350 2829 Camerario
1376 2794 1453 2839 ipso
1480 2794 1530 2828 ita
1557 2796 1713 2828 erratum
1740 2795 1805 2834 est,
1831 2793 1958 2827 Kanne

200 2847 317 2878 errata
342 2849 465 2880 notare
492 2847 624 2882 debuit.
675 2848 743 2882 Sed
771 2849 813 2882 de
840 2849 895 2882 his
921 2849 1028 2882 rebus
1053 2848 1143 2882 satis
1169 2848 1255 2883 dixi.
1306 2848 1392 2889 Iam,
1428 2859 1519 2891 quae
1546 2847 1590 2881 ad
1616 2858 1690 2880 rem
1716 2857 1832 2880 meam
1859 2857 1957 2890 spec-

200 2898 289 2938 tant,
317 2910 361 2931 ex
390 2900 620 2934 Schelltornio
649 2901 687 2944 (l.
716 2913 744 2934 e.
772 2902 804 2934 H
833 2902 962 2944 1-76)
992 2913 1091 2946 pono.

318 3011 485 3051 Narrat
509 3013 805 3054 Camerarius:
837 3014 903 3065 Se,
937 3028 1028 3054 cum
1051 3015 1096 3055 in
1118 3013 1270 3055 Italiae
1296 3013 1637 3054 universitatibus
1669 3013 1756 3052 iuri
1788 3025 1955 3066 operam

203 3074 307 3114 clare
348 3077 568 3127 statuisset,
611 3078 682 3118 20.
704 3077 957 3131 Septembris
991 3079 1106 3119 1563
1147 3079 1226 3118 iter
1265 3078 1500 3131 inqressum
1543 3090 1639 3128 esse,
1686 3090 1733 3117 ae
1770 3077 1955 3130 primu-m

202 3138 367 3191 quidem
401 3138 572 3180 Patavii
613 3142 860 3194 consedisse,
902 3146 993 3195 post
1034 3142 1206 3196 aliquod
1249 3147 1382 3183 autem
1426 3146 1585 3195 tempus
1617 3140 1664 3181 ob
1696 3141 1817 3182 rixas
1848 3142 1958 3181 inter

205 3201 448 3253 Germanos,
482 3203 671 3253 Poloiios,
705 3204 834 3245 Italos
866 3210 982 3246 ortas
1012 3206 1111 3246 inde
1141 3205 1387 3260 profectum,
1424 3220 1501 3259 per
1533 3219 1692 3246 amium
1726 3205 1956 3246 Feri-ariae
