2045 3471
175 198 259 239 710
506 193 600 226 Mon.
622 192 689 227 780
715 192 792 227 sive
817 191 917 226 herb.
938 191 1029 236 (15).
1069 192 1099 225 A
1126 191 1157 225 d.
1178 191 1233 225 25.
1253 191 1297 225 ad
1325 189 1380 225 30.
1399 189 1491 224 Iunii
1511 189 1613 224 1567.

173 316 372 358 trattaua
413 313 455 354 di
495 313 617 354 leuar
650 314 801 365 queste
843 311 1035 354 clausule
1077 310 1144 352 del
1186 310 1475 352 instrumento
1518 309 1632 351 della
1672 308 1939 357 fundatione,

173 394 251 434 per
292 379 369 421 che
410 392 496 420 non
528 377 699 419 volesse
739 377 810 419 far
851 377 949 430 quel
992 376 1142 418 effetto
1184 374 1254 416 del
1294 374 1567 428 predicatore
1600 375 1645 416 et
1677 373 1719 415 di
1760 373 1941 426 qualche

173 444 391 497 theologe,
425 457 497 485 ma
529 443 607 485 che
639 456 724 484 non
757 442 901 496 potria
932 440 1091 496 pigliar
1121 453 1266 481 nuoua
1289 438 1553 492 obligatione
1585 452 1662 493 per
1693 438 1762 480 far
1784 438 1939 492 quello,

175 512 220 552 et
250 509 295 551 in
325 508 390 551 tal
421 507 547 550 modo
579 507 637 549 mi
668 521 774 562 pare
805 507 1045 561 parlauano
1077 506 1117 547 le
1149 505 1308 547 lettere
1341 503 1381 545 di
1405 503 1457 546 V.
1481 503 1532 546 R.
1556 504 1603 546 P.
1627 517 1757 557 sopra
1789 505 1940 556 questo

174 573 354 628 negocio
386 573 592 615 mandate
625 573 667 615 al
698 573 750 615 R.
774 572 820 614 P.
849 571 978 613 nadal
1013 570 1081 612 cui
1114 570 1235 624 copie
1266 583 1352 610 non
1383 568 1440 610 ho
1472 569 1626 610 adesso
1660 582 1866 622 appresso
1900 568 1943 609 di

173 645 265 682 me⁸
296 663 354 668 ——
386 638 499 680 Sono
541 641 693 691 queste
733 638 892 680 lettere
930 636 1084 678 scritte
1126 634 1197 676 alli
1243 636 1298 676 20
1331 633 1374 675 di
1414 633 1589 687 maggio
1626 634 1736 675 1567
1781 633 1818 674 si
1859 633 1942 675 ben

174 704 231 746 mi
263 704 474 746 racord01
506 729 575 752 -—,
611 705 655 745 et
687 702 777 744 cosi
808 702 998 744 anchora
1030 700 1059 742 il
1091 698 1313 754 prohemio
1347 698 1460 740 della
1492 698 1679 740 formula
1710 700 1942 752 acceptan-

175 770 325 811 dorum
360 768 639 822 collegiorum
674 767 742 809 del
775 766 990 820 quondam
1017 764 1274 807 Reuerendo
1309 763 1368 807 .P.
1403 765 1552 805 nostro
1585 763 1772 816 Laynez,
1803 763 1941 816 parla,

175 834 368 884 dicendo,
412 833 608 876 Societas
649 847 734 874 non
777 846 833 874 ex
875 845 988 873 noua
1021 828 1287 882 obligatione
1321 829 1435 872 etc.2
1466 828 1536 882 poi
1579 826 1789 870 monstrai
1822 841 1942 869 come

175 898 306 953 quelli
337 898 562 952 ministerij
596 898 701 940 nelli
733 896 849 950 quali
881 896 918 938 si
950 895 1145 938 exercita
1176 894 1220 936 la
1252 893 1510 948 compagnia
1540 893 1571 946 lj
1605 893 1771 935 doueua
1803 891 1943 945 gratis

174 964 467 1014 ministrare3,
511 963 693 1017 legendo
735 962 879 1015 quello
921 962 999 1003 che
1032 962 1054 1002 e
1089 974 1173 1002 ca.
1201 961 1244 1001 1‘3
1277 958 1490 1001 examinis
1522 971 1702 1000 numero
1737 959 1797 1000 ‚35‘
1829 957 1944 999 circa

173 1030 316 1080 finem,
350 1029 488 1083 partis
522 1031 576 1072 .6.
611 1042 703 1082 cap.
728 1029 767 1070 2.
790 1040 969 1069 numero
1004 1028 1043 1076 7,
1073 1026 1182 1079 ,item
1214 1024 1312 1066 Par.
1340 1026 1415 1066 10²?
1446 1037 1623 1065 numero
1657 1024 1696 1066 5.
1731 1025 1776 1065 et
1806 1022 1944 1076 parti-

175 1094 364 1136 cularius
391 1094 439 1137 P.
463 1095 488 1135 4
522 1108 584 1136 ca.
611 1095 649 1136 7.
674 1106 852 1134 numero
887 1093 926 1135 3.
960 1090 1032 1132 vbi
1065 1103 1272 1144 expresse
1304 1089 1461 1131 dicitur
1492 1103 1579 1130 non
1601 1088 1757 1130 debere
1787 1087 1942 1129 funda-

174 1159 337 1201 tionem
371 1158 542 1212 collegij
575 1157 793 1212 acceptari
828 1171 924 1199 cum
955 1155 1201 1198 huiusmodi
1234 1154 1541 1207 obligatione4,
1579 1153 1750 1206 quando
1782 1152 1812 1194 il
1845 1167 1941 1194 ves-

176 1238 282 1266 couo
323 1223 558 1266 intendeua
599 1225 752 1276 questo
796 1222 831 1264 si
874 1222 971 1263 leuo
1012 1221 1055 1262 in
1089 1220 1233 1262 colera
1266 1222 1310 1261 et
1343 1232 1588 1260 commenzo
1623 1233 1648 1260 a
1688 1217 1943 1260 lamentarsi

176 1290 247 1332 dal
289 1289 339 1332 R.
372 1289 419 1331 P.
453 1289 583 1331 nadal
625 1291 669 1331 et
712 1287 851 1329 Padre
892 1286 1085 1336 CanisiO,
1130 1298 1252 1327 come
1291 1284 1355 1327 tal
1397 1297 1498 1325 cosa
1539 1297 1625 1324 non
1666 1283 1692 1324 l’
1716 1283 1942 1324 haueuano

177 1355 297 1397 detto
331 1355 444 1396 etc.5
477 1357 521 1396 et
552 1353 589 1395 si
620 1354 703 1395 ben
736 1353 793 1394 mi
816 1351 1024 1394 raccordo
1047 1352 1136 1392 sen'
1161 1350 1273 1392 ando
1297 1352 1342 1391 et
1373 1349 1490 1390 lasso
1523 1362 1602 1390 con
1635 1347 1706 1389 noi
1737 1347 1766 1389 il
1790 1347 1942 1400 sigilli-

176 1420 268 1461 fero
303 1420 326 1460 6
358 1433 463 1461 vero
505 1419 546 1460 lo
578 1417 786 1460 remando
827 1431 936 1471 poco
970 1416 1011 1457 di
1043 1415 1127 1470 poi,
1170 1429 1248 1469 per
1279 1415 1322 1456 la
1354 1416 1480 1467 parte
1513 1412 1745 1463 contraria,
1789 1412 1867 1454 che
1899 1413 1942 1454 la

177 1484 434 1538 compagnia
466 1483 634 1526 ratione
666 1481 856 1525 instituti
889 1481 924 1523 si
947 1480 1202 1523 exercitaua
1233 1479 1272 1520 in
1299 1478 1440 1532 questi
1463 1481 1507 1521 et
1538 1478 1666 1520 simili
1690 1477 1943 1531 ministerijb

177 1550 342 1591 dicemo
376 1563 496 1591 come
529 1548 671 1602 quello
704 1547 740 1589 si
772 1547 940 1589 vedeua
972 1560 1048 1600 per
1081 1544 1331 1599 esperienza
1363 1544 1473 1585 doue
1510 1543 1680 1586 haueua
1715 1543 1885 1596 collegij
1918 1544 1941 1584 ὁ

178 1628 290 1665 case,
324 1614 397 1668 piu
430 1615 544 1657 oltra
576 1613 678 1655 lessi
711 1613 809 1666 quel
841 1613 964 1654 luoco
998 1611 1113 1653 della
1144 1610 1261 1652 bolla
1293 1608 1634 1651 confirmationis
1656 1608 1759 1662 Julij
1796 1610 1848 1651 .3.
1875 1621 1943 1650 se-

178 1680 316 1722 cundo
349 1679 378 1720 il
411 1679 495 1720 mio
529 1678 778 1732 exemplare
819 1679 1053 1731 stampato,
1096 1676 1200 1718 folio
1235 1676 1288 1717 47
1323 1674 1437 1716 linea
1471 1676 1525 1716 20
1559 1677 1602 1716 et
1635 1673 1943 1727 sequentibus6

295 1766 322 1792 a)
347 1767 423 1796 Quae
443 1768 614 1797 sequuntur,
636 1772 723 1796 usque
743 1765 782 1788 acl
803 1762 932 1789 racordo
952 1762 1030 1791 incl„
1051 1770 1067 1786 a
1084 1763 1112 1786 1⁷.
1127 1762 1156 1786 in
1173 1762 1305 1792 maraine
1320 1761 1423 1785 addita
1438 1764 1515 1785 sunt.
1575 1759 1605 1791 b)
1631 1760 1701 1784 Tria
1721 1768 1763 1785 vv.
1777 1767 1835 1791 sqq.
1850 1767 1943 1791 supra

312 1816 327 1831 δ.
345 1815 360 1830 ,.
453 1815 459 1821 .

177 1815 292 1832 versum
329 1815 342 1831 c
362 1809 424 1838 τρία
444 1809 521 1831 smzt.

300 1914 311 1934 ¹
336 1913 530 1947 Vinckium
557 1911 728 1945 memoria
754 1922 823 1944 non
850 1910 999 1950 fefellit;
1028 1909 1171 1943 litterae
1190 1910 1337 1942 exstant
1361 1909 1397 1942 in
1416 1908 1504 1952 Epp.
1525 1907 1941 1947 Nada2111475—480;

179 1967 217 2001 cf
241 1967 348 2001 etiam
374 1966 516 2000 litteras
543 1965 667 1999 eadem
694 1964 736 1997 de
762 1975 799 1997 re
826 1964 870 1997 ad
898 1963 1081 1997 Canisium
1108 1962 1222 2002 datas,
1249 1973 1358 2006 supra
1383 1973 1418 2006 p.
1443 1961 1643 1995 466—468.

299 2020 312 2040 2
339 2020 488 2053 Iacobus
513 2019 672 2052 Lamias
696 2017 924 2061 praepositus
950 2015 1130 2059 generalis
1156 2015 1222 2050 sub
1250 2026 1280 2049 a.
1303 2015 1395 2049 1564
1425 2013 1680 2056 „consideratis
1707 2013 1873 2058 operibus
1908 2015 1944 2047 et

180 2073 401 2114 ministeriis,
429 2072 559 2116 quibus
585 2071 629 2105 ad
648 2070 713 2104 Dei
739 2069 890 2113 gloriam
918 2071 953 2103 et
971 2069 1171 2103 animarum
1197 2068 1397 2113 profectum
1417 2067 1578 2101 Societas
1595 2068 1719 2101 nostra
1737 2067 1942 2111 occupatur,

180 2130 218 2160 et
243 2126 470 2160 considerata
505 2125 615 2159 etiam
641 2123 859 2167 obligatione
895 2122 1092 2164 charitatis,
1126 2133 1197 2166 qua
1232 2133 1277 2155 ex
1303 2120 1473 2154 Instituto
1500 2122 1664 2153 tenemur
1698 2119 1734 2153 in
1760 2119 1834 2153 illis
1866 2130 1943 2163 per-

180 2180 382 2221 severare“‚
408 2179 461 2212 sic
487 2177 695 2212 constituit:
727 2176 814 2219 „Qui
840 2175 970 2209 Divino
996 2176 1170 2209 instinctu
1197 2176 1231 2208 et
1257 2174 1322 2208 Dei
1350 2173 1530 2216 obsequio,
1557 2173 1650 2216 quod
1676 2173 1883 2217 praestatur
1908 2171 1942 2205 in

183 2232 373 2273 Societate,
401 2243 443 2266 ac
460 2231 630 2272 utilitate,
658 2241 729 2274 qua
746 2229 813 2263 Dei
831 2229 949 2272 gratia
975 2228 1128 2273 proximi
1152 2227 1336 2272 juvantur,
1365 2228 1563 2260 commotus
1582 2225 1778 2268 Collegium
1798 2225 1944 2269 aliquod

181 2285 332 2319 fundare
358 2284 533 2318 voluerit:
571 2295 658 2328 pure
686 2285 722 2316 et
746 2282 866 2323 libere,
894 2282 1029 2326 absque
1055 2280 1255 2315 conditione
1281 2279 1339 2313 vel
1366 2279 1470 2313 modo
1497 2279 1723 2313 donationem
1749 2278 1861 2312 faciat
1886 2278 1943 2312 do-

180 2337 339 2379 tationis,
367 2349 473 2381 quam
500 2337 650 2371 Domino
677 2335 751 2369 Deo
777 2338 900 2369 nostro
926 2335 1053 2369 offerre
1080 2334 1169 2368 vult.
1222 2332 1383 2367 Societas
1408 2344 1493 2366 vero
1525 2343 1594 2366 non
1622 2343 1667 2365 ex
1692 2342 1786 2365 nova
1811 2330 1944 2374 obliga-

180 2391 287 2432 tione,
314 2391 377 2425 sed
404 2402 449 2424 ex
475 2401 540 2424 sua
566 2389 628 2423 illa
655 2388 814 2432 antiqua,
842 2399 959 2432 quam,
986 2390 1027 2421 ut
1044 2387 1201 2421 diximus
1219 2386 1338 2425 habet,
1357 2388 1467 2426 curet,
1486 2387 1526 2419 ut
1543 2384 1740 2418 secundum
1758 2395 1945 2417 numerum

183 2455 316 2484 eorum,
351 2443 411 2487 qui
448 2455 493 2477 ex
518 2442 583 2476 tali
609 2441 821 2475 fundatione
846 2440 1044 2475 sustentari
1070 2441 1249 2485 poterunt,
1288 2439 1324 2472 in
1349 2438 1414 2472 tali
1442 2437 1599 2481 Collegio
1625 2447 1796 2471 numerus
1822 2447 1943 2481 opera-

182 2496 314 2530 riorum
341 2496 591 2536 constituatur,
627 2494 687 2538 qui
714 2494 857 2538 quidem
893 2493 929 2527 in
964 2493 1025 2527 illo
1047 2493 1155 2538 juxta
1181 2494 1343 2526 nostrum
1370 2491 1582 2525 Institutum
1617 2501 1656 2524 se
1683 2491 1874 2524 exerceant
1908 2489 1944 2522 in

184 2549 289 2582 vinea
314 2548 477 2583 Domini“
507 2551 574 2582 etc.
606 2548 787 2591 (Pachtler
811 2547 834 2580 l.
862 2558 891 2580 c.
921 2547 934 2580 I
961 2545 1178 2588 334-335).

303 2603 315 2621 ³
343 2602 394 2635 Cf.
426 2603 512 2636 Can.
540 2602 572 2635 ll
602 2601 702 2636 1502.
848 2602 860 2619 ⁴¹
887 2600 992 2633 Hunc
1017 2599 1134 2633 locum
1161 2598 1264 2643 posui
1290 2609 1399 2641 supra
1425 2609 1458 2640 p.
1487 2596 1582 2630 394².

303 2656 316 2674 ⁵
342 2656 522 2688 Antonius
547 2655 671 2688 Maria
703 2655 915 2696 Gratianus,
952 2651 1013 2696 qui
1047 2651 1113 2686 sub
1140 2650 1280 2684 initium
1307 2661 1338 2684 a.
1360 2649 1450 2684 1562
1486 2660 1566 2683 cum
1596 2649 1729 2682 Ioanne
1754 2647 1944 2681 Francisco

186 2706 446 2741 Commendono
483 2708 608 2756 nuntio
645 2706 842 2751 apostolico
877 2704 1061 2749 Herbipoli
1097 2704 1226 2745 fuerat,
1264 2704 1299 2736 in
1331 2701 1665 2747 „Ephemeridibus“
1696 2700 1738 2734 de
1764 2700 1944 2734 Friderico

186 2759 352 2804 episcopo
377 2759 536 2794 notavit:
568 2759 614 2801 „E
640 2770 794 2804 persona
820 2758 931 2792 molto
958 2757 1145 2792 Catholica
1171 2759 1208 2790 et
1232 2756 1360 2796 buona,
1386 2767 1445 2789 ma
1469 2754 1580 2788 molto
1606 2753 1764 2794 vecchio,
1791 2765 1810 2786 e
1835 2753 1944 2787 molto

187 2811 381 2846 colerico“:
407 2812 460 2846 De
486 2812 631 2856 scriptis
656 2812 773 2845 invita
799 2811 963 2845 Minerva
991 2810 1042 2854 (v.
1063 2821 1172 2855 supra
1196 2821 1230 2854 p.
1250 2808 1335 2852 576)
1362 2809 1405 2849 ΙΙ,
1433 2808 1503 2842 97¹.

305 2865 318 2884 ‘³
344 2865 383 2898 In
407 2865 476 2898 hac
501 2866 589 2898 Iulii
614 2866 684 2899 III.
711 2864 825 2905 Bulla,
853 2864 987 2897 Romae
1013 2864 1069 2897 21.
1097 2862 1179 2896 Iulii
1207 2862 1298 2896 1550
1324 2861 1417 2899 data.
1455 2860 1594 2901 dicitur,
1622 2859 1836 2893 Societatem
1864 2858 1943 2892 Iesu

189 2927 266 2949 esse
296 2917 359 2958 „ad
385 2917 452 2951 hoc
477 2917 703 2961 potissimum
729 2917 944 2957 institutam,
980 2918 1021 2949 vt
1047 2916 1091 2949 ad
1117 2915 1200 2949 fidei
1226 2913 1469 2948 defensionem
1505 2915 1541 2947 et-
1566 2911 1869 2957 propagationem,
1909 2913 1945 2945 et

189 2968 386 3011 profectum
422 2969 620 3003 animarum
659 2970 694 3002 in
729 2969 806 3003 vita
840 2971 876 3003 et
912 2968 1075 3002 doctrina
1111 2968 1316 3002 Christiana
1354 2978 1417 3011 per
1454 2965 1615 3010 publicas
1651 2964 1944 3008 praedicationes,

189 3020 370 3061 lectiones,
406 3024 441 3054 et
467 3022 562 3055 aliud
589 3023 837 3065 quodcumque
863 3021 964 3055 verbi
990 3021 1055 3055 Dei
1081 3020 1331 3060 ministerium,
1358 3031 1399 3053 ac
1426 3018 1627 3063 spiritualia
1653 3017 1836 3057 exercitia,
1862 3028 1944 3061 pue-

190 3084 308 3106 rorum
344 3084 385 3106 ac
410 3073 551 3107 rudium
577 3074 611 3107 in
639 3074 912 3108 Christianismo
944 3073 1217 3113 institutionem,
1246 3072 1380 3106 Christi
1405 3071 1565 3105 fidelium
1599 3070 1633 3104 in
1661 3069 1944 3103 confessionibus

191 3125 375 3158 audiendis
402 3137 442 3159 ac
460 3126 589 3160 ceteris
607 3126 850 3160 Sacramentis
868 3126 1171 3166 administrandis,
1197 3125 1422 3170 spiritualem
1440 3123 1727 3163 consolationem,
1755 3123 1945 3166 praecipue

192 3177 372 3211 intendat:
406 3180 440 3210 et
555 3179 669 3221 gratis
696 3178 847 3218 omnino,
876 3180 911 3212 et
936 3178 1044 3217 nullo,
1071 3189 1133 3222 pro
1160 3189 1223 3212 suo
1250 3178 1284 3211 in
1311 3176 1504 3221 praedictis
1531 3175 1692 3209 omnibus
1718 3174 1847 3215 labore,
1883 3174 1944 3208 sti-
