2077 3461
343 194 443 229 1268.
479 194 513 228 S.
540 194 754 228 Franciscus
780 194 822 228 de
850 193 980 237 Boi-gia
1005 193 1138 227 Theod.
1165 194 1201 226 et
1225 192 1333 227 Petro
1361 192 1524 227 Canisiis.
1730 195 1811 235 143

56 311 347 346 Cartusianorum
374 311 630 346 coloniensium
656 312 764 356 priori
791 311 981 356 aliquando
1000 310 1110 345 dixit:
1138 311 1291 344 Iesuitas
1317 310 1385 344 sibi
1412 321 1514 344 caros
1532 321 1630 350 esse;
1657 321 1706 351 se,
1734 321 1813 344 cum

54 365 223 399 maiorem
248 367 378 399 nactus
411 366 508 399 esset
542 365 733 405 fortunam,
768 376 889 398 eorum
924 363 1080 409 inopiam
1114 363 1386 397 sublevaturum
1415 362 1579 405 (Hansen
1609 362 1631 396 l.
1659 374 1688 396 c.
1714 362 1800 405 461)

54 419 173 462 Atque
200 417 503 452 confirmationem
530 417 734 451 Fridericus
768 417 868 451 brevi
903 419 985 462 post
1019 416 1229 450 electionem
1264 415 1463 460 pet-iverat:
1500 427 1580 449 cum
1615 417 1736 449 autem
1771 415 1814 449 ob

53 472 240 512 maximas,
267 471 396 515 quibus
414 470 745 515 archiepiscopatus
764 470 977 504 coloniensis
994 469 1233 515 premebatur,
1260 468 1432 513 pecuniae
1451 468 1639 511 angustias
1656 468 1813 503 usitatae

53 524 150 558 illius
180 524 370 566 „annatae“
401 523 461 557 vel
495 523 595 563 nihil,
622 523 681 557 vel
715 523 858 557 tertiam
893 524 1035 557 tantum
1069 524 1208 568 partem
1234 522 1376 556 solvere
1402 521 1524 561 vellet,
1551 522 1734 564 negotium
1760 533 1812 555 re-

51 577 234 612 tardatum
260 579 327 611 est.
377 577 547 610 Attamen
573 575 640 610 hoc
666 578 824 620 tempore
850 577 886 610 in
912 588 953 611 eo
978 587 1092 621 paene
1118 577 1205 616 erat,
1241 576 1282 609 ut
1308 575 1350 608 de
1377 574 1498 618 aliqua
1524 576 1677 608 annatae
1712 576 1813 619 parte

52 631 145 665 inter
161 633 352 675 utramque
369 632 508 674 partem
527 629 736 663 conveniret
756 628 815 671 (Ε.
832 631 1021 673 Reimann,
1047 627 1229 662 Friedrich
1247 639 1318 662 von
1336 627 1454 669 Wied,
1480 627 1515 661 in
1538 627 1811 671 „Forschungen

51 695 114 718 zur
140 683 337 718 deutschen
355 682 591 718 Gaechiehte‘
614 682 710 722 XIII,
738 681 936 726 Gottingen
956 682 1057 722 1873,
1084 681 1301 724 354—371).
1340 682 1460 724 Atque
1479 680 1665 714 Wedanus
1688 682 1811 725 postea

52 736 208 781 capitulo
243 748 307 770 suo
336 735 611 780 metropolitano
646 735 854 776 affirmavit,
881 736 984 769 Pium
1010 735 1071 769 IV.
1097 734 1175 769 sola
1209 736 1324 768 morte
1353 733 1389 777 (†
1415 734 1447 768 9.
1466 732 1675 767 Decembris
1704 734 1808 776 1565)

50 789 260 834 impeditum
286 800 376 829 esse,
402 788 592 832 quominus
618 788 921 822 confirmationem
949 788 1017 822 sibi
1043 788 1218 822 tribueret
1244 787 1399 831 (Gustav
1415 788 1519 830 Wolf,
1547 787 1622 821 Aus
1648 785 1811 820 Kurkoln

50 842 97 876 im
126 843 180 877 16.
199 841 455 883 Jahrhundert,
481 841 602 876 Berlin
631 841 731 882 1905,
758 841 976 884 296—297).
1029 841 1081 875 Cf.
1109 842 1218 875 etiam
1244 840 1338 874 infra
1363 851 1517 874 monum.
1545 851 1656 882 germ.
1676 839 1698 874 l.
1720 839 1810 883 (34).

169 895 335 930 Canisius
370 895 425 929 die
452 896 483 930 7.
502 894 710 929 Decembris
746 895 837 929 1565
863 894 1087 937 Noviomago
1115 894 1297 928 Coloniam
1331 894 1506 933 redie1·at;
1542 904 1611 937 quo
1646 904 1727 927 cum
1762 893 1811 927 in-

51 948 187 982 dultum
214 948 302 983 illud
330 948 427 991 (vide
452 959 562 993 supra
587 960 621 993 p.
642 947 724 991 116)
753 948 909 981 nondum
936 959 1015 982 esse
1041 947 1192 981 allatum
1211 946 1455 991 comperisset,
1482 946 1514 980 8.
1533 946 1741 980 Decembris
1767 946 1812 980 ad

50 1002 173 1036 ducem
193 1001 319 1035 Iuliaci
338 1003 374 1035 et
391 1001 435 1035 ad
454 1002 641 1046 episcopos
655 1000 906 1046 Westphaliae
924 1001 1107 1045 profectus
1127 1002 1200 1042 est;
1228 1000 1310 1034 vide
1328 1000 1421 1034 infra
1439 1011 1531 1033 mon.
1551 1011 1661 1043 germ.
1680 999 1703 1032 1.
1722 999 1811 1043 (20).

51 1110 207 1147 1268.
323 1109 376 1146 S.
412 1109 840 1146 FRANCISCUS
883 1109 975 1145 DE
1019 1108 1314 1151 BORGIA,
1364 1110 1590 1154 praepositus
1634 1109 1812 1154 generalis

215 1164 404 1199 Societatis
430 1164 523 1206 Iesu,
549 1164 620 1198 PP.
648 1163 958 1198 THEODORICO
985 1166 1022 1197 et
1047 1163 1203 1197 PETRO
1232 1162 1444 1197 CANISHS.

1053 1217 1166 1251 Roma
1195 1217 1248 1251 12.
1276 1219 1311 1250 et
1340 1217 1393 1250 18.
1421 1216 1629 1250 Decembris
1656 1216 1759 1251 1565.

167 1283 220 1316 Ex
248 1281 454 1327 apographo
481 1281 592 1315 eiusd.
612 1283 740 1326 temp.;
769 1280 804 1314 in
830 1280 993 1324 margine
1019 1281 1204 1326 epistulae,
1233 1280 1357 1314 eadem
1383 1292 1509 1315 manu:
1542 1280 1677 1322 „Padre
1695 1280 1806 1314 Theo·

46 1335 165 1369 dorico
189 1333 477 1380 Viceprouincial
501 1334 581 1368 dela
608 1334 776 1378 Superior
803 1333 1038 1374 Germania“;
1066 1334 1101 1367 in
1127 1335 1289 1377 margine
1312 1333 1566 1378 „Postscripti“
1587 1336 1663 1367 tum
1690 1333 1806 1378 primi,

45 1390 122 1423 tum
149 1388 307 1428 alterius,
343 1388 466 1421 eadem
492 1399 618 1421 manu:
658 1387 860 1431 „Aggionta
887 1389 907 1420 a
933 1387 1052 1431 quella
1079 1386 1135 1420 del
1162 1387 1277 1421 Padre
1303 1386 1521 1420 Theodorico
1549 1386 1734 1427 Canisio“;
1770 1387 1806 1420 111

44 1442 207 1484 margine
236 1440 488 1485 „Postscripti“
518 1440 636 1474 tertii:
666 1441 916 1484 „postsm—ipta.
952 1440 990 1473 P.
1012 1440 1232 1474 Theodorico
1251 1440 1428 1473 Canisio“.
1472 1439 1555 1474 Cod.
1578 1439 1801 1481 „Ger1n.65“

44 1496 69 1529 f.
88 1495 262 1529 <¹‹8b—49b
287 1494 343 1528 52.
394 1493 558 1538 Epistula
583 1504 669 1527 usus
696 1504 775 1528 sum
801 1493 837 1527 in
865 1492 1078 1537 „Stz'mmen“
1107 1495 1173 1527 eto.
1200 1492 1315 1526 LXXI
1340 1493 1420 1527 319.

165 1560 204 1594 P.
232 1561 406 1603 Hoffaeus
426 1561 525 1603 petit,
559 1564 598 1592 ut
634 1560 706 1602 ipse
740 1564 921 1592 rec-torreta
956 1561 1157 1592 monacensi
1181 1559 1313 1592 levetm·
1347 1563 1377 1592 et
1402 1559 1441 1591 P.
1469 1559 1658 1601 Menffl’nas
1690 1563 1807 1592 rector

45 1614 301 1655 eonstitzcatur;
338 1614 497 1647 Canis-iis
531 1613 618 1656 quid
654 1613 818 1645 ridetur?
866 1613 1007 1646 Horum
1043 1613 1197 1646 arbitrio
1230 1613 1450 1655 permittitur
1484 1616 1648 1652 statuere,
1686 1616 1805 1645 atrum

44 1666 210 1709 Menyino
242 1668 290 1699 ad
323 1678 380 1700 res
413 1666 618 1699 domesticas
652 1666 834 1699 curandas
867 1667 905 1698 in
925 1667 1089 1708 patriam
1116 1667 1270 1699 eundum
1295 1667 1340 1698 sit
1376 1676 1492 1699 necne.
1542 1666 1715 1708 Hoffaeas
1742 1676 1807 1708 per

44 1719 180 1752 litteras
213 1719 496 1763 reprehenditur,
532 1720 625 1763 quod
660 1719 842 1762 apoloyt‘as
877 1720 1084 1762 conscripsit
1120 1730 1190 1752 non
1216 1720 1373 1752 consulto
1402 1719 1621 1762 praeposito,
1657 1723 1686 1751 et
1712 1719 1806 1761 quod

45 1773 165 1806 Socios
190 1773 234 1806 ab
259 1773 323 1805 hoe
340 1773 408 1806 sibe·
426 1774 549 1806 missos
567 1774 712 1806 remisit.
756 1773 941 1805 ,Uonachii
962 1774 1082 1815 potins
1106 1772 1225 1805 schola
1250 1772 1435 1805 dialectica
1462 1772 1672 1814 auferenda,
1700 1783 1805 1815 qnam

42 1825 179 1859 scholae
208 1826 359 1869 physica
394 1830 423 1859 et
458 1826 651 1869 theoloyz'ca
685 1826 870 1858 addendae
903 1829 1008 1864 sunt:
1036 1836 1202 1868 proceres
1236 1826 1354 1858 schola
1390 1825 1593 1858 eateehetiea
1630 1828 1806 1858 contentos

43 1890 110 1912 esse
136 1880 319 1913 convenit.
338 1879 449 1921 Anyti
475 1884 533 1913 etc.
563 1881 600 1912 in
630 1880 863 1912 Germaniam
897 1879 1116 1922 superiorem
1142 1889 1210 1911 non
1249 1879 1411 1911 mittendi
1434 1883 1517 1911 sunt
1551 1878 1623 1910 nisi
1649 1879 1804 1911 consulto

37 1933 265 1976 provinciali.
317 1933 356 1966 P.
375 1932 550 1974 Hermam,
584 1933 645 1965 ubi
669 1933 933 1975 siqnifieaverit,
960 1932 1087 1976 quibas
1114 1932 1299 1965 Societatis
1320 1932 1520 1974 priviteye'is
1546 1932 1714 1974 indtyeat,
1749 1931 1804 1964 his

44 1987 249 2019 instruetur.
310 1986 363 2019 De
399 1986 629 2027 eonfessariis
663 1986 889 2018 ‹incassat-mn
924 1985 1013 2018 iuste
1043 1985 1228 2027 provisum
1261 1989 1320 2017 est.
1371 1985 1553 2026 Aayastae
1587 1985 1628 2016 de
1663 1985 1802 2017 ecelesia

41 2037 139 2071 hand
161 2039 269 2080 facile
287 2043 334 2071 est
359 2039 465 2072 aliter
481 2039 715 2071 statuendam.
758 2038 857 2071 Petra·
878 2038 1016 2071 Canz'se‘t‘
1040 2038 1209 2081 quationi
1232 2038 1336 2080 finem
1355 2038 1473 2070 attulit
1495 2048 1591 2070 mors
1608 2039 1801 2080 pontificis.

41 2091 113 2124 Pro
138 2091 202 2124 hoe
228 2096 257 2124 et
280 2102 347 2134 pro
374 2092 529 2134 ele'yendo
547 2102 635 2124 novo
658 2092 823 2134 pontifice
842 2102 964 2134 preces
987 2092 1175 2133 faciendae
1192 2095 1284 2125 sant.
1331 2091 1455 2124 Petras
1475 2091 1643 2124 Canisins
1665 2092 1802 2133 duoque

41 2145 108 2177 alii
141 2145 183 2177 de
208 2145 355 2187 Hoffaei
387 2146 531 2187 seriptis
566 2149 769 2187 cosmo-§cent
803 2148 834 2177 et
859 2145 1009 2178 Romam
1044 2145 1207 2186 referent.
1258 2145 1351 2177 Bene
1388 2155 1430 2177 ne
1464 2146 1617 2176 convenit
1648 2144 1803 2176 Canz'st'c's

42 2208 119 2230 eum
155 2198 337 2240 Hoffaeo?
384 2199 559 2240 Effectum
590 2202 637 2231 est
672 2199 824 2240 tandem,
859 2202 897 2231 ut
933 2200 1089 2241 episcopo
1124 2198 1359 2240 herbipolensi
1393 2197 1525 2230 bullam
1554 2208 1626 2239 pro
1661 2198 1801 2239 collefflo

42 2251 274 2294 concederent,
302 2252 438 2284 nnllam
456 2252 627 2293 exiyentes
647 2249 973 2295 ‚‚compositionem“
984 2263 998 2293 ;
1019 2252 1173 2294 pecunia
1198 2255 1314 2284 tamen
1333 2261 1420 2294 opas
1438 2254 1485 2283 est
1503 2251 1550 2283 ad
1568 2251 1802 2292 expediendas

41 2304 176 2336 litteras
201 2306 422 2347 apostolicas.
470 2305 574 2337 Varii
600 2304 707 2337 Socii.
753 2305 880 2348 Aliqui
905 2315 1052 2347 corpore
1086 2305 1246 2337 anlmoee
1280 2304 1420 2345 infirmi
1452 2304 1617 2336 izfventm·
1643 2307 1799 2345 oportet.

42 2356 224 2399 Neyotinm
250 2357 365 2390 bullae
393 2358 634 2390 universitatis
658 2358 877 2400 dilz'nyanae,
913 2358 997 2389 (Iam
1021 2358 1209 2400 pontificia
1235 2358 1329 2390 sedes
1360 2361 1470 2397 vacat,
1506 2357 1636 2388 absolve?
1670 2357 1799 2398 nequit.

42 2411 178 2452 Ayetur
202 2421 280 2442 eam
309 2411 552 2443 universitatis
577 2411 863 2453 invyolstadiensesss
887 2411 1205 2454 superintendente.
1257 2411 1431 2452 Episcopo
1457 2409 1691 2452 herbipolensi
1716 2410 1802 2441 certi

42 2463 227 2506 quiequam
248 2465 413 2506 promitti
432 2474 502 2496 non
522 2467 636 2507 potest
655 2491 661 2497 .
681 2464 914 2497 Contionator
931 2468 1164 2506 anqustanus.
1205 2464 1302 2497 Socii
1318 2464 1423 2496 varii.
1464 2463 1630 2495 Scribant
1651 2462 1800 2503 C'ane'stc’,

42 2526 125 2548 num
142 2516 355 2559 Inyolstadti
379 2517 517 2550 scholae
540 2518 731 2559 inferiores
747 2518 1001 2560 relinquendae
1019 2518 1100 2550 sint.
1138 2517 1214 2550 Car
1233 2517 1282 2549 ibt
1304 2518 1514 2549 convictores
1540 2520 1640 2548 extra
1660 2515 1798 2547 domum

41 2568 221 2602 dormiunt
247 2570 408 2613 cibosque
433 2571 606 2603 sumant?
649 2570 843 2603 Candidati
870 2572 1065 2604 Societate's.
1589 2562 1591 2565 ¹

157 2639 250 2681 Pax
273 2645 340 2682 etc.
395 2640 439 2682 Si
470 2640 709 2683 riceuetero
743 2641 884 2694 quelle
917 2641 959 2682 di
983 2642 1033 2684 V.
1058 2642 1108 2683 R.
1133 2641 1175 2682 di
1209 2642 1247 2682 9.
1273 2640 1313 2681 di
1347 2640 1548 2681 ottobre1
1581 2639 1657 2680 che
1690 2639 1798 2680 arri-

41 2717 173 2746 uorno
206 2704 279 2759 piu
310 2705 424 2746 tardi
458 2705 534 2746 che
558 2706 682 2755 altre,
715 2706 787 2759 piu
810 2705 979 2748 fresche
1001 2706 1085 2747 alle
1108 2706 1235 2758 quale
1258 2705 1293 2746 si
1317 2706 1339 2745 e
1362 2705 1464 2746 data
1487 2704 1676 2758 risposta
1692 2739 1699 2746 .
1717 2704 1752 2745 si
1776 2706 1798 2746 ό

41 2768 152 2811 uisto
185 2773 346 2823 quanto
378 2770 433 2812 lei
466 2770 604 2812 scriue
637 2771 705 2812 del
737 2770 894 2813 Rettor
925 2771 966 2812 di
998 2770 1255 2812 Monachi02
1279 2805 1287 2813 .
1310 2769 1340 2810 il
1373 2769 1499 2822 quale
1521 2769 1566 2810 fa
1587 2769 1797 2812 instantia

41 2846 116 2886 per
147 2848 222 2876 sue
253 2835 410 2877 lettere
443 2834 484 2876 di
516 2848 635 2877 esser
666 2835 848 2877 liberato
879 2835 992 2877 della
1015 2849 1118 2877 cura
1140 2835 1207 2877 del
1231 2848 1420 2888 gouerno
1445 2834 1496 2875 de
1519 2833 1798 2888 altri.prima

42 2897 117 2940 che
149 2899 230 2940 1111’”ἱ
261 2900 422 2941 risolua
454 2902 480 2942 ἐι
521 2900 631 2941 farlo
673 2900 883 2942 uorrebbe
920 2900 1143 2942 intendere
1175 2900 1204 2940 il
1237 2913 1390 2953 parere
1423 2899 1474 2940 de
1498 2899 1547 2942 V.
1569 2899 1617 2941 R..
1652 2902 1695 2942 et
1728 2900 1796 2941 del

159 2980 185 3010 a)
205 2981 229 3004 Α
251 2979 316 3004 libr.
337 2987 411 3004 corr.
431 2988 467 3004 er
485 2978 539 3004 che
559 2979 595 3006 N.
614 2979 712 3004 Padre
735 2979 769 3004 si.

163 3076 171 3093 ²
197 3074 347 3117 Borgias
373 3078 472 3109 recta
499 3077 535 3108 et
568 3075 729 3119 proxime
756 3074 798 3107 ad
826 3073 1083 3107 Theodericum
1112 3073 1293 3108 canisium
1324 3073 1458 3115 scribit,
1495 3085 1709 3119 quamquam
1738 3074 1795 3109 lit-

36 3118 136 3160 teras
161 3137 244 3160 suas
270 3127 376 3161 Petro
403 3138 544 3171 quoque
571 3127 713 3161 Canisio
740 3127 911 3161 destinari
937 3126 1054 3171 planis
1081 3126 1200 3161 verbis
1227 3127 1323 3161 dicit.

158 3178 171 3198 ²
197 3178 236 3212 P.
263 3179 374 3213 Paulo
401 3180 566 3220 Hoffaeo;
595 3180 640 3214 cf.
668 3180 784 3223 Dum,
813 3180 886 3214 Jes.
915 3180 927 3213 I
957 3179 1155 3214 781—782.
