2045 3471
548 199 642 233 Mon.
663 199 730 234 783
757 198 835 233 sive
861 198 958 232 herb.
981 198 1070 241 (18).
1110 198 1165 232 26.
1184 197 1265 231 Iulii
1286 197 1386 232 1567.
1762 197 1846 238 713

86 315 337 362 applicatione,
374 328 464 360 quae
499 317 570 350 iam
605 317 751 351 obtenta
778 319 849 359 est,
885 316 1126 350 desideretur“
1159 315 1222 359 (cf.
1249 327 1357 360 supra
1384 327 1417 360 p.
1444 314 1542 357 207).
1598 312 1670 356 „Ne
1697 324 1760 358 per
1785 323 1850 346 nos

86 369 242 404 violetur
266 369 329 403 sed
363 371 404 403 ut
437 370 556 414 potius
591 370 821 404 confirmetur
855 369 1009 403 formula
1044 371 1079 403 et
1106 368 1324 403 consuetudo
1360 368 1395 401 in
1430 366 1622 401 fundandis
1648 365 1850 400 huiusmodi

87 422 248 466 collegiis
273 422 482 467 approbata,
510 450 516 456 .
538 450 544 456 .
565 449 572 456 .
599 423 780 457 offerimus
815 425 849 456 et
886 422 1042 465 gratiose
1079 421 1262 465 libereque
1288 420 1390 454 velut
1422 420 1458 454 in
1488 419 1718 454 elemosinam
1745 419 1849 452 dona-

86 487 167 510 mus
194 503 200 510 .
222 503 228 510 .
249 503 256 509 .
284 475 474 518 collegium
500 475 567 510 hoc
594 503 600 509 .
623 503 628 509 .
651 504 656 509 .
685 476 851 510 societati
879 476 986 510 Jesu“
1017 478 1052 509 et
1078 475 1117 509 P.
1146 474 1375 508 Franciscum
1403 485 1424 507 a
1448 472 1581 516 Borgia
1606 471 1850 517 praepositum

87 528 292 572 generalem
323 539 521 572 „rogamus,
547 530 587 562 ut
612 530 714 563 iuxta
739 528 924 563 societatis
950 539 1037 562 suae
1062 539 1196 561 morem
1224 530 1259 561 et
1286 526 1512 560 institutum“
1543 525 1734 569 collegium
1760 524 1851 559 eius-

87 593 156 626 que
191 581 409 616 dotationem
445 584 482 615 et
515 582 792 626 applicationem
823 581 1002 626 „recipiat‚
1037 581 1206 615 admittat
1241 582 1349 624 atque
1384 578 1606 614 confirmet“.
1661 579 1729 619 „At
1753 589 1851 618 vero,

88 634 257 678 quoniam
283 634 426 678 quidem
453 635 585 678 optime
611 634 833 675 confidimus,
872 635 1082 668 societatem
1108 633 1223 678 ipsam
1252 660 1259 667 .
1280 660 1287 666 .
1307 660 1315 667 .
1343 632 1509 666 instituto
1535 643 1599 665 suo
1626 632 1660 664 et
1687 632 1851 675 expecta-

86 687 174 722 tioni
199 689 344 722 nostrae
368 687 514 721 minime
541 687 745 722 defuturam
772 699 946 731 suamque
972 686 1133 721 sedulam
1174 688 1210 720 et
1236 686 1392 720 debitam
1419 696 1562 729 operam
1589 683 1672 718 huic
1699 683 1851 726 collegio

90 740 158 783 (uti
177 741 346 774 convenit
373 742 408 773 et
434 751 500 784 par
525 740 596 783 est)
625 740 766 774 abunde
792 740 1048 785 praestituram
1076 750 1165 780 esse,
1191 738 1324 773 idcirco
1342 739 1505 772 amanter
1523 736 1678 781 petimus
1697 738 1732 770 et
1749 746 1851 778 roga-

86 805 167 827 mus
193 793 328 827 dictum
355 793 536 827 dominum
562 793 808 838 praepositum
834 793 1050 835 generalem,
1089 794 1129 826 ut
1155 791 1455 836 quemadmodum
1482 802 1544 835 pro
1570 801 1637 824 sua
1663 788 1852 834 prudentia

87 858 130 881 ac
155 846 290 891 pietate
314 846 410 880 haud
436 846 542 881 dubie
568 847 730 881 facturus
758 848 823 887 est,
850 846 1008 880 animum
1034 845 1127 879 serio
1154 844 1300 879 adiiciat
1325 844 1369 878 ad
1388 843 1579 886 collegium
1605 842 1672 876 hoc
1690 844 1851 875 nostrum

88 902 125 933 et
149 911 254 933 suum
280 899 540 944 Herbipolense
566 899 727 944 illudque
753 900 821 933 rite
848 901 883 933 et
909 899 1017 941 digne
1042 897 1289 932 instruendum
1315 899 1427 938 curet,
1465 897 1509 930 ad
1537 895 1630 940 quod
1656 895 1751 929 mitti
1777 894 1852 938 qui-

88 953 167 987 dem
194 953 357 997 cupimus
383 953 606 997 professores
639 965 709 986 non
745 952 861 986 solum
896 952 1005 985 trium
1040 950 1076 985 in
1112 951 1349 994 grammatica
1384 949 1555 984 classium
1581 960 1706 982 verum
1743 948 1851 982 etiam

90 1005 312 1039 humanioris
336 1005 548 1039 literaturae
575 1007 683 1050 atque
710 1005 920 1046 rhetoricae,
947 1007 1023 1038 tum
1043 1003 1219 1039 Graecam
1246 1006 1283 1037 et
1300 1002 1513 1036 Hebraicam
1540 1002 1731 1036 lectionem
1758 1001 1847 1034 desi-

89 1058 256 1092 deramus
283 1085 317 1093 ..
337 1085 344 1092 .
371 1059 542 1092 maiorem
580 1059 615 1092 in
650 1059 792 1092 modum
830 1059 1004 1102 cupimus,
1040 1060 1080 1091 ut
1115 1069 1206 1091 anno
1240 1056 1422 1101 praesenti
1456 1055 1680 1100 professores
1706 1054 1844 1088 adsint“

92 1113 236 1155 (Weqele
260 1111 283 1146 1.
311 1123 340 1146 c.
368 1111 401 1145 ΙΙ
427 1111 597 1155 57—58).

208 1165 248 1199 P.
286 1166 467 1199 Antonius
498 1165 612 1199 Vinck
649 1164 857 1209 provinciae
895 1164 1075 1197 rhenanae
1113 1163 1339 1208 praepositus
1376 1163 1420 1196 ad
1459 1161 1627 1204 Bor-giam
1665 1160 1852 1204 Moguntia

91 1219 146 1252 19.
174 1217 398 1263 Septembris
426 1218 516 1252 1567
553 1218 595 1251 de
631 1217 810 1251 Friderico
846 1217 1012 1261 episcopo
1038 1216 1225 1250 *rettulit:
1266 1215 1323 1257 „Jl
1349 1214 1663 1249 Reuerendissimo
1689 1212 1852 1247 hauendo

89 1272 177 1306 lette
211 1271 245 1305 le
271 1271 401 1305 lettere
438 1271 471 1304 di
497 1270 541 1305 V.
569 1270 609 1305 R.
638 1271 731 1304 della
758 1270 972 1304 admissione
1009 1269 1066 1303 del
1100 1280 1165 1303 suo
1201 1268 1362 1311 collegio,
1398 1268 1474 1302 also
1509 1267 1543 1301 le
1568 1266 1665 1300 mani
1699 1266 1735 1300 in
1762 1265 1850 1300 cielo

88 1324 335 1368 ringratiando
371 1324 405 1358 al
430 1325 574 1367 signore
610 1326 645 1358 et
681 1336 700 1357 a
734 1326 831 1357 tutta
865 1323 900 1357 la
926 1324 1023 1357 corte
1050 1321 1183 1356 celeste
1211 1324 1247 1355 et
1281 1321 1353 1355 alla
1380 1320 1420 1354 R..
1440 1321 1479 1355 P.
1498 1320 1541 1354 V.
1571 1322 1606 1354 et
1632 1331 1653 1353 a
1686 1321 1782 1352 tutta
1816 1318 1850 1352 la

90 1377 404 1474 cplrpIpagngangie
422 1378 560 1412 vedeua
587 1377 646 1421 gia
672 1377 694 1410 l⁷
710 1377 926 1411 admissione
953 1376 1009 1410 del
1035 1387 1099 1410 suo
1126 1375 1277 1418 collegio
1304 1375 1393 1409 etc.“
1417 1374 1478 1417 (ex
1505 1376 1664 1416 autogr.;
1696 1371 1759 1414 „G.
1787 1371 1849 1416 Ep.

91 1546 198 1584 783
225 1548 302 1582 sive
327 1545 479 1583 herb.
500 1545 632 1592 (18).
706 1545 762 1581 ⁴26.
781 1543 868 1581 Iulii
892 1543 985 1580 1567.

209 1620 264 1654 Ex
290 1618 497 1664 apographo
524 1618 682 1652 eiusdem
708 1617 898 1662 temporis;
931 1616 1068 1659 „Germ
1097 1616 1162 1650 67²⁴
1193 1616 1217 1650 f.
1245 1615 1300 1649 53.

211 1691 247 1725 S.
274 1692 493 1724 Franciscns
528 1691 682 1732 Borye'as
718 1689 903 1722 Societate's
934 1689 1165 1730 praepositus
1200 1687 1379 1729 ymmrcclis
1414 1686 1452 1718 P.
1490 1685 1603 1717 Vim-J„-
1636 1685 1854 1728 province'alt'

92 1744 250 1778 rhenano
275 1745 419 1778 scribit:
453 1744 565 1777 Vinclc
591 1747 620 1775 et
650 1742 817 1775 Canisz'ns
854 1742 1030 1783 neyott'nm
1062 1741 1292 1781 fundationis
1327 1739 1463 1781 colleyii
1488 1737 1742 1780 herbipolensis
1777 1748 1854 1770 cnm

92 1800 250 1841 episcopo
276 1799 402 1840 optime
425 1799 641 1830 tractarunt.
676 1796 852 1838 Episcopo
879 1805 948 1827 non
975 1794 1089 1826 solum
1115 1793 1197 1826 boni
1222 1793 1398 1835 mayistr1'‚
1424 1792 1482 1825 sed
1499 1792 1604 1824 etiam
1631 1791 1853 1824 contionator

91 1856 121 1884 et
146 1856 262 1884 rector
295 1852 392 1894 iique
426 1851 544 1883 idonei
579 1849 741 1882 mittendi
765 1852 857 1880 snnt.
911 1847 963 1879 De
989 1847 1027 1880 P.
1056 1847 1196 1879 Badero
1232 1849 1365 1878 rectore
1391 1844 1633 1878 constituendo
1669 1845 1761 1876 inter
1788 1843 1854 1876 Ca-

92 1906 225 1941 nise'um
263 1909 291 1937 et
329 1904 518 1937 Vinckium
555 1902 754 1943 conveniet;
794 1900 940 1934 Canzsio
981 1901 1133 1942 fortasse
1171 1899 1210 1932 P.
1249 1898 1461 1931 Edmundns
1504 1897 1648 1930 Tanner
1685 1898 1852 1929 mittetur.

94 1958 262 1992 Canisius
287 1961 318 1990 et
334 1957 447 1990 Vincla
471 1958 630 1999 episcopo
655 1955 833 1997 sapienter
855 1954 1073 1996 persuasisse
1100 1953 1272 1994 videntur,
1301 1955 1337 1984 ut
1359 1962 1381 1984 (ι
1408 1951 1610 1984 litterarum
1637 1954 1666 1982 et
1690 1950 1854 1982 hnmani-

92 2012 177 2045 tatls
200 2011 330 2044 studiis
354 2010 491 2043 scholas
518 2010 697 2051 inciperet.

212 2090 255 2131 S.
286 2088 328 2130 F
327 2089 543 2129 rcmctscus
576 2086 758 2140 Berytos
789 2085 1008 2127 societatis
1041 2083 1138 2125 Iesu
1177 2083 1443 2137 praepositus
1477 2082 1688 2135 yeneralis
1720 2081 1855 2121 Roma

93 2157 162 2196 26.
187 2155 291 2196 Iulii
323 2154 438 2195 1567
473 2152 518 2193 P.
548 2151 733 2192 Antonio
766 2150 897 2191 1711261»-
937 2150 1173 2203 praeposito
1212 2148 1456 2202 provinciae
1496 2146 1713 2187 rhenanae
1744 2146 1788 2187 S.
1811 2145 1854 2186 J.

92 2220 284 2274 scripsit:
317 2216 360 2259 Si
383 2218 406 2257 e
427 2215 624 2257 riceuuta
646 2214 789 2268 quella
812 2213 854 2255 di
872 2213 921 2255 V.
942 2213 992 2254 R.
1018 2212 1060 2254 di
1083 2213 1165 2255 .17.
1190 2216 1234 2254 et
1258 2212 1325 2253 28.
1350 2211 1418 2252 del
1442 2212 1618 2264 passato
1635 2211 1648 2236 1
1680 2209 1857 2251 insieme

93 2297 173 2325 con
206 2297 263 2324 un
295 2280 528 2323 summario
562 2280 631 2321 del
663 2280 891 2321 Contratto
925 2278 1003 2319 che
1036 2277 1072 2318 si
1104 2279 1127 2318 e
1159 2276 1272 2319 fatto
1305 2289 1384 2317 con
1426 2275 1452 2316 l'
1476 2274 1781 2317 Jllustrissimo
1814 2276 1859 2315 et

95 2345 471 2390 Reuerendissimo
503 2345 701 2386 Vescouo
735 2343 1077 2397 Herbipolense2
1112 2376 1153 2384 ..
1180 2376 1187 2383 .
1223 2342 1268 2383 et
1299 2353 1367 2382 me
1409 2353 1514 2394 pare
1547 2339 1624 2381 che
1656 2339 1684 2380 il
1718 2338 1858 2380 Padre

94 2411 265 2455 Canisio
298 2414 342 2454 et
364 2411 416 2453 V.
440 2410 491 2454 R.
515 2410 656 2451 hanno
689 2408 919 2461 negociato
943 2407 1075 2449 molto
1103 2407 1212 2448 bene
1245 2419 1324 2447 con
1356 2405 1427 2454 lui,
1462 2407 1506 2446 et
1537 2404 1592 2445 ho
1624 2403 1860 2458 particolar

95 2477 325 2520 deuotione
358 2475 435 2517 che
467 2474 533 2516 sia
554 2473 786 2516 sodisfatto
819 2473 953 2514 molto
983 2470 1318 2525 compitamente
1341 2470 1461 2511 detto
1484 2468 1859 2511 Reuerendissimo

97 2543 308 2591 Vescouo,
342 2543 386 2582 et
406 2542 531 2581 tanto
563 2539 637 2592 piu
668 2552 745 2592 per
777 2537 949 2579 hauersi
971 2537 1104 2578 fidato
1129 2535 1171 2577 di
1202 2535 1274 2577 noi
1305 2548 1434 2576 senza
1457 2534 1568 2576 altre
1592 2533 1857 2587 obligationi,

96 2612 140 2651 et
181 2609 286 2662 pero
332 2619 418 2646 non
461 2604 702 2646 solamente
742 2601 885 2644 uorrei
932 2602 960 2643 li
1003 2600 1109 2642 fossi
1150 2600 1266 2643 fatta
1307 2600 1420 2641 bona
1465 2598 1711 2653 prouisione
1759 2597 1859 2639 delli

96 2671 249 2714 mastri
281 2670 359 2712 che
392 2668 591 2711 desidera
624 2668 663 2709 d'
686 2667 911 2709 hum-anitii,
942 2679 1071 2719 greco
1104 2668 1148 2707 et
1180 2664 1352 2714 hebreo,
1392 2666 1463 2705 ma
1494 2677 1654 2705 ancora
1687 2663 1727 2704 di
1760 2676 1858 2717 pre-

97 2738 290 2780 dicatore
322 2737 367 2776 et
399 2733 440 2775 di
472 2733 653 2775 Rettore
687 2731 984 2774 conueniente.
1010 2765 1018 2772 .
1045 2765 1052 2772 .
1079 2765 1086 2771 .
1129 2730 1299 2779 Quanto
1332 2728 1375 2770 al
1408 2729 1588 2770 Rettore
1621 2727 1747 2769 credo
1781 2727 1858 2769 che

97 2802 149 2844 V.
179 2801 230 2844 R.
263 2802 364 2842 sara
405 2798 447 2840 di
487 2798 644 2840 acordo
684 2797 749 2838 col
795 2796 931 2838 Padre
965 2794 1148 2844 Canisio‚
1191 2794 1227 2835 si
1269 2793 1422 2835 debbia
1464 2806 1608 2835 essere
1648 2792 1678 2834 il
1720 2792 1858 2834 Padre

98 2865 284 2919 Georgio
298 2866 326 2915 3,
359 2864 389 2905 il
423 2863 549 2916 quale
582 2862 713 2904 etiam
746 2861 955 2916 potrebbe
988 2860 1056 2902 far
1088 2858 1230 2901 officio
1264 2858 1305 2900 di
1339 2858 1572 2911 Theologo,
1606 2871 1682 2911 per
1714 2871 1858 2899 essere

97 2944 284 2986 persona
316 2929 452 2978 detta,
495 2930 538 2969 et
571 2926 689 2968 accio
730 2940 815 2968 non
849 2925 1018 2980 patisca
1059 2925 1102 2966 la
1135 2923 1361 2965 Prouincia
1402 2923 1469 2964 del
1505 2922 1643 2964 Padre
1675 2922 1858 2972 Canisio,

98 3010 144 3038 se
185 2995 213 3037 li
257 2994 467 3036 mandara
509 2992 628 3032 forsa
671 2991 711 3032 di
753 2991 838 3043 qua
879 2990 908 3031 il
952 2989 1090 3031 Padre
1133 2988 1358 3029 Emundo4
1403 2987 1591 3028 Hiberno
1625 2987 1858 3040 Theologo‚

220 3123 230 3143 ¹
256 3122 401 3156 Alteras
427 3120 492 3154 has
519 3120 660 3154 litteras
688 3119 769 3152 vide
795 3129 904 3163 supra
930 3129 962 3162 p.
983 3116 1180 3151 504—508.
1328 3116 1340 3135 ²
1366 3115 1546 3149 Friderico
1573 3126 1593 3149 a
1612 3114 1811 3158 wirsberg.

219 3176 232 3196 3
258 3175 384 3209 Bader.
530 3176 542 3193 ⁴
569 3171 730 3211 Tanner3
757 3171 838 3204 vide
864 3182 972 3215 supra
999 3181 1030 3214 p.
1059 3170 1139 3204 502.
