2077 3461
718 203 830 238 Roma
859 204 912 238 16.
938 203 1062 237 Martii
1090 203 1190 237 1565.
1755 204 1836 245 207

198 322 530 364 Bartholomeoa
568 321 770 364 Siciliano
812 321 1017 364 mandato
1059 321 1113 363 da
1154 321 1197 362 la
1229 321 1458 363 Prouincia
1500 321 1596 363 dela
1639 320 1841 375 Superior

81 386 313 428 Germania
343 386 388 428 in
420 386 547 429 Italia
580 400 658 428 con
691 401 747 428 un
781 400 1034 441 compagno,
1068 385 1128 436 su,
1164 399 1283 427 come
1317 399 1364 427 sa
1394 386 1446 428 V.
1471 386 1537 435 R„
1571 385 1752 440 pigliato
1786 385 1839 426 da

79 452 91 492 i
125 451 280 493 Turchi
307 485 314 493 .
340 451 377 492 ci
417 451 474 492 ha
506 450 658 494 scritto
691 451 743 493 de
776 450 1148 505 Constantinopoli
1191 451 1269 492 che
1301 450 1331 491 il
1363 464 1440 492 suo
1482 453 1666 505 patrone
1703 451 1743 492 lo
1775 450 1840 491 la-

79 516 218 558 sciera
258 516 407 566 libero,
451 515 623 558 dandoli
665 530 743 569 per
775 516 956 558 riscatto
991 516 1089 569 quel
1123 515 1201 557 che
1244 515 1275 556 li
1317 517 1450 566 costo,
1494 515 1571 557 0110
1605 517 1626 557 e
1659 514 1841 568 qualche

54 600 57 604 ·
79 594 179 622 cosa
212 580 284 634 piu
307 580 348 622 di
373 582 483 623 .100.
508 580 628 622 scudi
661 580 699 621 d’
724 594 798 621 oro
824 615 831 623 .
857 595 941 622 non
964 580 1161 623 arriuara
1194 580 1321 621 credo
1355 582 1380 621 a
1406 582 1502 623 100.
1527 584 1572 622 et
1595 582 1648 622 50
1666 582 1679 607 1
1703 614 1711 622 .
1735 593 1840 633 pare

77 645 220 698 giusto
263 659 347 687 non
388 645 569 687 essendo
611 644 803 698 obligato
845 646 1019 687 nissuno
1061 645 1215 687 luocho
1247 644 1291 686 in
1332 645 1583 698 particular,
1626 645 1661 686 si
1701 644 1840 686 faccia

78 710 395 753 contributione
437 710 536 753 dala
576 710 804 751 Prouincia
846 710 923 752 che
963 711 1004 752 lo
1046 710 1216 760 mando,
1259 712 1304 751 et
1336 709 1377 751 di
1411 710 1554 763 quella
1586 709 1672 751 alla
1715 711 1840 762 quale

77 789 152 817 era
193 775 396 817 mandato
438 789 515 829 per
554 788 718 828 pagare
752 775 871 816 detto
915 775 1110 825 riscatto,
1152 775 1316 816 benche
1350 777 1375 816 a
1406 775 1510 816 luna
1543 777 1586 816 et
1619 776 1644 816 a
1677 775 1702 815 l’
1727 774 1842 816 altra

77 840 135 882 lui
167 839 273 881 fossi
305 839 448 881 statob
480 853 587 893 poco
625 839 754 889 utile,
797 840 977 881 essendo
1011 840 1189 882 scolare.
1243 839 1296 883 V.
1321 839 1371 881 R.
1406 839 1517 881 ueda
1560 839 1587 880 l’
1612 839 1729 880 aiuto
1764 839 1841 880 che

76 908 204 958 potra
236 904 352 947 dare.

194 1020 329 1054 Notatu
355 1020 464 1063 digna
489 1023 584 1061 sunt,
620 1031 712 1064 quae
738 1019 927 1059 Polancus,
956 1021 1010 1053 vir
1045 1021 1080 1053 in
1107 1020 1263 1063 negotiis
1298 1021 1418 1054 curiae
1446 1031 1612 1054 romanae
1639 1019 1840 1053 versatissi-

76 1084 155 1107 mus
192 1093 234 1095 —
271 1075 354 1107 ante
390 1073 580 1107 Societatis
616 1073 821 1115 ingressum
860 1073 1034 1117 „scriptor
1070 1073 1305 1118 apostolicus“
1346 1074 1465 1107 fuerat
1506 1072 1674 1116 (As-tram
1707 1071 1731 1106 l.
1758 1084 1787 1106 c.
1814 1072 1840 1105 1.

77 1125 160 1169 210)
191 1145 244 1167 —,
271 1126 306 1160 in
333 1126 389 1160 his
414 1126 546 1160 litteris
573 1126 615 1160 de
646 1126 803 1169 „gratia“
833 1126 911 1159 sive
942 1127 1172 1160 concessione
1200 1126 1382 1161 Canisium
1409 1126 1556 1167 monuit,
1584 1137 1655 1170 qua
1680 1136 1841 1159 summus

75 1178 237 1223 pontifex
271 1179 363 1213 bona
396 1180 603 1213 monasterii
631 1179 663 1213 S.
692 1178 820 1213 Clarae
855 1179 1115 1224 herbipolensis
1151 1179 1185 1213 in
1223 1180 1414 1223 collegium
1441 1179 1631 1213 Societatis
1657 1178 1842 1223 Herbipoli

74 1232 333 1266 instituendum
367 1232 604 1266 transtulerat
641 1232 739 1276 (vide
773 1243 883 1277 supra
912 1232 1014 1276 182):
1053 1233 1114 1266 Ait
1149 1232 1228 1267 ille:
1264 1232 1352 1266 Eam
1393 1233 1601 1275 „g1·atian1“,
1641 1231 1710 1266 nisi
1746 1231 1841 1266 bulla

74 1285 322 1320 translationis
356 1285 597 1331 expediretur,
632 1285 795 1319 inutilem
831 1286 908 1320 sive
935 1286 1131 1319 invalidam
1158 1286 1253 1326 fore;
1289 1286 1339 1319 ita
1375 1286 1468 1319 enim
1499 1285 1763 1328 „Cancellariae
1789 1297 1841 1319 re—

76 1338 191 1382 gulis“
221 1339 434 1383 quibusdam
470 1340 647 1373 statutum
683 1350 773 1373 esse.
825 1338 963 1382 Singuli
998 1339 1165 1372 nimirum
1200 1339 1388 1383 pontifices
1416 1338 1516 1372 initio
1542 1338 1772 1383 pontificatus
1799 1338 1841 1372 de

75 1392 206 1426 litteris
225 1392 431 1437 apostolicis
450 1393 694 1437 expediendis,
721 1392 861 1426 iudiciis
881 1393 1101 1434 exercendis,
1128 1392 1313 1427 beneficiis
1332 1392 1588 1427 ecclesiasticis
1607 1391 1841 1432 conferendis,

76 1445 156 1479 aliis
190 1445 297 1479 rebus
335 1445 514 1489 ⁷,Regulas
550 1445 793 1480 Cancellariae
823 1445 1072 1490 Apostolicae⁴⁴
1112 1446 1330 1487 statuebant,
1366 1445 1417 1480 ita
1452 1448 1584 1487 tamen,
1620 1447 1660 1479 ut
1694 1445 1842 1488 regulae

75 1498 169 1539 illae,
205 1499 297 1542 quod
333 1499 377 1532 ad
412 1510 531 1532 rerum
566 1510 742 1532 summam
769 1499 954 1541 attinebat,
991 1510 1132 1544 semper
1158 1499 1303 1532 eaedem
1341 1501 1461 1533 essent
1487 1501 1595 1542 atque
1621 1498 1716 1539 illae,
1752 1509 1842 1542 quas

76 1552 191 1585 medio
225 1552 369 1586 saeculo
396 1551 471 1586 XV.
508 1551 678 1586 Nicolaus
709 1552 753 1585 V.
789 1555 968 1597 posuerat.
1023 1552 1170 1586 Polanci
1205 1554 1324 1586 autem
1361 1552 1478 1586 animo
1514 1552 1727 1586 observatae
1763 1562 1841 1585 esse

78 1605 244 1639 videntur
278 1605 426 1648 regulae
461 1605 528 1646 27„
564 1606 631 1645 31„
668 1605 742 1645 52.;
779 1617 870 1649 quae
907 1606 948 1639 de
984 1605 1185 1640 litterarum
1224 1605 1502 1651 apostolicarum
1541 1604 1841 1649 expediendarum

76 1659 293 1692 necessitate
329 1661 442 1692 erant.
494 1658 557 1699 lta,
595 1661 633 1692 ut
659 1670 768 1692 unum
804 1670 933 1703 ponam
961 1659 1174 1703 exemplum,
1211 1659 1337 1702 regula
1363 1658 1418 1692 27.
1446 1658 1496 1692 ita
1522 1658 1696 1692 habebat:
1734 1657 1841 1700 ,Cum

76 1714 158 1745 ante
185 1711 442 1746 confectionem
470 1711 666 1752 literarum,
702 1712 819 1755 gratia
846 1711 1053 1756 Apostolica
1080 1712 1128 1746 sit
1153 1712 1325 1752 informis,
1353 1711 1476 1753 voluit,
1512 1711 1651 1751 statuit,
1690 1713 1726 1744 et
1752 1710 1842 1744 ordi-

75 1766 175 1798 nauit
201 1765 294 1798 idem
321 1765 483 1799 dominus
510 1767 643 1805 noster,
680 1764 772 1809 quod
798 1764 934 1799 iudices
964 1765 1000 1798 in
1028 1765 1188 1799 Romana
1222 1765 1330 1806 curia,
1367 1767 1403 1798 et
1430 1767 1533 1798 extra
1559 1776 1636 1798 eam
1663 1776 1726 1808 pro
1753 1766 1840 1798 tem-

77 1830 160 1862 pore
188 1818 294 1861 [alias
326 1819 428 1852 (ταώς
465 1817 690 1862 existentesJ,
726 1818 835 1851 etiam
869 1817 899 1852 si
935 1818 1008 1852 sint
1033 1821 1180 1852 sanctae
1206 1818 1387 1852 Romanae
1423 1817 1596 1852 ecclesiae
1623 1817 1843 1858 Cardinales,

77 1883 267 1906 causarum
295 1871 418 1916 palatij
447 1871 645 1916 Apostolici
672 1871 863 1912 auditores,
890 1871 948 1905 vel
976 1871 1178 1915 quicunque
1209 1871 1281 1916 alij,
1316 1883 1386 1905 non
1412 1871 1515 1905 iuxta
1540 1871 1841 1915 supplicationum

76 1925 299 1968 signatarum
327 1924 453 1968 Ullius:
484 1923 735 1968 signaturamJ,
761 1935 869 1968 super
895 1924 1084 1968 quibusuis
1109 1924 1422 1969 impetrationibus
1441 1952 1448 1958 .
1469 1951 1476 1958 .
1497 1952 1516 1963 .,
1545 1925 1607 1958 sed
1635 1924 1737 1958 iuxta
1763 1924 1839 1957 lite-

77 1989 197 2012 rarum
223 1989 331 2023 super
357 1977 490 2012 eisdem
517 1978 830 2022 impetrationibus
849 1980 884 2011 et
903 1977 1193 2012 concessionibus
1212 1978 1455 2012 confectarum
1474 1980 1626 2019 tenores,
1654 1980 1689 2011 et
1707 1977 1841 2010 formas

75 2031 232 2065 iudicare
259 2031 421 2071 debeant,
457 2031 651 2065 decernens
677 2030 837 2064 irritum⁵⁶
869 2032 936 2064 etc.
967 2032 1075 2071 (Petr.
1102 2032 1284 2075 Rebuffus,
1320 2030 1449 2064 Praxis
1476 2030 1734 2064 Beneficiorum
1761 2032 1840 2071 etc.,

77 2084 239 2128 Lugduni
268 2084 368 2126 1580,
394 2085 492 2128 475).
537 2086 585 2118 Io.
613 2086 717 2127 Bapt.
737 2085 928 2127 Iiz'yantius
953 2084 988 2117 in
1015 2084 1107 2118 hauc
1133 2084 1296 2128 regulam
1322 2087 1442 2118 notat:
1475 2084 1594 2126 „Licet
1613 2084 1738 2118 Gratia
1763 2095 1840 2128 per—

75 2138 216 2172 ficiatur
241 2149 304 2183 per
329 2137 441 2172 solam
468 2137 699 2180 Signaturam
723 2136 1011 2182 Supplicationis,
1040 2138 1147 2171 etiam
1175 2140 1258 2171 ante
1276 2137 1478 2171 Literarum
1505 2137 1778 2182 expeditionem,
1806 2139 1841 2169 et

74 2191 190 2236 quoad
216 2191 410 2225 essentiam
437 2190 577 2224 dicatur
603 2190 700 2224 facta
727 2202 766 2224 eo
792 2191 880 2234 ipso,
907 2191 999 2234 quod
1027 2190 1126 2235 Papa
1151 2191 1277 2225 scribit
1303 2190 1422 2232 FIAT,
1443 2218 1449 2224 .
1472 2218 1478 2224 .
1500 2219 1504 2224 .
1525 2193 1683 2224 attamen
1711 2190 1840 2224 dicitur

75 2244 200 2279 Gratia
225 2244 396 2285 informis,
433 2246 468 2277 et
499 2244 598 2277 rudis
625 2255 644 2277 a
671 2243 884 2278 Doctoribus
911 2244 1091 2277 Embrioni
1119 2246 1335 2289 comparata,
1364 2255 1475 2286 egens
1501 2243 1719 2288 expolitione
1745 2243 1838 2276 circa

74 2297 265 2339 clausulas,
301 2300 336 2331 et
371 2308 492 2331 earum
523 2297 766 2330 extensionem
803 2297 846 2331 ab
874 2296 1099 2331 Officialibus
1125 2297 1337 2338 faciendam,
1374 2297 1425 2330 ita
1451 2299 1491 2330 ut
1516 2297 1692 2330 formetur
1719 2298 1754 2330 et
1781 2308 1838 2329 ex—

73 2351 238 2395 poliatur,
265 2350 404 2394 quando
432 2350 572 2383 Literae
598 2350 846 2394 expediuntur,
874 2351 950 2384 sine
977 2361 1127 2394 quarum
1145 2350 1298 2394 proinde¹
1319 2350 1546 2394 expeditione
1572 2361 1639 2383 non
1669 2349 1839 2393 probatur

76 2403 210 2444 Gratia,
237 2415 302 2438 nec
327 2403 524 2448 impetrans
551 2405 670 2447 potest
697 2414 738 2437 ea
764 2403 834 2436 uti*
868 2403 1150 2446 (Commentaria
1175 2403 1210 2436 in
1238 2403 1397 2446 Regulas
1426 2402 1669 2437 Cancellariae
1689 2404 1838 2446 Aposto-

75 2457 164 2491 licae
199 2457 261 2497 ΙΙΙ,
295 2456 460 2491 Coloniae
487 2455 719 2498 Allobrogum
755 2456 856 2496 1751,
893 2457 966 2499 34).
1019 2456 1116 2490 Haec
1152 2459 1188 2490 et
1222 2456 1354 2490 similia
1390 2458 1544 2500 Boi-qtae
1578 2456 1695 2489 animo
1731 2455 1837 2489 etiam

75 2511 264 2544 obversata
299 2521 378 2544 esse
405 2509 582 2549 videntur,
619 2520 698 2543 cum
734 2509 810 2553 ipse
845 2509 887 2543 de
923 2509 1073 2552 collegio
1101 2508 1291 2543 Societatis
1326 2509 1677 2553 audomaropolitano
1706 2508 1837 2551 (Saint-

76 2562 197 2605 Omer)
234 2562 346 2596 Roma
371 2563 403 2597 4.
431 2562 614 2596 Februarii
644 2562 733 2596 1568
769 2562 807 2596 Ρ.
834 2561 956 2596 Natali
983 2562 1174 2596 scriberet:
1205 2562 1365 2604 „Quanto
1391 2562 1462 2596 alla
1482 2561 1755 2596 confirmatione
1782 2561 1837 2595 del

75 2615 386 2650 Reuerendissimo
412 2615 575 2649 Vescouo
602 2615 634 2648 di
663 2614 860 2656 Santomer,
887 2627 986 2649 come
1008 2615 1061 2649 .V.
1089 2615 1296 2649 Reuerenza
1322 2615 1439 2649 scriue
1466 2615 1623 2648 bastaria
1649 2626 1696 2647 un
1723 2615 1838 2648 Breue

74 2669 190 2703 simile
217 2670 236 2703 a
262 2669 380 2713 quello
407 2668 472 2703 che
498 2668 610 2702 hebbe
639 2667 661 2701 il
688 2668 797 2712 padre
817 2668 970 2702 Canisio.
1012 2668 1078 2703 Gia
1105 2669 1134 2702 si
1161 2680 1310 2713 procuro
1337 2671 1372 2702 et
1398 2668 1431 2702 lo
1458 2670 1558 2712 porto
1585 2679 1666 2702 seco
1684 2667 1708 2701 il
1727 2668 1836 2712 padre

75 2721 217 2763 Xauier,
244 2734 328 2756 uero
355 2725 372 2756 0
399 2722 462 2756 0110
489 2721 597 2755 simili
624 2720 731 2754 Breui
758 2732 826 2754 non
852 2721 883 2755 si
914 2721 1074 2764 sogliono
1100 2724 1268 2766 reputare
1295 2721 1561 2765 confirmatorij,
1592 2721 1779 2755 uederemo
1805 2722 1835 2755 si

75 2775 187 2816 basta,
223 2778 259 2809 et
293 2775 433 2819 quando
468 2787 537 2808 non
572 2774 602 2808 si
630 2774 800 2818 potrebbe
835 2773 946 2808 hauer
982 2774 1064 2808 d'un
1100 2774 1193 2808 altra
1218 2777 1314 2808 sorte
1351 2775 1406 2807 mii
1434 2774 1743 2807 costa1·a(lenari“
1775 2775 1835 2817 (ex

75 2828 279 2873 archetypo,
306 2829 400 2872 quod
427 2831 483 2862 est
508 2829 543 2861 in
575 2827 672 2869 „EB“
703 2839 735 2860 n.
764 2827 851 2867 22&
879 2828 986 2861 etiam
1015 2827 1050 2861 in
1078 2827 1165 2871 Epp.
1194 2829 1314 2861 Nadal
1343 2827 1389 2860 Ill
1420 2828 1518 2869 559).

194 2904 357 2938 Canisius
384 2903 538 2938 Polanco
565 2903 750 2947 respondit
776 2903 831 2937 20.
860 2903 995 2947 Aprilis
1027 2904 1127 2937 1566.

192 2997 220 3027 a)
243 2998 300 3021 Hoc
322 3005 344 3021 r.
357 2997 526 3022 antecedam!
545 3005 585 3021 rr.
600 3003 658 3029 pax
673 2996 780 3021 christi
796 2995 891 3021 Molto
908 2995 1087 3021 Reuerendo
1103 2995 1249 3021 inchristo
1265 2994 1381 3025 Padre.,
1402 3005 1418 3020 (ι
1441 2997 1506 3020 libr.
1521 2997 1608 3021 omitt.
1675 2997 1703 3029 b)
1726 3001 1746 3022 Α
1769 2999 1832 3022 libr.

76 3044 167 3068 supra
189 3045 260 3063 vers.
281 3039 432 3069 scriptum.

198 3192 206 3210 ¹
232 3190 284 3224 De
309 3190 376 3225 hac
403 3191 459 3226 Fr.
485 3191 749 3225 Bartholomaei
779 3190 918 3223 Valloni
947 3190 1152 3224 calamitate
1181 3190 1261 3223 vide
1288 3201 1394 3234 supra
1423 3202 1454 3235 p.
1483 3192 1635 3226 58—61.
