2045 3471
191 197 274 238 232
319 194 418 228 1313.
447 192 543 227 Hier.
562 192 713 233 Natalis,
740 192 835 226 Petr.
856 191 952 231 Can,
978 191 1049 225 130.
1068 190 1242 225 Ledesma
1269 189 1391 224 loanni
1409 189 1599 224 Francisco
1621 189 1892 224 Commendono.

190 317 468 372 exequutioni
491 317 595 359 iuris
618 317 673 358 ad
695 319 867 370 tempus
897 316 1063 365 cedere,
1097 315 1320 368 multaque
1342 329 1367 356 a
1391 314 1596 368 Sectarijs
1627 314 1805 367 indigna
1835 313 1950 356 ferre

190 386 436 437 cogantur³,
470 382 605 424 donec
637 380 837 423 nimirum
870 380 1064 422 Christus
1097 379 1269 422 JESVS
1301 379 1471 421 illorum
1504 378 1619 420 vires
1651 381 1824 432 augeat,
1859 377 1951 431 qui-

190 450 267 490 bus
298 448 365 489 ius
397 460 521 488 suum
553 460 630 500 pro
664 445 879 499 dignitate
911 444 1079 499 possint
1110 443 1363 498 persequi1;
1406 457 1486 485 nec
1518 446 1664 486 tamen
1705 443 1863 485 idcirco
1897 443 1950 484 ab

189 513 337 555 eadem
372 512 568 554 Romana
599 510 793 553 Ecclesia
836 509 1024 564 probari,
1068 508 1267 562 quicquid
1308 508 1351 549 in
1392 507 1459 549 his
1491 507 1774 550 Recessibusb
1806 511 1949 550 actum

190 581 268 627 est,
311 590 390 619 nec
431 590 582 631 pacem
614 576 724 618 hanc
765 575 934 629 publice
967 573 1249 616 constitutam
1290 573 1472 622 laudari,
1517 572 1737 615 Permittit
1776 572 1948 614 interim

191 656 270 684 nec
306 641 498 695 impedit,
540 654 617 695 pro
660 642 858 682 materna
899 653 977 681 sua
1017 639 1060 680 in
1101 638 1211 680 filios
1252 637 1534 691 indulgentia,
1579 638 1690 691 quod
1731 637 1952 691 Principes

190 706 398 750 Catholici
439 704 680 747 huiusmodi
722 704 840 758 pacis
882 703 1148 746 conditiones
1186 702 1436 751 admittant,
1481 703 1747 752 confirment,
1791 704 1836 744 et
1876 701 1951 743 ob-

191 775 381 821 seruent,
422 770 592 824 quando
624 769 686 811 illi
729 769 857 810 rebus
890 768 1148 810 Germaniae
1180 770 1271 810 tam
1304 767 1495 817 afflictis,
1540 770 1583 809 et
1624 765 1843 821 praesenti
1875 779 1951 807 ne-

191 836 385 879 cessitati
416 836 498 878 1130
529 834 700 877 ratione
733 833 1040 875 consulendum
1073 846 1168 875 esse
1202 832 1484 875 arbitrantur.

309 901 546 949 Postremo,
591 912 729 952 neque
762 912 856 940 cum
890 898 1016 940 dictis
1048 897 1330 951 Principibus,
1372 910 1511 949 neque
1544 910 1639 938 cum
1672 895 1757 939 N.2
1788 896 1832 938 in
1870 896 1949 938 hac

191 980 321 1009 causa
353 965 500 1007 durius
522 965 697 1007 videtur
729 963 956 1017 agendum,
991 963 1125 1004 donec
1149 962 1456 1004 Sanctissimus
1492 962 1540 1004 D.
1566 961 1643 1005 N.c
1676 960 1812 1015 primo
1845 975 1951 1013 quo-

191 1045 271 1084 que
303 1034 498 1084 tempore
531 1029 795 1078 consulatur,
829 1041 965 1081 eoque
997 1027 1185 1070 maxime
1218 1027 1395 1069 consilia
1429 1026 1665 1080 dirigenda,
1699 1029 1747 1068 ut
1779 1025 1949 1068 interim

191 1094 430 1137 Tridentini
452 1093 629 1147 Concilij
662 1093 925 1135 mentionem
958 1095 1002 1135 et
1033 1091 1344 1146 professionem
1377 1092 1420 1133 111
1451 1091 1544 1146 ipso
1567 1091 1757 1133 Recessu
1790 1090 1951 1132 diserte

190 1160 249 1202 illi
283 1161 574 1214 interponant,
609 1158 722 1201 sicut
754 1161 821 1201 est
853 1157 1170 1212 supradictum3
1204 1155 1305 1199 autd
1338 1156 1374 1198 si
1406 1157 1486 1198 hoc
1518 1156 1632 1198 forte
1656 1158 1844 1208 nequeat
1876 1156 1951 1197 ob-

190 1225 331 1276 tineri,
366 1227 415 1267 ut
445 1224 574 1278 ijdem
606 1224 650 1265 in
682 1223 1044 1277 congregationee
1066 1221 1310 1276 Principum
1344 1221 1425 1263 hac
1457 1221 1572 1275 ipsaf
1599 1221 1650 1262 de
1681 1235 1728 1263 re
1760 1223 1949 1263 mentem

191 1304 313 1333 suam
355 1290 589 1339 declarent,
631 1288 886 1343 publiceque
926 1289 1157 1330 testentur.
1221 1286 1341 1336 Quod
1383 1299 1530 1327 eorum
1571 1285 1866 1327 testimonium
1906 1285 1949 1326 in

192 1358 290 1398 acta
341 1354 519 1404 referri,
574 1356 618 1396 et
669 1353 783 1408 apud
834 1355 1034 1407 posteros
1086 1352 1233 1393 ualere
1285 1350 1447 1405 poterit
1499 1350 1728 1403 aliquando
1782 1349 1951 1392 Christo

192 1420 445 1464 auxiliante.

309 1485 430 1527 Haec
452 1498 478 1526 a
499 1483 622 1527 nobis
645 1483 762 1525 dicta
784 1482 871 1524 sint
893 1485 937 1523 et
959 1481 1154 1523 subiecta
1184 1484 1436 1523 reuerenter
1460 1481 1499 1523 S.
1524 1481 1575 1522 D.
1599 1479 1654 1522 N.
1679 1483 1724 1522 et
1747 1480 1787 1523 S.
1807 1478 1952 1521 Sedisg

194 1549 482 1604 Apostolicae,
515 1548 789 1601 omniumque
822 1546 981 1588 rectius
1014 1545 1293 1588 sentientium
1324 1545 1493 1587 iudicio.

412 1620 688 1662 Hieronimus
719 1618 893 1660 Natalis
924 1618 952 1669 †
1004 1618 1160 1659 Petrus
1193 1616 1388 1658 Canisius
1414 1651 1421 1659 .
1446 1617 1635 1658 ‚Iacobus
1667 1616 1889 1657 Ledesma.

311 1700 594 1734 Commendonus
612 1700 688 1744 ipse
706 1698 838 1739 Natali,
858 1698 1010 1737 Canisio,
1029 1697 1224 1731 Ledesmae
1242 1700 1317 1731 tum
1334 1696 1400 1730 has
1418 1696 1655 1740 quaestiones,
1674 1698 1750 1730 tuni
1770 1707 1840 1737 eas,
1859 1706 1952 1739 quae

193 1753 286 1787 infra
310 1765 344 1787 11.
366 1754 456 1787 1314
476 1753 565 1787 1315
584 1754 770 1797 ponentur,
796 1751 981 1796 proposuit
1007 1753 1114 1794 atque
1141 1762 1201 1784 eos
1224 1750 1368 1794 scriptis
1394 1750 1608 1794 respondere
1631 1759 1952 1794 responsorumque

193 1806 368 1851 exemplis
394 1805 536 1840 nomina
561 1804 786 1839 subscribere
812 1804 935 1843 iussit:
964 1804 1023 1847 qui
1050 1804 1092 1837 de
1118 1803 1217 1837 nulla
1242 1814 1280 1836 re
1306 1804 1399 1836 inter
1425 1814 1463 1836 se
1481 1803 1743 1847 discrepabant.
1786 1802 1840 1835 Ita
1858 1801 1952 1835 enim

194 1861 336 1894 Natalis
362 1860 527 1902 Augusta
562 1859 594 1893 5.
621 1858 707 1892 Maii
736 1858 824 1892 1566
851 1857 999 1891 Romam
1035 1856 1078 1890 ad
1105 1856 1274 1899 Borgiam
1309 1856 1351 1889 de
1384 1855 1655 1896 Commendono,
1691 1867 1796 1899 quem
1831 1855 1953 1888 littera

197 1913 262 1955 „L‘
293 1912 530 1955 significabat,
564 1911 723 1945 rettulit:
763 1910 856 1953 „Nos
891 1909 1053 1944 consulta
1088 1909 1177 1943 molt
1201 1909 1398 1943 clarament
1433 1920 1509 1943 com
1536 1920 1647 1943 veura
1674 1908 1726 1942 .V.
1754 1908 1792 1941 P.
1821 1920 1864 1942 en
1898 1908 1952 1941 las

194 1966 400 2010 scripturas,
433 1977 459 2010 y
483 1964 531 1999 ha
556 1964 683 2008 volgut
712 1975 780 2008 que
806 1963 831 2008 lj
860 1963 1047 1997 donassem
1074 1962 1175 2007 copia
1201 1962 1243 1996 de
1269 1964 1362 1996 totes
1388 1962 1555 1996 firmades
1581 1962 1624 1996 de
1650 1964 1790 1995 nostres
1816 1972 1918 1995 noms
1944 1987 1952 1995 .

194 2019 282 2053 ellas
308 2030 371 2052 son
399 2019 440 2052 .6.
467 2017 605 2052 scilicet
631 2018 660 2058 †‚
688 2028 719 2051 a.
746 2017 778 2050 b.
806 2027 835 2050 0.
855 2016 886 2049 (1.
906 2017 969 2050 e.h.
1018 2015 1068 2049 La
1093 2016 1129 2057 i·i
1155 2027 1199 2049 no
1226 2026 1264 2049 es
1289 2015 1408 2049 firmat
1434 2026 1502 2059 que
1528 2026 1566 2049 es
1591 2015 1625 2049 lo
1652 2026 1720 2058 que
1746 2014 1792 2048 ha
1817 2013 1953 2048 traduit

195 2071 244 2107 .C.
271 2071 327 2106 del
353 2083 453 2106 reces
480 2083 522 2105 en
550 2070 580 2104 el
607 2070 783 2114 alemany,
810 2069 842 2103 el
870 2070 923 2103 .A.
943 2069 974 2102 b.
1003 2072 1037 2102 et
1064 2080 1092 2102 c.
1120 2080 1183 2102 son
1210 2071 1391 2113 respostes
1417 2080 1437 2101 a
1455 2068 1639 2112 questions
1665 2079 1777 2112 quens
1804 2067 1953 2101 demena

312 2148 340 2179 a)
368 2146 494 2179 cogatur
523 2148 553 2171 X
577 2147 649 2171 Lad.
759 2145 788 2175 1))
818 2144 1052 2171 necessitatibus
1079 2146 1151 2169 Lad.
1261 2146 1286 2173 0)
1317 2151 1333 2169 3
1360 2143 1557 2170 ‚sanctissimo
1584 2143 1712 2169 Domino
1739 2143 1851 2169 Nostro
1878 2145 1952 2168 Lacl.

195 2189 225 2221 (1)
246 2189 278 2214 at
292 2189 364 2214 [καὶ.
438 2188 465 2219 0)
486 2186 754 2219 congregationem
767 2188 806 2217 Γ,-
826 2186 1078 2218 congregationes
1093 2187 1129 2210 X.
1204 2185 1231 2215 f)
1252 2187 1288 2210 In,
1307 2187 1499 2210 Vrorrectwn
1514 2194 1550 2210 ex
1563 2185 1630 2218 ipsi.
1703 2186 1732 2217 g)
1755 2184 1952 2210 sanctissimo

195 2230 322 2256 Domino
341 2229 464 2258 Nostro,
485 2229 515 2254 et
536 2228 563 2255 S.
584 2228 654 2254 sedi
676 2228 749 2253 Lacl.
823 2227 854 2258 11)
875 2229 909 2252 In
929 2228 1096 2259 archetypis
1116 2228 1234 2252 Natalis
1254 2227 1362 2252 litteris
1380 2228 1512 2258 seqnitur
1532 2226 1562 2258 f‚-
1587 2227 1661 2258 quod
1682 2230 1778 2251 tumen
1793 2234 1953 2258 perperam

196 2273 329 2297 additum
349 2275 409 2303 0511,-
430 2279 453 2296 r.
474 2272 548 2302 Epp.
569 2271 645 2295 Xad.
666 2271 718 2294 III
736 2271 817 2295 11011,
827 2269 877 2294 ὄψ’.
953 2268 972 2300 i)
993 2270 1039 2294 Ita
1061 2270 1090 2293 in
1111 2269 1189 2293 arch.
1210 2272 1367 2293 correctum
1389 2272 1430 2293 est
1449 2276 1486 2293 es
1505 2275 1531 2294 a.

196 2377 262 2412 fide
288 2376 477 2421 catholica]
504 2377 619 2421 potuit
645 2376 844 2416 deliberari,
871 2387 976 2420 quam
1004 2386 1095 2419 quae
1121 2375 1156 2408 in
1175 2375 1362 2418 Augustae
1389 2374 1541 2419 proximi
1565 2374 1769 2408 Conventus
1795 2372 1954 2408 Recessu

196 2431 338 2465 decreta
364 2430 475 2465 fuisse
502 2430 705 2474 accepimus
716 2430 754 2463 22⁸⁴
802 2429 1042 2472 (Raynaldus,
1069 2427 1228 2462 Annales
1255 2427 1489 2462 ecclesiastici
1514 2427 1537 2461 1.
1557 2438 1585 2461 c.
1612 2427 1647 2460 in
1673 2438 1704 2460 a.
1725 2426 1825 2468 1555,
1852 2438 1886 2461 n.
1909 2427 1951 2461 51

197 2484 268 2526 53.)
321 2483 441 2518 Facile
467 2483 575 2517 etiam
601 2482 695 2516 credi
724 2484 851 2527 potest,
887 2482 981 2526 quod
1007 2482 1160 2515 Bzovins
1185 2483 1327 2515 narrat:
1363 2480 1452 2515 Cum
1479 2482 1597 2514 orator
1623 2490 1811 2513 caesareus
1842 2490 1955 2521 „com-

197 2539 409 2571 memoraret
426 2563 434 2570 .
455 2563 462 2570 .
483 2564 488 2570 .
508 2536 753 2570 iusiurandum
789 2535 825 2569 in
853 2534 1101 2579 pacificatione
1128 2534 1352 2578 praestitum,
1388 2533 1556 2567 Pontifex
1574 2558 1582 2567 .
1601 2560 1608 2567 .
1628 2559 1636 2566 .
1656 2532 1698 2565 de
1728 2531 1957 2566 iureiurando

196 2590 296 2631 dixit,
322 2601 361 2623 se
387 2589 431 2623 ab
458 2588 584 2623 illicito
610 2588 671 2622 illo
706 2588 904 2622 iuramento
931 2587 1083 2621 liberare
1119 2589 1154 2620 et
1180 2587 1366 2621 absoluere
1393 2586 1583 2620 Caesarem
1610 2587 1646 2618 et
1671 2585 1953 2619 Ferdinandum:

196 2644 265 2676 imo
292 2642 477 2687 imperare,
513 2644 554 2676 vt
587 2641 674 2675 illud
700 2653 769 2675 non
805 2641 1036 2675 attendanff‘:
1072 2640 1263 2673 Annalium
1292 2640 1334 2674 R.
1361 2640 1400 2673 P.
1427 2639 1464 2673 F.
1493 2638 1692 2672 Abraham·
1716 2639 1841 2671 Bzovii
1867 2638 1954 2672 Con-

196 2695 348 2729 tinuatio
367 2722 375 2730 .
394 2695 491 2729 Tom.
511 2694 587 2735 XX,
615 2693 783 2729 Coloniae
801 2693 1021 2738 Agrippinae
1049 2693 1150 2734 1641,
1178 2693 1213 2726 in
1240 2705 1271 2728 a.
1292 2693 1393 2733 1555,
1419 2704 1453 2726 n.
1481 2692 1536 2726 36.
1579 2691 1701 2734 Neque
1727 2693 1847 2724 tamen
1866 2690 1955 2724 haec

198 2748 232 2781 in
259 2748 517 2782 Germanorum
552 2747 715 2781 notitiam
746 2746 890 2781 venisse
926 2746 1112 2786 videntur3
1149 2748 1258 2789 atque
1293 2745 1447 2779 saeculis
1472 2744 1567 2778 XVI.
1595 2745 1748 2776 exeunte
1774 2755 1815 2776 ac
1841 2742 1954 2776 XVII.

199 2801 340 2834 ineunte
367 2802 403 2834 et
426 2800 585 2843 theologi
611 2799 778 2834 catholici
814 2801 849 2833 et
874 2799 1069 2843 iurisperiti
1107 2803 1218 2839 erant,
1256 2799 1316 2842 qui
1342 2809 1466 2842 pacem
1493 2796 1676 2839 religionis
1702 2807 1733 2829 a.
1762 2797 1851 2830 1555
1877 2796 1954 2840 ipso

199 2853 364 2897 pontifice
396 2853 531 2888 sciente
565 2852 687 2886 initam
725 2863 803 2886 esse
830 2852 1080 2886 existimarent
1109 2852 1199 2890 (Fal.
1226 2852 1346 2895 Stieve,
1382 2850 1454 2884 Der
1479 2850 1667 2893 Ursprung
1702 2848 1764 2882 (105
1789 2847 1954 2892 Dreissig-

195 2905 359 2948 jahrigen
386 2906 538 2949 Krieges
566 2905 809 2943 1607—1619‚
836 2905 862 2946 I,
889 2905 1068 2939 Miinchen
1097 2905 1198 2945 1875,
1226 2905 1294 2939 266
1321 2907 1357 2937 et
1382 2904 1485 2937 Anni.
1513 2914 1545 2946 p.
1573 2901 1740 2943 93—94).

320 2959 329 2977 ¹
355 2958 406 2992 De
441 2958 509 2993 1130
535 2958 740 2993 condicione
773 2958 850 2992 sive
884 2958 1055 3002 temporis
1083 2958 1286 2991 definitione
1313 2957 1404 2997 vide,
1441 2966 1532 2999 quae
1558 2955 1720 2988 dicentur
1756 2954 1849 2988 infra
1875 2957 1957 2999 post

202 3021 235 3045 n.
265 3010 365 3044 1316.

319 3062 332 3081 ²
349 3062 633 3097 Maximilianum
649 3064 692 3097 11.
707 3064 958 3108 imperatorem
973 3063 1167 3106 significari
1186 3062 1407 3105 intellegitur
1425 3072 1504 3095 cum
1519 3071 1564 3093 ex
1582 3062 1658 3093 tota
1676 3071 1793 3093 rerum
1813 3059 1953 3093 illarum

200 3116 480 3157 augustanarum
507 3116 710 3149 condicione
742 3119 819 3150 tum
846 3117 1001 3150 maxime
1036 3127 1081 3150 ex
1108 3116 1162 3157 iis,
1198 3127 1289 3159 quae
1320 3114 1361 3147 de
1392 3112 1691 3157 „protestatione“
1722 3113 1813 3156 apud
1842 3112 1953 3145 Maxi-

201 3166 383 3201 milianum
408 3167 664 3210 interponenda
689 3169 724 3201 in
750 3168 922 3213 proximis
948 3169 1078 3202 litteris
1106 3168 1290 3207 dicuntum
1319 3167 1399 3200 vide
1426 3166 1518 3199 infra
1544 3177 1577 3209 p.
1604 3165 1682 3198 237.
