2045 3471
192 184 276 226 842
377 182 471 217 Mon,
491 182 559 217 902
585 182 662 216 sive
689 193 763 216 var.
785 182 875 225 (22).
915 181 1011 214 Inter
1038 181 1193 215 medium
1221 183 1256 215 et
1282 183 1473 214 exeuntem
1497 191 1543 214 m.
1562 179 1652 214 Nov.
1674 180 1775 215 1566.

191 299 323 334 dicitur
348 300 467 341 etiam,
494 300 649 334 fortasse
677 311 757 333 eum
776 298 919 333 Romae.
947 298 976 332 si
1005 298 1047 331 ad
1067 297 1283 332 Societatem
1310 297 1458 331 idoneus
1484 310 1554 332 non
1580 298 1637 339 sit,
1666 298 1700 331 in
1727 297 1835 332 alium
1861 298 1952 332 ordi-

190 365 272 387 nem
298 353 504 396 religiosum
532 353 626 387 mitti
651 363 756 397 posse
785 351 889 396 (Epp.
908 352 1031 385 Nadal
1048 351 1098 385 Ill
1125 351 1223 393 288).
1261 351 1393 385 Lucius
1410 350 1553 385 Natalis
1571 351 1832 396 exspectationi
1857 350 1952 385 haud

192 406 344 440 multum
379 406 576 443 satisfecit:
614 417 695 439 nam
731 406 885 448 Boryae‘as
918 403 1031 437 Roma
1066 404 1121 438 22.
1150 403 1271 437 Martii
1306 404 1395 438 1567
1422 403 1543 438 Natali
1577 404 1740 449 scripsit:
1779 404 1952 446 „Jntorno

192 459 228 493 al
252 459 401 493 mandar
426 461 496 503 qua
523 459 631 492 simili
656 460 677 492 a
704 457 824 498 Lucio,
860 469 879 490 o
906 457 983 492 Gio:
1011 457 1225 497 Viennense,
1263 457 1288 490 li
1315 457 1402 498 dico,
1434 457 1499 491 che
1525 457 1692 500 giuouani
1720 457 1753 490 di
1780 469 1867 501 poco
1893 468 1953 491 na-

192 512 286 546 tural
321 523 420 546 come
455 512 584 555 questi,
620 515 655 545 et
688 514 791 544 tanto
827 510 965 544 difficili
992 512 1012 544 a
1038 510 1180 550 ridursi,
1215 522 1285 543 non
1318 510 1449 544 accade
1483 510 1636 551 inuiarli,
1672 510 1801 555 perche
1826 522 1896 543 non
1922 511 1953 544 si

191 565 350 599 lasciano
376 565 503 604 aiutar,
539 566 576 598 et
605 565 638 598 di
664 564 726 608 piu
759 566 937 606 guastano
963 563 988 596 il
1013 562 1217 597 Nouitiato“
1250 563 1311 598 (ex
1337 563 1534 607 archetypo
1560 574 1666 597 manu
1692 563 1846 606 Borgiae
1871 563 1952 597 sub-

190 618 335 662 scripto,
362 618 455 662 quod
481 620 536 651 est
562 617 598 650 in
628 617 727 659 „Eff‘
758 628 791 650 n.
811 616 898 656 200;
927 616 1035 649 etiam
1062 617 1098 650 in
1124 616 1213 661 Epp.
1231 617 1354 650 Nadal
1379 617 1430 650 111
1455 617 1554 659 419).

193 737 302 774 902
328 738 405 772 sive
431 746 546 772 var.
566 735 702 781 (22).
776 735 879 771 Inter
905 734 1061 771 inedium
1087 737 1124 771 et
1150 737 1344 771 exeuntem
1369 734 1670 771 m.N0vem1›1·em
1696 735 1790 772 1566.

312 808 367 842 Ex
394 807 556 852 exemplo
583 806 790 851 archetypo,
817 819 837 840 a
864 806 904 842 P.
923 806 1056 840 Didaco
1074 807 1235 841 Jimenez
1262 806 1296 840 S.
1315 807 1347 841 J.
1367 806 1511 851 scripto,
1538 807 1631 851 quod
1659 810 1781 841 exstat
1805 807 1841 841 iu
1868 807 1951 842 cod.

196 860 318 903 ,NIG“
349 861 437 894 1150
463 861 519 895 58.
571 860 752 894 Institutio
779 871 824 893 ex
850 860 972 893 eodem
1000 859 1166 904 exemplo
1192 860 1344 904 primum
1372 859 1470 905 typis
1496 860 1680 904 exscripta
1714 863 1770 894 est
1801 861 1836 894 in
1863 860 1951 905 Epp.

192 915 312 948 Nadab
337 914 388 948 ΙΙΙ
415 914 612 947 782-783.

312 986 352 1018 Ρ.
371 985 514 1018 Natalis
539 985 712 1026 visitator,
743 988 825 1027 quot
853 984 974 1017 Socios
998 984 1141 1026 sinyula
1172 985 1387 1016 Germaniae
1411 985 1609 1027 superioris
1635 985 1779 1026 colleqia
1804 985 1898 1018 alere
1923 990 1953 1018 et

191 1039 279 1082 quid
304 1039 422 1071 eadem
448 1039 495 1070 ad
519 1039 626 1070 totius
651 1038 855 1079 provinciae
882 1039 1036 1070 novicios
1062 1039 1100 1070 in
1126 1037 1269 1079 colleqio
1295 1038 1498 1070 monacensi
1518 1038 1765 1070 sustentandos
1791 1040 1953 1080 conferre

192 1093 347 1134 debeant,
383 1092 571 1133 constituit,
607 1092 659 1123 ita
692 1094 819 1132 tamen,
856 1094 893 1122 ut
922 1090 1107 1123 Canis-ium
1136 1090 1392 1133 provincialem
1426 1091 1569 1133 sinfflclcc
1595 1101 1800 1134 coquos-cere
1833 1096 1862 1124 et
1896 1091 1952 1124 (le-

191 1146 298 1187 finire
322 1145 450 1178 iubeat.

311 1217 359 1259 P.
406 1217 692 1271 Hieronymus
740 1217 910 1258 Natalis
958 1218 1176 1258 Societatis
1226 1218 1419 1258 visitator
1469 1218 1650 1271 colceyiis
1696 1217 1954 1259 Germaniae

193 1283 425 1336 superioris
458 1284 678 1336 recoquitis
712 1282 762 1323 de
785 1283 1016 1334 Soeiormn,
1050 1287 1087 1323 et
1108 1283 1291 1323 maxime
1312 1283 1582 1334 noviciorum,
1612 1282 1767 1323 ibidem
1790 1288 1953 1324 susten-

192 1348 420 1388 tandorum
454 1349 617 1388 ratione
651 1362 699 1387 ac
733 1348 784 1388 de
816 1347 939 1388 rebus
968 1361 1046 1401 per
1079 1347 1300 1388 Ccmisizcm
1336 1348 1622 1401 praepositum
1653 1349 1951 1401 provincialem

194 1426 242 1453 ea
274 1412 323 1453 de
355 1426 485 1453 causa
518 1412 818 1453 constituendis
851 1412 960 1453 lianc
991 1427 1043 1453 m.
1067 1412 1293 1453 Novembri
1326 1414 1439 1454 1566
1473 1412 1590 1453 dedit
1630 1414 1954 1454 institutionem.-

310 1476 481 1518 Jhesus.
536 1477 599 1518 De
632 1476 801 1519 ratione
833 1479 878 1519 et
908 1477 1035 1518 modo
1067 1476 1211 1518 alendi
1243 1476 1450 1518 Novicios
1482 1476 1711 1530 Monachij.

312 1541 550 1594 Collegium
583 1541 890 1583 Monachiense
923 1542 1012 1583 alet
1045 1544 1097 1582 24
1133 1542 1288 1584 Patres
1321 1545 1364 1584 et
1396 1541 1570 1583 fratres.

312 1607 506 1648 Eundem
540 1620 765 1648 numerum
787 1606 1155 1660 Jngolstadiense,
1189 1609 1233 1648 et
1256 1606 1616 1660 OEnipontanum
1650 1607 1892 1660 collegium.

312 1671 549 1724 Collegium
581 1671 832 1724 Dilingense
865 1672 954 1714 alet
987 1673 1058 1714 28.

310 1736 548 1789 Collegium
580 1736 886 1789 Augustanum
919 1737 1107 1790 quandiu
1139 1737 1271 1778 habet
1304 1738 1387 1779 700
1420 1737 1621 1786 florenos,
1655 1736 1744 1778 alet
1779 1739 1845 1779 10.

310 1801 512 1844 Censebit
554 1805 701 1844 tamen
734 1801 1017 1843 Prouincialis
1058 1802 1130 1843 ubi
1172 1802 1405 1844 Rectorum
1448 1802 1640 1843 rationes
1672 1801 1848 1852 videbit,
1894 1816 1950 1843 an

191 1865 335 1920 plures
366 1866 535 1921 possint
567 1867 728 1909 alerel.

309 1931 391 1973 Hic
423 1945 626 1973 numerus
659 1936 727 1974 est
759 1931 1035 1982 constitutus,
1070 1931 1309 1974 coniunctis
1343 1931 1538 1973 omnibus
1562 1931 1764 1985 expensis
1797 1931 1946 1985 singu-

192 1996 331 2037 lorum
363 1996 655 2049 collegiorum,
690 2000 734 2038 et
767 2011 878 2050 quae
910 1996 965 2038 ad
987 1996 1164 2048 victum,
1197 1996 1418 2046 uestitum,
1452 1996 1627 2047 viatica,
1661 1999 1705 2039 et
1737 1996 1846 2038 alias
1877 2010 1948 2038 res

193 2061 426 2114 pertinent.

311 2126 546 2179 Collegium
588 2126 894 2169 Monachiense
935 2127 1097 2168 nullum
1138 2126 1316 2168 habebit
1356 2125 1661 2168 scholasticum
1703 2126 1946 2176 Societatis,

191 2191 267 2232 sed
308 2205 530 2233 numerum
573 2205 697 2233 suum
737 2191 935 2245 implebit
966 2205 1021 2233 ex
1062 2191 1237 2244 nouitijs
1262 2205 1372 2232 :nec
1413 2189 1575 2245 poterit
1616 2190 1852 2232 subsidium
1893 2191 1947 2232 ab

191 2255 287 2308 alijs
319 2256 513 2310 oollegijs
544 2259 708 2310 petere,
742 2256 824 2297 nisi
856 2257 1070 2310 completo
1103 2271 1180 2298 suo
1213 2270 1404 2298 numero.

309 2321 393 2362 Vbi
425 2335 629 2362 numerus
661 2321 833 2374 collegii
854 2321 1173 2363 Monachiensis
1205 2321 1290 2363 erit
1321 2320 1537 2374 impletus,
1572 2324 1617 2363 et
1647 2320 1829 2362 aliorum
1861 2334 1945 2362 non

191 2386 286 2435 erit,
319 2386 412 2427 sola
443 2399 495 2427 ea
528 2386 723 2438 collegia,
758 2399 939 2438 quorum
971 2400 1175 2427 numerus
1206 2400 1291 2427 non
1314 2385 1397 2428 erit
1421 2385 1637 2440 impletus,
1672 2385 1946 2427 contribuerit

191 2449 246 2490 ad
278 2450 476 2499 nouiti0s‚
511 2450 584 2502 qui
606 2451 778 2492 alentur
799 2453 975 2504 praeter
995 2464 1220 2492 numerum
1243 2450 1471 2504 Monacffij,
1496 2450 1738 2503 aequaliter
1760 2449 1943 2502 quidem,

191 2513 227 2554 si
259 2514 501 2566 aequaliter
541 2520 644 2556 suaa
680 2515 958 2568 proportione
1001 2516 1163 2558 distent
1195 2529 1221 2556 a
1253 2516 1467 2568 completo
1499 2528 1700 2556 numero:
1738 2514 1945 2566 inaequa-

190 2578 290 2620 liter
321 2593 437 2628 uero,
472 2579 508 2620 si
539 2579 838 2632 inaequaliter.
865 2614 873 2622 .
900 2613 908 2622 .
933 2615 941 2623 .
976 2581 1096 2622 Haec
1128 2594 1230 2621 uero
1261 2579 1563 2632 inaequalitas,
1597 2579 1665 2620 uel
1688 2579 1943 2631 aequalitas,

191 2643 437 2685 censebitur
471 2658 497 2685 a
528 2644 811 2686 Prouinciale.

309 2707 428 2756 Quod
469 2708 504 2749 si
544 2708 652 2750 haec
684 2709 796 2751 ratio
829 2709 1031 2752 videatur
1073 2709 1274 2759 difficilis,
1317 2709 1403 2750 alia
1443 2709 1614 2750 ineatur
1654 2708 1851 2761 simplex,
1893 2711 1944 2750 vt

191 2773 431 2824 aequaliter
448 2773 724 2815 contribuant
742 2774 884 2815 omnia
901 2774 1084 2826 collegia
1106 2787 1217 2826 quae
1241 2773 1442 2815 deficiunt
1465 2788 1489 2815 a
1507 2773 1729 2827 Completo
1752 2786 1941 2814 numero.

308 2836 481 2878 Judicet
503 2851 604 2878 uero
628 2851 712 2878 non
736 2840 826 2879 tam
859 2840 1110 2892 scrupulose
1133 2838 1428 2887 Prouincialis‚
1463 2838 1498 2879 si
1520 2837 1693 2890 aliquod
1716 2837 1941 2890 collegium

192 2899 305 2950 quod
335 2900 504 2953 longius
538 2902 672 2943 distat
704 2916 729 2943 a
752 2903 967 2956 completo
989 2917 1182 2952 numero,
1215 2903 1311 2956 plus
1334 2903 1390 2943 sit
1413 2901 1795 2951 contributurumb,
1830 2901 1943 2954 quod

193 2977 295 3004 uero
328 2978 478 3016 parum
512 2966 655 3015 distet,
689 2966 842 3009 minus.

310 3048 336 3073 a)
358 3045 494 3075 Sequitur
515 3044 656 3076 Collegia,
676 3046 881 3070 oblitteratum.
954 3046 984 3077 b)
1006 3047 1237 3072 contribumrus
1257 3049 1363 3072 cti-chet.

313 3159 321 3177 ¹
349 3157 400 3193 Cf.
428 3160 521 3193 infra
550 3172 703 3195 monum.
731 3162 810 3196 903.
