2045 3471
406 196 501 232 Mon.
520 196 587 231 901
614 195 693 230 sive
720 207 794 231 var.
817 194 907 239 (21).
949 195 997 229 M.
1016 193 1095 228 Oct.
1114 194 1151 227 et
1175 193 1277 227 initio
1302 192 1392 226 Nov.
1414 191 1515 226 1566.
1755 191 1837 232 841

85 314 275 357 eiusdem
307 314 545 365 societatis,
587 314 791 357 uidelicet
827 314 896 356 hic
927 313 1164 366 Delingaea
1195 314 1297 354 ante
1339 313 1383 353 et
1423 312 1522 364 post
1555 307 1842 351 erectionemb

82 378 208 421 huius
241 379 410 434 collegij
445 393 540 421 cum
573 379 826 421 Reuerendo
858 379 1011 426 Docto,
1051 380 1182 430 atque
1214 389 1432 428 nunquam
1465 374 1573 417 satis
1604 373 1843 416 laudando⁰

83 443 177 485 viro
210 443 386 485 Claudio
420 443 523 494 Iaio,
566 443 637 496 qui
669 457 835 485 mecum
868 443 1014 497 plures
1047 455 1182 484 annos
1218 440 1434 482 habitauit
1449 440 1475 490 ¹,
1518 452 1597 480 nec
1628 452 1713 480 non
1746 451 1842 479 cum

85 507 270 550 eximiae
292 507 483 562 pietatis,
512 508 582 550 etd
605 508 827 551 doctrinae
849 508 942 550 uiro
965 506 1171 549 1301111110Β
1194 505 1325 547 Petro
1348 503 1530 554 Cafflsio,
1565 503 1638 556 qui
1664 503 1706 544 in
1730 501 1843 544 Ciui-

84 575 192 624 tate,
225 575 271 615 et
301 573 474 615 Diocesi
505 587 602 615 mea
625 574 884 626 Augustana
915 571 1209 614 incredibilem
1242 570 1431 612 fructum
1464 569 1506 610 in
1540 567 1843 610 conuertendis

85 637 334 688 Hereticis‘,
376 637 646 680 stabiliendis
679 637 925 687 Catholicis,
969 640 1013 679 et
1045 636 1141 690 alijs
1173 648 1392 687 nunquam
1423 633 1532 675 satis
1564 631 1842 682 admirandis,

86 705 129 745 et
165 702 400 756 probandis
432 703 634 756 operibus
666 702 880 753 continue,
913 702 1130 744 indefesse
1163 701 1230 742 etg
1262 699 1538 741 laudabiliter
1569 698 1698 750 longo
1730 695 1844 738 iam¹²

85 771 281 821 tempore
321 767 504 822 peregit.
577 767 784 810 Similiter
826 781 910 808 non
955 767 1091 808 solum
1142 765 1186 806 in
1229 763 1461 806 Germania
1505 763 1579 804 sed
1624 762 1756 804 etiam
1800 761 1843 802 in

86 832 227 882 Italia,
270 834 314 874 et
345 832 503 886 ubique
543 832 734 873 locorum
767 831 838 873 ubi
872 830 1157 880 Domicilium,
1199 829 1511 871 habitationem
1544 826 1737 880 Collegia
1768 839 1844 867 seu

86 897 391 940 auctoritatem
434 897 537 940 dicti
574 897 729 939 Patres
770 896 1001 939 Societatis
1032 896 1130 937 Iesu
1170 894 1427 943 habuerunt,
1469 892 1557 934 uidi
1596 891 1844 933 innumeros

86 962 357 1004 incredibiles
379 962 514 1004 bonos
544 962 725 1012 fructus,
759 961 823 1004 ita
855 960 986 1015 quodi
1008 960 1100 1002 sine
1123 958 1421 1002 controuersia
1453 956 1648 1011 cognoui,
1681 956 1844 997 nullam

85 1026 153 1069 his
184 1027 372 1070 nostrisk
403 1026 669 1081 temporibus
701 1026 891 1068 existere
924 1024 1317 1079 congregationem,
1360 1037 1470 1076 quae
1512 1021 1770 1064 excellentia
1801 1020 1845 1061 in

86 1092 191 1142 uita,
225 1092 430 1142 moribus,
465 1091 673 1141 doctrina,
708 1090 947 1145 disciplina,
982 1093 1026 1132 et
1049 1089 1263 1131 charitate
1294 1088 1379 1130 iam
1412 1086 1575 1129 labenti
1598 1085 1846 1128 Catholicae

87 1156 296 1198 ecclesiae
327 1156 489 1207 utilior,
522 1156 798 1206 fructuosior,
838 1170 887 1198 ac
919 1154 1059 1208 magis
1090 1153 1336 1196 necessaria
1368 1166 1464 1194 esse
1495 1153 1655 1206 posset,
1689 1163 1766 1204 pro
1798 1152 1848 1192 ut

87 1220 215 1263 facile
247 1221 360 1273 boni,
394 1235 450 1263 ex
481 1221 746 1264 salutaribus
779 1234 940 1271 eorum,
973 1219 1036 1262 et¹
1067 1233 1170 1261 uere
1205 1217 1451 1261 christianis
1483 1215 1683 1271 operibus
1716 1214 1845 1265 clare,

88 1288 133 1329 et
165 1288 315 1341 aperte
348 1286 687 1341 deprehendunt.

89 1427 190 1465 901
216 1429 295 1463 sive
320 1438 436 1465 var.
456 1428 584 1474 (21).
659 1428 701 1464 M.
721 1427 870 1464 Octobri
895 1428 932 1463 et
958 1426 1066 1463 initio
1092 1425 1304 1463 Novembris
1330 1425 1423 1462 1566.

207 1506 263 1540 Ex
288 1505 494 1551 archetypo,
522 1517 542 1540 a
560 1506 600 1540 P.
618 1505 752 1540 Didaco
771 1506 930 1540 Jimenez
949 1505 1082 1549 scripto
1101 1506 1137 1538 et
1153 1515 1173 1538 a
1192 1503 1231 1538 P.
1251 1504 1348 1537 Hier.
1366 1502 1495 1536 Natale
1513 1501 1728 1546 subscripto.
1762 1500 1847 1536 Cod.

93 1558 193 1602 „EN“
224 1559 345 1593 n.158
373 1559 414 1603 (f.
435 1559 682 1602 11011—1112).
733 1559 851 1592 Etiam
881 1558 942 1602 (ex
976 1558 1099 1592 eodem
1134 1556 1346 1602 archetypo)
1374 1557 1408 1590 in
1438 1556 1525 1600 Epp.
1543 1556 1665 1589 Nadal
1690 1554 1740 1588 ΙΙΙ
1767 1554 1847 1588 298.

209 1635 247 1670 Ρ.
267 1636 412 1669 Natalis
436 1637 599 1669 visitator
623 1635 792 1668 Ioannem
818 1636 971 1668 Lucium
998 1639 1236 1678 arccyustanum
1270 1635 1359 1667 duos
1384 1643 1498 1666 annos
1523 1633 1662 1675 Prayae
1689 1632 1725 1664 in¹
1751 1631 1849 1664 novi-

89 1689 183 1722 ciatu
210 1694 397 1732 rersatwn,
431 1690 491 1722 sed
517 1689 556 1722 ob
582 1700 697 1722 mores
719 1700 853 1732 ρανιιηι
879 1689 984 1721 bonos
1009 1689 1092 1721 vinde
1116 1688 1348 1721 anzandatum
1374 1688 1413 1720 in
1443 1687 1640 1719 Germania
1665 1686 1849 1727 superiore

88 1742 260 1775 collocare
285 1743 380 1784 vult;
413 1743 473 1775 sed
502 1742 668 1775 (lanistas
698 1742 926 1784 praepositus
958 1741 1190 1784 provincialis
1224 1752 1299 1773 eum
1336 1740 1521 1772 admittere
1555 1739 1701 1780 abnuit;
1736 1749 1849 1781 quare

89 1795 232 1828 Natalis
258 1806 347 1838 eum,
375 1806 416 1828 ne
441 1796 487 1827 ad
508 1799 741 1838 protestantes
766 1799 935 1837 transeat,
962 1794 1110 1827 Romam
1136 1795 1251 1827 mittit.

210 1865 248 1898 P.
268 1866 511 1908 Hieronymus
527 1866 681 1907 Natalis,
710 1866 892 1898 Socz'etutis
917 1866 1088 1908 visitator,
1116 1865 1265 1907 Dtltnya
1294 1866 1347 1897 14.
1366 1864 1570 1897 Novembris
1589 1865 1681 1895 1566
1698 1863 1849 1895 Romam

91 1918 138 1951 ad
174 1918 210 1951 S.
237 1918 473 1951 Franciscum
499 1919 671 1961 Borysam
700 1919 945 1961 praepositam
977 1918 1186 1961 yeneralem,
1215 1921 1363 1960 praeter
1395 1917 1488 1957 alia,
1521 1917 1605 1949 haec
1638 1916 1773 1948 rettulit
1807 1916 1848 1948 de

90 1971 226 2004 Ioanne
243 1972 357 2004 Lucio
380 1972 494 2012 (thtz
506 1973 540 2012 ?)
567 1976 764 2015 aliqu-siano
791 1973 838 2012 (v.
859 1971 948 2014 Epp.
968 1971 1089 2005 Nadal
1106 1971 1171 2003 ΙΙΙ
1186 1971 1303 2012 298¹),
1331 1981 1429 2013 quem
1451 1970 1590 2002 Octobri
1610 1971 1701 2002 1566
1726 1970 1847 2011 Praya

92 2024 350 2067 Inyolstctdium
377 2026 429 2057 ire
456 2025 570 2068 ibique
595 2025 779 2058 adventum
804 2035 907 2057 sunm
933 2029 1132 2066 exspectare
1159 2025 1311 2056 iusserat
1337 2025 1385 2064 (ι).
1411 2034 1525 2065 supra
1546 2034 1584 2065 p.
1603 2023 1715 2057 298).·
1740 2021 1847 2055 Lucio

92 2079 110 2110 e
137 2088 183 2110 un
210 2076 350 2111 nouicio
376 2076 418 2110 de
444 2077 510 2111 Doi
538 2078 620 2111 anni
647 2080 778 2118 tamen,
816 2077 858 2110 de
886 2076 1021 2120 P1·aga;
1058 2078 1282 2119 Augustam,
1318 2075 1343 2109 il
1370 2075 1475 2119 quale-
1502 2087 1520 2108 e
1546 2078 1641 2109 stato
1666 2075 1703 2109 in
1730 2075 1848 2118 Praga

91 2130 148 2163 doi
175 2129 256 2174 annj
284 2130 320 2163 in
345 2130 563 2174 probatione,
590 2132 626 2164 et
652 2142 698 2164 un
726 2130 818 2164 buon
844 2133 963 2174 tempo
982 2130 1019 2163 fii
1038 2130 1186 2164 buonom
1210 2129 1341 2173 quieto,
1369 2130 1405 2162 et
1423 2128 1561 2168 denoto,
1588 2128 1683 2172 dipoi
1700 2128 1731 2162 si
1749 2130 1848 2162 muto

93 2183 127 2217 di
153 2183 257 2216 modo
283 2183 348 2217 che
374 2183 409 2216 in
437 2183 555 2226 Praga
581 2183 617 2216 111
643 2184 772 2217 nisuna
798 2194 943 2217 manera
972 2182 1005 2216 lo
1031 2182 1231 2216 uuoleuano
1266 2182 1326 2226 piu
1360 2181 1504 2222 hauere,
1540 2183 1576 2215 et
1611 2182 1642 2215 io
1677 2181 1848 2222 uedebba,

91 2248 161 2270 non
187 2235 367 2270 conuenir’
387 2235 452 2270 che
479 2236 509 2270 ci
535 2241 661 2276 stesse,
689 2238 725 2270 et
750 2236 821 2270 cosi
849 2247 1016 2280 pensauo,
1052 2235 1296 2270 accomodarlo
1323 2235 1358 2268 in
1386 2237 1513 2278 questa
1540 2235 1724 2279 prouincia
1736 2235 1758 2275 2,
1790 2245 1849 2269 ma

91 2289 265 2323 trouando
300 2300 389 2332 gran
423 2301 652 2333 repugnanza
686 2290 720 2323 in
747 2289 905 2323 Maestro
933 2288 1074 2323 Canisio
1109 2289 1174 2323 che
1209 2288 1244 2322 in
1280 2289 1408 2322 nisuna
1442 2287 1600 2322 maniera
1634 2288 1668 2321 10
1693 2287 1849 2321 11001003,

93 2341 261 2386 pigliar’n
287 2344 323 2375 et
356 2341 513 2376 hauerne
539 2353 634 2382 cura,
669 2354 737 2375 non
764 2342 942 2375 uuolendo
977 2342 1009 2376 io
1039 2341 1105 2376 far’
1124 2341 1286 2375 violenza
1321 2341 1391 2375 alla
1426 2341 1542 2375 buona
1568 2341 1764 2375 intentione
1791 2340 1847 2375 del

92 2395 208 2429 Padre
235 2393 377 2428 Canisio
403 2406 462 2428 ero
487 2395 654 2435 sforzato,
680 2397 711 2436 ὸ,
737 2395 921 2429 mandarlo
939 2395 999 2429 via
1025 2406 1090 2429 con
1108 2406 1245 2429 summo
1272 2394 1426 2439 pericolo
1445 2394 1510 2428 che
1528 2394 1646 2428 subito
1672 2395 1703 2428 si
1729 2395 1849 2428 facese

93 2448 261 2488 heretico,
297 2450 316 2481 ὸ
343 2448 526 2481 mandarlo
553 2460 573 2481 a
600 2448 712 2482 Roma
746 2448 816 2482 alla
843 2449 881 2482 P.
901 2447 943 2482 V.
970 2460 1033 2492 per
1058 2448 1083 2482 il
1114 2449 1298 2488 nouitiato,
1335 2448 1423 2482 doue
1449 2448 1479 2481 si
1506 2459 1544 2481 sc
1570 2448 1678 2487 aiuta,
1705 2448 1734 2481 si
1762 2458 1848 2490 gua-

94 2501 267 2544 dagniara
293 2500 388 2534 assai
415 2512 479 2534 con
505 2500 539 2534 la
565 2502 684 2542 gratia
710 2501 752 2535 de
779 2500 932 2541 Christo,
967 2512 1005 2535 se
1031 2512 1100 2534 non
1134 2501 1165 2534 si
1192 2501 1289 2534 aiuta
1314 2511 1353 2534 se
1388 2502 1515 2545 puotra
1541 2500 1679 2534 inetter'
1707 2501 1740 2534 in
1777 2511 1848 2534 ser-

94 2554 216 2597 uiggio
243 2553 440 2587 d‘alchuna
467 2565 618 2598 persona
644 2553 794 2588 honesta
820 2554 885 2588 0110
911 2555 944 2587 10
971 2555 1065 2599 possi
1093 2553 1219 2588 aiutar'
1238 2553 1297 2587 nel
1322 2553 1439 2588 secolo
1466 2556 1532 2587 etc.

213 2606 353 2641 Natalis
372 2606 517 2640 Lucium
538 2607 685 2641 Romam
712 2607 810 2641 misit
836 2619 914 2641 cum
943 2607 981 2641 P.
1001 2607 1131 2641 Ioanne
1150 2607 1319 2650 Marquez
1338 2606 1371 2640 S.
1392 2607 1437 2646 J„
1464 2607 1523 2650 qui
1551 2606 1586 2640 in
1612 2606 1850 2641 universitate

95 2660 365 2703 ingolstadiensi
392 2659 652 2704 philosophiam
679 2660 895 2700 tradiderat;
924 2661 957 2694 in
978 2661 1119 2695 Natalis
1140 2659 1272 2694 litteris
1289 2661 1455 2703 Augusta
1475 2661 1506 2694 6.
1525 2659 1739 2694 Novembris
1760 2661 1849 2695 1566

96 2714 199 2755 datis,
235 2724 325 2757 quas
351 2712 521 2756 Marqucz
556 2725 676 2747 secum
712 2713 860 2754 ferebat,
896 2714 938 2747 de
968 2713 1072 2747 Lucio
1099 2713 1285 2747 scribitur:
1326 2713 1498 2754 „l'aresce
1532 2713 1628 2747 tiene
1662 2714 1848 2757 ingenio“;

214 2788 241 2819 a)
262 2786 406 2812 videlicet
426 2787 563 2819 Dilingae
584 2790 608 2813 B
624 2790 657 2814 R.
731 2788 762 2820 b)
788 2788 990 2813 erroctioneni
1011 2791 1045 2814 A.
1119 2789 1146 2819 0)
1167 2788 1290 2814 laudato
1311 2790 1336 2813 Β
1352 2790 1386 2814 Ιί.
1459 2788 1489 2813 (lb
1511 2796 1544 2814 ac
1565 2790 1590 2814 Ii'
1605 2790 1653 2813 Sa.
1726 2791 1752 2819 0)
1773 2789 1850 2814 Doc-

95 2830 163 2855 tore
184 2832 230 2853 Su.
299 2828 325 2859 f)
347 2829 434 2859 Apud
455 2831 502 2854 Sa.
522 2831 654 2861 sequitur
673 2828 712 2856 et.
779 2833 809 2860 g)
832 2831 877 2854 Sic
898 2831 923 2854 Ii*
937 2832 1004 2860 S‹1.,·
1025 2830 1176 2857 continuo.
1198 2830 1228 2854 ot
1249 2829 1403 2855 indefesso
1423 2829 1618 2855 laudabiliter
1640 2833 1671 2855 A.
1739 2830 1768 2858 11)
1790 2832 1851 2856 Hoc

96 2879 119 2895 v.
141 2878 196 2895 non
215 2873 256 2894 est
276 2870 355 2901 apud
377 2871 402 2894 lt
415 2871 463 2894 Sa.
544 2870 564 2901 i)
594 2871 721 2896 fructus,
747 2871 852 2903 Itaque
874 2873 907 2896 B.
988 2870 1019 2901 k)
1048 2873 1106 2896 1100:
1134 2879 1155 2896 v.
1177 2872 1254 2896 dees!
1282 2873 1309 2896 in
1331 2872 1365 2896 B.
1445 2871 1466 2902 l)
1494 2873 1553 2896 Hoc
1583 2880 1605 2896 ιν.
1627 2881 1681 2896 non
1702 2877 1743 2897 est
1765 2873 1792 2897 1'21
1815 2874 1849 2898 B.

96 2912 137 2942 m)
158 2911 296 2942 Sequitur
315 2910 428 2942 tempo,
447 2911 651 2936 oblitteratum.
726 2913 756 2943 n)
778 2913 915 2944 Sequitur
935 2919 1004 2941 non,
1024 2913 1112 2937 obliti.

220 3019 229 3038 ¹
255 3018 295 3052 P.
315 3018 485 3052 Claudius
510 3018 612 3052 Jaius
638 3017 672 3052 S.
691 3018 725 3052 J.
755 3019 790 3060 (†
819 3019 924 3061 1552)
952 3018 1102 3052 multum
1130 3030 1208 3053 cum
1236 3018 1366 3053 Ottone
1394 3022 1560 3053 versatus
1592 3022 1648 3054 est
1673 3019 1848 3064 Dilingae,

98 3071 315 3112 Vormatiae,
342 3071 547 3113 Augustae;
584 3071 628 3105 cf.
656 3071 773 3115 Dum,
810 3071 883 3105 Jes.
911 3071 925 3104 Ι
955 3072 1102 3106 19-24.
1153 3072 1265 3106 Annis
1295 3073 1524 3106 1545—1547
1552 3073 1587 3106 in
1614 3073 1762 3107 concilio
1788 3074 1848 3108 tri-

97 3124 240 3158 dentino
266 3123 490 3157 Truclisessii
521 3126 785 3168 procuratorem
812 3125 886 3167 egit
913 3124 1056 3166 (Pastor
1082 3125 1103 3158 l.
1132 3136 1158 3158 0.
1189 3124 1310 3169 [supra
1337 3137 1368 3169 p.
1389 3125 1470 3169 510]
1497 3125 1714 3169 424—426).

218 3177 231 3196 ²
256 3176 296 3210 In
324 3176 514 3210 Germania
538 3177 731 3221 superiore,
759 3177 814 3211 cui
843 3177 1006 3211 Canisius
1032 3181 1198 3222 praeerat
1225 3178 1464 3223 provincialis.
