2045 3471
209 201 294 242 304
692 197 792 231 1352.
820 197 854 231 S.
873 196 1086 231 Francisous
1112 196 1154 230 de
1180 196 1312 239 Borgia
1339 196 1490 230 Canisio.

326 314 562 359 Responsioni
600 314 806 359 praeposita
845 316 900 348 est
939 313 987 358 (p.
1016 312 1141 356 3—4)
1183 312 1443 347 commendatio
1482 313 1666 357 quaedam,
1706 324 1776 357 qua
1815 314 1966 346 Ioannes

208 370 377 402 Brentius
398 367 557 410 (Brenz),
575 367 803 412 praepositus
821 367 1070 409 stugartianus
1090 369 1125 400 et
1144 366 1391 409 theologorum
1409 365 1678 400 lutheranorum
1697 365 1961 411 peerurttem·

209 422 355 464 bergam
381 420 548 465 princeps
575 420 637 463 (cf.
667 421 755 454 Can.
782 420 815 454 ΙΙ
843 420 952 460 202⁵;
979 419 1030 452 IV
1048 419 1265 462 350—352),
1297 419 1415 464 „pium
1432 419 1635 453 Lectorem‘
1658 419 1827 453 docebat:
1857 418 1966 461 „Cum

209 474 312 508 hodie
348 473 510 507 Jesuitae
546 472 745 507 deletorum
781 472 1062 511 Canem-aeorum,
1101 471 1168 506 hoc
1206 474 1272 513 est,
1310 472 1567 506 Monachorum
1606 474 1642 506 et
1679 471 1967 507 Sacrificulorum

208 526 391 570 reliquiae,
424 526 533 560 armis
569 537 754 560 sacrarum
789 526 1055 570 Scripturarum
1091 527 1356 570 oppugnantur,
1390 525 1453 559 isti
1479 525 1606 559 clauda
1640 527 1676 559 et
1702 536 1808 559 caeca
1833 524 1968 558 veteris

209 580 448 614 Idolomaniae
475 578 713 624 Sophismata,
750 579 957 613 iamdudum
984 580 1166 620 eneruata,
1204 579 1378 620 conuicta,
1413 579 1571 620 confusa,
1607 578 1755 623 explosa
1781 581 1817 612 et
1841 578 1877 612 in
1902 577 1970 612 tal-

209 644 335 678 parum
362 644 536 667 cauernas
562 632 703 666 abiecta
728 632 764 666 in
791 633 904 666 aciem
929 632 1142 676 producunt.
1183 631 1260 666 Etsi
1286 634 1407 665 autem
1433 633 1508 665 tam
1534 631 1688 666 imbellis
1714 631 1970 666 discinctorum

211 688 246 720 et
278 686 468 720 inermium
502 685 656 719 militum
695 685 800 719 turba
835 685 943 719 rideri
978 685 1098 729 potius
1134 684 1294 725 debebat,
1333 696 1439 729 quam
1475 685 1684 730 oppugnari,
1719 687 1850 726 tamen,
1886 684 1970 728 quia

209 738 376 780 Iesuitae,
402 739 461 772 vel
487 739 565 783 ipso
592 737 770 779 Goliathe,
790 739 956 781 quamuis
973 738 1083 772 toties
1101 738 1261 779 refutati,
1280 738 1490 779 securiores,
1509 738 1712 781 agminibus
1730 737 1795 771 Dei
1813 737 1971 771 viuentis

211 786 327 826 adhuc
361 791 577 836 exprobrare
613 793 649 824 et
683 793 850 825 sanctum
885 790 997 825 Israel
1024 790 1274 835 blasphemare
1310 803 1378 824 non
1404 793 1585 832 verentur,
1621 791 1687 825 hoc
1712 790 1857 836 impune
1883 790 1972 835 ipsis

211 845 318 879 licere
343 856 413 878 non
439 844 575 878 debet.“

330 898 498 941 Sequitur
524 898 603 942 ipsa
627 899 814 931 auctorum
836 897 1081 939 „Praefatio“;
1111 908 1202 941 quae
1220 897 1273 931 sic
1291 897 1436 942 incipit:
1467 897 1638 939 „Aeditae
1665 899 1750 931 sunt
1776 908 1796 930 a
1816 895 1972 937 IesvitiS,

209 963 300 986 nouo
334 950 605 995 hypocritarum
644 962 791 994 genere,
835 951 1073 984 assertione&
1117 953 1206 991 etc.;
1246 950 1372 984 deinde
1415 950 1571 985 [esuitae
1613 950 1733 995 „impii
1776 949 1973 990 homines“,

217 1004 409 1045 „falsarii“,
441 1004 678 1048 „praedones“
710 1005 885 1037 vocantur
914 1003 963 1048 (p.
983 1005 1002 1037 5
1023 1004 1073 1045 6).
1109 1003 1259 1038 Beluina
1285 1005 1414 1048 potius,
1442 1015 1549 1048 quam
1575 1003 1732 1037 humana
1758 1005 1853 1042 sunt,
1881 1013 1974 1046 quae

211 1058 247 1091 in
274 1059 433 1091 extremo
459 1056 550 1090 libro
577 1056 618 1090 de
646 1056 794 1090 concilio
820 1056 1015 1090 tridentino
1042 1057 1210 1091 dicuntur
1230 1057 1278 1101 (p.
1298 1057 1404 1100 230):
1436 1056 1542 1099 „Quis
1569 1057 1604 1090 in
1631 1068 1670 1090 eo
1689 1056 1879 1101 praesedit,
1905 1055 1975 1089 nisi

212 1110 469 1151 Antichristus,
508 1112 544 1143 et
570 1109 784 1143 Antichristi
820 1109 1026 1144 satellites‘.2
1063 1109 1188 1154 quales
1222 1121 1305 1144 nam
1340 1109 1511 1151 homines,
1545 1110 1641 1144 Deus
1667 1110 1787 1144 bone?
1836 1108 1976 1142 Iudices

213 1163 320 1208 ijdem
356 1166 392 1197 et
426 1163 496 1196 rei:
534 1165 570 1197 et
605 1163 656 1196 rei
692 1162 1000 1197 atrocissimorum
1036 1163 1235 1204 criminum,
1272 1162 1506 1205 idololatriae,
1542 1163 1796 1208 blasphemiae,
1823 1161 1975 1204 magiae,

214 1216 392 1257 fraudum,
419 1216 697 1256 mendaciorum,
724 1215 1005 1258 sacrilegiorum,
1034 1219 1069 1250 et
1087 1216 1237 1250 aliorum
1257 1216 1445 1257 scelerum,
1474 1217 1524 1250 rei
1551 1216 1703 1260 denique
1731 1216 1849 1249 laesae
1868 1215 1976 1248 Maie-

217 1270 324 1304 statis
351 1269 503 1310 diuinae,
531 1270 567 1302 et
591 1271 737 1313 spretae
763 1269 969 1303 Maiestatis
997 1269 1215 1303 Caesarea&
1246 1272 1313 1303 etc.
1366 1269 1418 1303 Cf.
1446 1269 1565 1311 etiam,
1592 1281 1683 1314 quae
1711 1269 1753 1302 de
1783 1268 1880 1312 ⁷,pio“
1910 1267 1977 1302 hoc

215 1323 306 1357 libro
332 1323 456 1357 scribit
481 1323 635 1356 Janssen
662 1322 685 1356 l.
705 1334 733 1356 c.
749 1321 878 1354 V15-16
905 1323 983 1357 553.

338 1376 487 1419 Borgias
515 1374 656 1409 Canisio
684 1375 867 1420 respondit
894 1376 946 1409 13.
974 1375 1194 1420 Septembris
1223 1376 1324 1410 1566.

222 1492 371 1529 1352.
496 1491 800 1529 SANCTUS
840 1492 1265 1529 FRANCISCUS
1305 1492 1396 1528 DE
1432 1491 1718 1535 BORGIA,
1756 1491 1980 1537 praepositus

387 1546 563 1590 generalis
590 1546 780 1581 Societatis
805 1547 897 1588 Iesu,
926 1546 1128 1581 CANISIO.
1391 1546 1504 1580 Roma
1529 1547 1561 1580 3.
1581 1545 1801 1590 Septembris
1830 1545 1930 1579 1566.

340 1610 395 1644 Ex
421 1610 626 1655 apographo
653 1610 765 1644 eiusd.
791 1612 919 1656 temp.;
947 1611 982 1644 in
1009 1611 1170 1653 margine
1196 1609 1382 1655 epistulae,
1410 1611 1534 1644 eadem
1560 1621 1687 1644 manu:
1718 1610 1776 1651 „R
1793 1609 1977 1649 Canisio“;

222 1665 258 1698 in
292 1664 453 1707 margine
487 1663 616 1708 prioris
652 1663 876 1708 Postscripti‚
913 1664 1036 1697 eadem
1073 1675 1200 1697 manu:
1240 1663 1299 1705 „R
1328 1664 1469 1698 Canisio
1496 1663 1709 1706 aggionta“:
1750 1663 1785 1696 in
1818 1662 1980 1706 margine

223 1717 389 1751 alterius:
422 1716 480 1759 „R
498 1716 674 1750 Canisio“.
711 1717 795 1750 Cod.
819 1716 959 1759 „Germ.
980 1718 1044 1750 65“
1066 1717 1090 1750 f.
1109 1717 1326 1751 1762—17712
1348 1718 1440 1751 179².
1474 1716 1656 1750 Particula
1675 1716 1852 1761 epistulae
1870 1715 1981 1749 latine

223 1781 329 1804 versa
355 1772 475 1803 exstat
499 1770 534 1803 in
562 1769 644 1804 Cod.
664 1781 800 1803 monac.
824 1770 968 1814 „Resp.“
992 1771 1016 1804 f.
1038 1770 1132 1804 11612.
1176 1769 1340 1814 Epistula
1366 1781 1452 1803 usus
1479 1772 1534 1803 est
1561 1770 1768 1813 Saccliinus,
1797 1768 1882 1802 Can.
1901 1768 1980 1801 246.

348 1841 512 1883 Officium
532 1841 769 1883 provincialis
788 1842 968 1883 patienter
992 1842 1235 1874 sustinendum
1261 1846 1308 1873 est
1329 1841 1496 1882 Canisio;
1522 1841 1584 1884 qui
1602 1841 1768 1883 precibus
1796 1841 1982 1873 Sociorum

225 1894 415 1927 iuvabit‘ur.
472 1894 657 1927 Octaviani
682 1895 839 1937 Fuyyeri
866 1895 1070 1927 Societatem
1095 1895 1238 1936 ‘in‘qrecli
1263 1894 1409 1926 colentis
1434 1904 1578 1926 Causam
1605 1894 1702 1936 apud
1736 1894 1810 1926 eius
1835 1897 1982 1925 matrem

223 1947 417 1980 sustentari
442 1948 608 1979 convenit.
645 1948 791 1980 Urs-ulae
809 1948 992 1990 Fuyyerae
1016 1951 1156 1989 partus.
1192 1947 1274 1980 Duo
1300 1947 1437 1989 collegiii
1459 1948 1654 1989 yernzanici
1680 1946 1819 1979 alumni
1838 1946 1982 1979 Canisio

225 2001 538 2040 commendantur,·
572 2001 642 2032 cluo
678 2001 743 2032 alii
778 2001 825 2032 ad
858 2001 1093 2032 seminarium
1127 2000 1385 2042 archicpiscopi
1417 2001 1663 2042 striyonjensis
1697 1999 1770 2032 loco
1797 2000 1982 2032 Sociorum

223 2054 419 2086 iuvandum
445 2054 644 2086 mittuntur.
683 2054 736 2086 De
762 2055 1002 2086 contionatorc
1029 2053 1237 2096 colleyfoque
1261 2053 1495 2095 herbipolensi
1516 2053 1681 2085 Ccmisius
1707 2063 1785 2085 cum
1804 2052 1840 2084 P.
1856 2052 1984 2084 Natale

225 2107 374 2140 consilia
400 2107 576 2147 conferet,·
609 2106 837 2139 alumnorum
872 2117 959 2138 cura
997 2106 1184 2138 domestica
1218 2106 1316 2138 haud
1340 2106 1449 2147 facile
1483 2111 1530 2138 est
1555 2106 1790 2148 suscipienda.
1840 2105 1984 2137 Iuvenes

225 2161 264 2192 in
291 2160 470 2201 collcyi'um
492 2160 734 2202 yermanicum
760 2159 931 2191 mittendi.
986 2159 1163 2201 Canisius,
1199 2170 1285 2191 num
1320 2159 1502 2191 cardinali
1527 2160 1736 2201 Aayustano
1773 2160 1810 2190 in
1840 2157 1985 2201 synodis

225 2213 431 2245 dioecesana
457 2216 487 2244 et
512 2212 785 2254 metropolitana
812 2212 930 2244 adesse
955 2212 1086 2253 debeat,
1114 2223 1191 2243 cum
1217 2212 1256 2244 P.
1284 2212 1413 2244 Natale
1439 2212 1686 2244 considerabit.
1736 2211 1877 2244 Natalis
1896 2221 1984 2252 pro-

224 2266 327 2306 fectio
354 2267 603 2308 oenipontana.
655 2265 809 2306 Reyulae
836 2265 1021 2298 Societatis
1057 2265 1213 2297 nondam
1247 2269 1329 2297 sunt
1356 2266 1565 2307 recoynitae,
1593 2268 1742 2306 praeter
1767 2274 1963 2296 communes
1973 2275 1986 2304 ‚-

228 2318 368 2360 regulae
402 2318 629 2350 alumnorum
656 2318 792 2360 colleyii
814 2318 1012 2360 germanici
1039 2318 1231 2350 mittentur.
1282 2318 1414 2350 Romae
1448 2328 1526 2350 cum
1560 2317 1777 2349 scholasticis
1803 2317 1986 2349 Societatis

227 2372 268 2403 de
302 2375 454 2413 tempore
489 2371 666 2403 orationis
699 2371 797 2403 haud
821 2371 929 2412 facile
955 2371 1192 2412 dispensatur.
1245 2371 1303 2403 Ad
1329 2371 1405 2403 alia
1425 2374 1547 2413 postea
1572 2370 1849 2412 respondebitur.
1900 2369 1986 2402 Dies

230 2424 264 2456 S.
293 2425 473 2457 Dominici
498 2425 619 2465 ayitur
644 2425 675 2456 4.
697 2424 859 2466 Aufflisti.
902 2424 1107 2465 Complures
1133 2434 1174 2455 eat
1202 2424 1256 2466 iis,
1283 2425 1345 2466 qui
1373 2425 1409 2456 in
1440 2424 1667 2456 Germaniam
1693 2423 1910 2464 superiorem
1935 2422 1986 2454 vel

229 2477 328 2509 missi
359 2481 441 2509 sunt
476 2478 526 2509 vel
559 2487 654 2509 nunc
688 2478 890 2519 mittuntur,
924 2477 971 2509 acl
1000 2476 1264 2519 philosophiam
1300 2477 1511 2508 tradendam
1546 2477 1621 2518 apti
1649 2479 1740 2508 sunt.
1792 2476 1986 2508 Mittuntur

230 2530 458 2571 difficultates
483 2530 654 2572 quaedam
682 2530 722 2562 de
747 2530 876 2562 litteris
899 2530 1127 2571 fundationis
1152 2530 1349 2571 dilinyanis
1375 2533 1483 2562 ortae.
1528 2525 1737 2572 ,‚Annuae“.
1775 2528 1828 2560 De
1853 2528 1891 2560 P.
1912 2529 1985 2561 Ste-

230 2583 402 2615 vordiano
429 2593 505 2615 cum
532 2583 570 2615 P.
590 2583 718 2615 Natale
745 2583 804 2625 ayi
829 2583 933 2615 debet.
981 2583 1077 2615 Socii
1103 2594 1124 2614 a
1151 2583 1215 2615 Pio
1243 2583 1278 2615 1⁷.
1305 2583 1395 2615 iussi
1417 2587 1498 2615 sunt
1519 2581 1772 2614 Catecliismum
1798 2591 1985 2614 romanum-

229 2636 428 2677 germanice
452 2636 619 2676 reddere;
652 2636 821 2668 versionis
853 2636 1040 2677 faciendae
1075 2636 1218 2668 rinitium
1253 2636 1392 2678 quidem
1419 2636 1456 2667 P.
1483 2634 1659 2676 Roseffius
1683 2634 1815 2666 Romae
1843 2635 1963 2676 posuit
1972 2645 1985 2675 ,-

233 2690 317 2730 quia
343 2693 459 2721 tamen
483 2688 541 2720 hic
577 2690 611 2721 in
644 2689 875 2721 Germaniam
901 2690 1105 2731 remittitur,
1142 2689 1180 2721 P.
1207 2689 1391 2730 Hoffaeus,
1427 2688 1588 2730 pontifice
1613 2687 1797 2729 probante,
1832 2688 1986 2719 versioni

233 2742 414 2773 curandae
447 2742 595 2774 delectus
630 2746 699 2782 est,·
734 2752 833 2784 quein
872 2741 1039 2774 Canisius
1075 2752 1224 2774 censura
1262 2741 1417 2781 iuvabit,·
1455 2741 1564 2772 versio
1603 2744 1716 2772 autem
1751 2740 1898 2772 Romam
1939 2744 1986 2772 est

233 2794 398 2825 mittenda
409 2806 421 2834 ,·
447 2805 530 2826 nam
555 2794 605 2826 ibi
628 2795 780 2836 fortasse
805 2794 1004 2827 excudetur.
1057 2795 1242 2836 Epistulae
1267 2795 1314 2826 ad
1339 2794 1501 2827 Natalem
1528 2793 1640 2825 datae.

352 2863 443 2905 Pax
486 2869 555 2906 etc.
620 2864 664 2905 Si
705 2866 727 2904 e
769 2863 963 2905 riceuuta
1005 2864 1148 2916 quella
1190 2864 1232 2905 di
1270 2864 1318 2906 V.
1341 2863 1391 2905 R.
1425 2863 1467 2904 di
1503 2865 1567 2904 10.
1602 2862 1670 2903 del
1710 2865 1899 2915 passato,
1943 2865 1986 2904 et

236 2926 368 2967 anche
401 2928 512 2969 altre
545 2928 585 2969 di
619 2930 657 2970 6.
693 2934 736 2969 et
769 2929 852 2970 .25.
888 2928 929 2969 di
960 2928 1112 2981 Luglio
1137 2962 1145 2970 .
1170 2933 1214 2970 et
1247 2931 1407 2980 quanto
1440 2927 1510 2968 all'
1535 2926 1673 2967 officio
1706 2928 1985 2968 confirmat01

239 2990 302 3031 .V.
327 2990 376 3030 R.
409 2991 566 3033 habbia
598 2992 826 3045 pacientia,
862 2995 905 3034 et
936 2992 1040 3035 tutti
1072 3006 1326 3046 pregaremo
1359 2991 1485 3033 Jddio
1518 2990 1572 3033 N.
1604 2990 1784 3043 Signore
1816 2991 1880 3035 sia
1911 3005 1989 3044 per

238 3054 433 3105 maggior
465 3056 645 3097 seruioio
679 3060 723 3098 et
755 3057 893 3109 gloria
925 3071 1016 3098 sua.

365 3168 371 3186 ¹
400 3166 566 3200 Officium
593 3169 677 3202 dicit
703 3170 895 3214 praepositi
922 3169 1152 3214 provincialis
1179 3169 1390 3204 Germaniae
1416 3168 1618 3212 superioris.
