2077 3461
247 187 302 228 80
469 185 568 219 1235.
597 185 760 220 Canisius
787 185 969 220 Secundae
996 186 1273 230 Congregationi
1301 187 1459 230 generali
1486 187 1675 222 Societatis
1702 188 1793 222 Iesu.

246 302 531 345 Cardinalium
574 304 617 344 et
649 303 829 345 aliorum
862 304 932 357 qui
964 304 1102 345 maius
1134 306 1314 357 possunt
1345 304 1510 357 pondus
1552 307 1595 347 et
1626 305 1885 359 praesidium
1918 306 1994 348 ad-

245 367 360 409 ferre
393 367 563 409 cadenti
595 367 810 420 Religioni
840 368 882 409 in
908 368 1148 417 Germania,
1181 370 1437 421 nostrosque
1470 368 1736 423 Principibus
1769 370 1995 412 Germanis

247 432 546 473 commendare
578 446 655 485 per
687 446 854 474 omnem
889 433 1170 474 occasionem.

364 497 489 540 Pont.
522 497 637 539 Max.
673 511 829 551 operae
869 497 1053 551 pretium
1095 497 1273 547 faceret,
1315 497 1351 538 si
1388 497 1650 541 liberalitate
1682 500 1865 552 quadam
1897 513 1996 553 pro-

246 561 772 614 sequereturGermanos,
807 562 898 604 siue
931 562 1003 615 qui
1026 562 1188 603 Romae
1221 562 1373 616 studijs
1406 565 1577 612 uacant,
1611 563 1702 605 siue
1729 564 1800 616 qui
1822 564 1996 606 aluntur

245 626 289 667 in
322 626 587 668 Germanicis
629 627 820 681 collegijs
860 630 936 669 aut
977 627 1108 669 etiam
1149 627 1262 668 inter
1304 626 1573 669 conuictores
1615 627 1669 669 ali
1711 632 1906 682 possent,
1949 631 1997 670 ut

247 691 430 745 operarij
481 691 760 733 Germanicae
807 691 959 732 messis
1005 691 1214 745 paulatim
1263 691 1548 734 efficerentur.
1623 692 1736 734 Nam
1785 692 1865 734 dici
1912 706 1995 734 non

246 758 402 809 potest,
438 758 599 808 quanta
631 756 688 797 sit
720 756 879 809 passim
906 770 1051 797 eorum
1085 755 1275 809 penuria,
1311 756 1381 808 qui
1406 756 1630 798 Germanis
1661 757 1829 810 populis
1861 757 1997 799 uelint

247 823 291 863 et
322 820 488 874 possint
520 821 831 872 euangelizare,
866 835 1072 873 suamque
1105 821 1206 862 dare
1236 834 1409 874 operam
1442 822 1744 863 confirmandis
1766 822 1997 864 Catholicis

246 886 501 939 praesertim
534 885 864 937 Magistratibus
905 888 949 927 et
981 885 1261 939 Principibus,
1305 899 1410 938 quos
1450 886 1599 928 uideas
1631 886 1721 928 sine
1753 886 1997 940 pastoribus

248 953 291 992 et
324 950 695 991 concionatoribus
727 950 845 992 uelut
878 964 1007 992 oues
1046 953 1343 993 611601661.
1386 950 1540 992 misere
1573 951 1712 1005 perire
1745 955 1788 994 et
1820 951 1874 993 ad
1906 965 1997 992 sec-

247 1015 381 1057 tarios
414 1015 626 1057 deficere.
651 1014 750 1067 quia
782 1029 884 1056 non
917 1017 1000 1057 est
1032 1014 1120 1068 qui
1152 1015 1382 1067 frangat
1413 1016 1604 1069 paruulis
1637 1030 1827 1069 panem
1840 1017 1868 1058 2.

366 1079 524 1121 Curent
547 1080 727 1121 Romani
750 1080 916 1129 Patres,
950 1083 998 1122 ut
1027 1093 1228 1130 amorem,
1264 1094 1410 1121 curam
1443 1082 1486 1122 613
1518 1080 1861 1123 beneuolentiam
1894 1094 1997 1133 erga

250 1144 486 1186 Germanos
526 1158 647 1185 suam
690 1144 956 1197 argumentis
998 1144 1251 1197 quibusdam
1293 1144 1543 1198 spetialibus
1585 1145 1801 1199 explicent
1834 1180 1842 1187 .
1871 1144 1997 1197 idque

249 1222 332 1249 non
365 1209 500 1250 solum
534 1209 707 1262 scriptis
739 1209 830 1250 fieri
863 1211 1020 1262 potest,
1055 1209 1130 1250 sed
1163 1209 1294 1250 etiam
1326 1209 1546 1262 multoque
1568 1209 1705 1262 magis
1727 1209 1998 1251 missionibus

249 1273 528 1326 quorundam,
553 1273 624 1326 qui
645 1273 855 1326 singulari
877 1274 1134 1326 eloquentia,
1170 1274 1364 1315 doctrina
1388 1278 1429 1316 et
1453 1274 1573 1315 donis
1596 1274 1691 1327 alijs
1713 1273 1998 1327 peculiaribus

248 1337 291 1378 in
324 1338 578 1380 Germanica
609 1352 749 1379 messe
781 1339 927 1380 ualere
960 1338 1222 1381 uiderentur.

371 1403 563 1444 Alterum
603 1403 788 1444 medium
821 1417 870 1444 ac
911 1403 1170 1456 praesidium
1204 1418 1228 1444 a
1261 1403 1551 1457 superioribus
1584 1403 1858 1456 collegiorum
1893 1402 1998 1444 Ger-

249 1467 511 1508 manicorum
546 1467 790 1520 petendum.

370 1532 654 1574 Prouintiales
694 1546 778 1574 non
820 1533 956 1574 solum
998 1533 1139 1574 idonei
1181 1533 1438 1585 deligantur,
1481 1533 1555 1574 sed
1594 1532 1723 1574 etiam
1767 1531 1837 1584 qui
1871 1531 1998 1573 nullis

251 1597 346 1650 alijs
377 1598 504 1638 rebus
536 1597 606 1638 1161
639 1597 990 1651 occupationibus
1022 1597 1228 1652 impediti,
1263 1612 1308 1639 se
1340 1600 1456 1640 10106
1489 1597 1790 1650 gubernationi
1822 1600 1865 1639 et
1897 1596 1998 1638 11161-

249 1661 404 1703 16110οἰ
445 1662 661 1714 frequenti
702 1662 980 1715 collegiorum
1018 1677 1191 1704 suorum
1229 1663 1491 1716 impendant,
1534 1676 1583 1704 ac
1616 1662 1872 1704 Rectoribus
1905 1661 1999 1702 dili—

249 1729 404 1779 genter
435 1727 655 1768 assistant.

368 1791 574 1832 Rectores
615 1806 699 1832 non
740 1791 949 1841 ferantur,
993 1792 1064 1844 qui
1106 1791 1395 1845 superioribus
1437 1792 1523 1832 suis
1567 1806 1649 1832 non
1691 1791 1854 1833 faciant
1891 1791 1997 1832 satis

251 1856 303 1896 ob
335 1856 571 1908 legittimas
604 1870 770 1906 0611666,
814 1860 858 1899 61
889 1857 1144 1910 praesertim
1186 1856 1256 1909 qui
1288 1856 1329 1897 in
1372 1856 1524 1910 spiritu
1557 1856 1786 1898 Societatis
1823 1859 1997 1897 nostrae

251 1934 335 1961 non
367 1924 467 1962 sunt
499 1921 630 1974 probe
663 1920 845 1962 fundati.

368 1985 623 2026 Rectoribus
668 1999 751 2026 non
797 1985 937 2027 desint
983 1985 1168 2028 ministri
1215 1986 1467 2039 necessarij,
1516 1985 1770 2039 praesertim
1819 1985 1888 2037 qui
1935 1984 1996 2026 uti

250 2048 462 2102 Dilingae,
496 2050 641 2090 multis
674 2052 718 2091 et
749 2050 954 2103 grauibus
986 2051 1185 2092 oneribus
1218 2051 1358 2092 solent
1381 2065 1475 2092 esse
1497 2050 1682 2103 grauati.
1726 2050 1789 2091 Ac
1812 2049 1995 2091 Ministri

250 2114 521 2167 reperiantur
553 2114 696 2167 plures
718 2114 761 2155 in
785 2115 1013 2157 Germania
1036 2115 1269 2168 superiore,
1304 2115 1374 2156 ubi
1397 2115 1471 2156 vix
1495 2129 1602 2156 unus
1624 2114 1792 2156 illorum
1816 2117 1997 2168 apparet

251 2181 327 2221 aut
358 2178 541 2220 inueniri
572 2181 728 2232 potest.

369 2244 571 2285 Habeant
611 2243 853 2297 superiores
886 2245 1089 2286 maiorem
1123 2245 1375 2286 facultatem
1416 2244 1459 2285 in
1491 2244 1575 2285 illis
1608 2244 1884 2294 dimittendis,
1926 2243 1997 2296 qui

250 2311 470 2350 merentur
514 2308 825 2359 exclusionem,
872 2312 947 2350 aut
987 2309 1122 2351 multo
1164 2313 1358 2363 tempore
1399 2323 1481 2350 non
1524 2310 1659 2350 solum
1702 2322 1878 2362 graues,
1922 2308 1995 2349 sed

252 2373 382 2414 etiam
414 2373 726 2425 incorrigibiles
759 2387 804 2414 se
837 2374 932 2427 alijs
965 2374 1268 2427 praebuerunt.
1331 2374 1423 2415 Nec
1455 2374 1591 2415 solum
1625 2372 1878 2423 dimittendi,
1922 2373 1996 2414 sed

252 2437 381 2479 etiam
426 2437 481 2479 ad
524 2437 686 2479 uicinas
730 2438 969 2491 prouintias
1013 2439 1168 2480 saltem
1212 2439 1410 2481 mittendi
1455 2439 1660 2492 quosdam
1708 2437 1893 2479 facultas
1941 2437 1996 2480 sit

251 2516 383 2555 penes
414 2502 722 2544 Prouintialem
754 2503 957 2555 grauibus
990 2503 1040 2544 de
1073 2503 1226 2553 causis,
1260 2517 1312 2545 ne
1345 2504 1401 2546 sit
1433 2517 1538 2557 opus
1569 2516 1737 2556 semper
1758 2502 1997 2543 Romanum

252 2570 484 2620 expectare
515 2581 780 2621 responsum.

370 2632 563 2673 Teneant
585 2631 796 2673 rationem
819 2634 863 2673 et
884 2635 1023 2674 artem
1048 2633 1328 2674 conuersandi
1351 2647 1446 2674 01101
1470 2632 1706 2680 Germanis,
1741 2631 1994 2685 praesertim

251 2696 412 2737 maiore
453 2696 718 2738 authoritate
757 2696 977 2750 praeditis,
1021 2697 1199 2738 eandem
1242 2697 1421 2750 exigant
1453 2711 1477 2739 a
1509 2696 1679 2745 nostris,
1722 2696 1793 2749 qui
1825 2696 1995 2749 saepius

251 2774 381 2812 agere
412 2760 572 2803 habent
604 2775 698 2802 cum
732 2761 906 2811 exteris,
942 2775 991 2802 ac
1023 2762 1278 2815 praesertim
1311 2776 1336 2803 a
1370 2761 1747 2803 contionatoribus

370 2824 417 2864 In
465 2826 757 2867 conuersando
801 2826 905 2867 nihil
949 2826 1261 2867 amarulentiae
1305 2826 1602 2879 praeseferant
1645 2828 1719 2866 aut
1763 2824 1901 2866 fastus
1945 2839 1994 2866 ac

252 2888 479 2941 supercilij,
523 2889 597 2930 sed
637 2904 846 2931 summam
888 2890 1030 2944 potius
1071 2905 1176 2943 erga
1209 2891 1446 2932 Germanos
1487 2889 1741 2931 charitatem
1784 2903 1834 2930 ac
1866 2890 1994 2930 bene-

253 2952 485 2994 uolentiam
520 2954 751 3005 declarent,
794 2955 846 2996 de
877 2955 960 2996 illis
993 2955 1171 2997 candide
1203 2956 1435 3008 loquantur
1466 2957 1509 2995 et
1541 2954 1742 2996 sentiant.
1806 2954 1888 2995 Sed
1920 2967 1994 2994 ne-

254 3030 335 3068 que
380 3019 530 3058 contra
573 3032 779 3071 personas
822 3019 1136 3061 haereticorum
1181 3020 1469 3072 indignentur,
1514 3022 1589 3060 aut
1629 3018 1879 3060 nominatim
1922 3032 1993 3059 eos

375 3158 385 3176 ¹
412 3157 427 3190 1
457 3156 541 3190 Petr
567 3157 598 3196 2,
626 3157 681 3191 25.
732 3158 785 3192 Cf.
813 3159 860 3192 Ps
889 3159 965 3194 118.
995 3160 1078 3193 176:
1106 3159 1160 3192 Mt
1186 3160 1216 3200 9,
1244 3159 1287 3193 36
1315 3162 1379 3193 610.
1525 3158 1538 3178 ‘³'
1563 3158 1635 3191 Thr
1661 3159 1692 3194 4.
1718 3159 1749 3192 4.
