2077 3461
283 198 336 238 18
509 196 609 231 1201.
638 195 802 231 canisius
828 198 861 232 S.
881 197 1070 232 Francisco
1097 198 1139 232 de
1164 198 1307 241 Borgia.
1346 197 1491 241 Dilinga
1518 199 1571 233 15.
1591 199 1692 234 Febr.
1715 200 1813 234 1565.

279 314 383 355 mihi
416 314 597 356 Romam
629 329 654 356 a
687 315 901 358 Paschate
941 316 1198 358 ueniendum
1241 319 1523 359 esset³.nam
1558 317 1761 372 Princeps
1793 318 2034 361 Bauariae1

277 378 324 421 P.
348 378 582 421 Martinum
614 380 709 422 vult
739 381 880 422 redire
912 381 1186 422 Monachium
1219 381 1367 422 statim
1383 381 1411 423 2.
1466 381 1627 423 Verum
1660 382 1712 424 de
1743 382 1901 426 uiatico
1931 383 2033 425 nihil

278 443 361 485 erit
393 443 675 495 difficultatis,
709 445 743 486 si
772 448 942 487 tantum
967 446 1018 487 de
1040 445 1262 488 mittendis
1285 445 1446 498 aliquid
1468 445 1601 488 fuerit
1621 446 1743 488 nobis
1765 461 2032 501 responsum.

276 508 484 549 Dominus
515 508 558 549 in
592 523 712 551 suam
745 510 929 562 gloriam
963 510 1148 551 omnia3.

393 573 697 616 Discesserunt
729 574 794 615 his
827 575 976 615 diebus
1008 574 1187 615 Nobiles
1221 573 1423 616 Germani
1458 575 1511 616 ad
1544 575 1780 628 Collegium
1808 576 2034 619 Germani-

275 650 370 678 cum
409 637 743 691 proficiscentes,
787 639 938 691 quibus
971 638 1169 680 nostrasb
1201 638 1474 680 adiunximus
1509 640 1677 693 prolixe
1708 640 1947 682 scribentes
1980 641 2032 683 de

273 701 407 743 variis
439 702 519 744 hoc
551 703 644 745 loco
678 717 762 744 non
794 703 1042 756 repetendis
1055 704 1084 745 4.
1144 703 1545 745 Reuerendissimus
1577 704 1817 746 Cardinalis
1849 705 2030 754 curabit,

273 770 321 808 ut
362 767 512 809 statim
552 782 630 821 pro
672 782 748 809 suo
782 767 952 808 Barone
994 767 1170 820 eiusque
1202 768 1464 822 Pedagogo5
1505 772 1676 810 tantum
1717 773 1935 812 numeretc
1968 768 2029 823 [Ρ]

272 831 400 874 isthic
432 832 638 886 pecuniae
671 835 878 884 quantum
911 832 1018 874 satis
1051 832 1135 874 erit
1166 832 1209 873 in
1232 847 1405 876 annum.
1458 833 1526 875 Sic
1551 834 1661 874 enim
1686 834 1787 875 mihi
1819 834 2028 887 promisit.

272 896 390 937 Idem
423 896 640 938 lachrimis
671 898 861 938 testatus
894 899 960 938 est
982 910 1172 938 amorem
1195 911 1246 938 ac
1279 898 1469 939 dolorem
1502 898 1632 939 animi
1665 898 1742 948 sui,
1778 912 1872 940 cum
1895 899 2030 952 scrip-

272 964 364 1003 tum
407 961 458 1002 de
491 961 536 1003 Ρ.
570 961 708 1003 nostri
739 961 1010 1014 benedictj‘16
1044 960 1104 1016 [P]
1145 962 1263 1004 obitu
1295 962 1566 1016 perlegisset.
1630 963 1735 1004 Cras
1767 963 1928 1005 iubebit
1960 978 2029 1005 so—

271 1025 420 1067 lennes
453 1026 674 1078 decantarj
708 1026 892 1079 uigilias,
936 1029 980 1068 et
1020 1041 1121 1068 mox
1159 1027 1367 1080 exequiae
1399 1028 1715 1080 subsequentur
1753 1027 2027 1079 honorificae,

270 1090 313 1131 in
347 1091 498 1143 quibus
539 1105 709 1132 sacrum
751 1092 843 1144 ipse
885 1091 1042 1134 statuit
1082 1092 1328 1142 decantare,
1372 1093 1599 1145 omniaque
1636 1093 1752 1145 geri⁴³
1785 1093 2025 1143 celebriter,

270 1155 392 1196 nobis
432 1155 532 1197 licet
564 1156 667 1197 nihil
699 1156 789 1197 tale
820 1156 1167 1209 suggerentibus,
1232 1157 1472 1199 Habebitur
1513 1160 1558 1198 et
1589 1157 1727 1199 oratio
1760 1157 1952 1199 funebris
1984 1158 2027 1200 in

271 1233 353 1271 qua
376 1220 674 1262 laudatissima
697 1221 910 1262 benedicti
934 1221 1076 1262 Patris
1100 1222 1191 1263 uita
1213 1224 1415 1264 narretur
1437 1221 1581 1274 aliqua
1603 1223 1758 1264 saltem
1782 1236 1837 1264 ex
1858 1226 1983 1276 parte
1995 1223 2026 1266 7.

270 1283 328 1325 Et
360 1298 464 1325 sane
497 1284 704 1326 maiorem
735 1286 779 1326 in
800 1285 972 1327 modum
994 1300 1214 1338 rogamus,
1245 1289 1293 1328 ut
1325 1287 1524 1339 quicquid
1558 1290 1682 1328 extat
1704 1286 1867 1328 Romae
1890 1287 2026 1341 scrip-

268 1348 382 1390 'tumf
403 1347 462 1403 [1³]
497 1350 696 1399 fortasse,
730 1353 806 1392 aut
839 1350 951 1402 quod
983 1351 1111 1392 scribi
1142 1351 1270 1392 facile
1302 1351 1439 1404 possit
1467 1352 1518 1392 de
1539 1351 1641 1392 talis
1663 1351 1860 1404 tantique
1882 1351 2026 1393 Patris

268 1413 457 1455 moribus
489 1417 534 1455 et
567 1415 789 1468 exemplis,
823 1415 865 1456 id
898 1415 1058 1456 nostris
1084 1415 1214 1457 etiam
1238 1416 1445 1457 fratribus
1468 1415 1651 1468 benigne
1675 1416 2024 1466 communicetur,

268 1481 312 1519 et
345 1479 398 1519 ad
430 1482 725 1532 posterorumg
756 1479 1097 1522 aedificationem
1129 1480 1251 1522 nobis
1283 1480 1615 1534 transscriptum
1649 1481 1926 1524 destineturh.

387 1543 703 1596 Sigismundum
719 1546 734 1571 8
765 1545 809 1586 in
835 1545 992 1587 Urbem
1015 1545 1297 1595 remittemus,
1332 1559 1426 1586 cum
1448 1545 1595 1587 licebit
1618 1547 1850 1589 commode.
1898 1546 2024 1588 Nunc

269 1607 461 1649 misimus
494 1621 548 1649 ex
580 1609 789 1651 fratribus
822 1610 928 1651 duos
960 1610 1135 1651 Petrum
1168 1610 1481 1652 Louaniensem
1519 1613 1563 1652 et
1595 1610 1799 1652 Ioannem
1832 1611 2022 1661 Vierum,

269 1672 341 1724 qui
373 1673 426 1713 ab
458 1672 656 1725 ingressu
688 1674 841 1716 Italiae
874 1689 958 1715 non
992 1675 1175 1717 aberunt
1207 1675 1355 1728 procul
1388 1676 1589 1724 fortasse,
1624 1679 1672 1717 ut
1703 1675 1884 1717 Romam
1918 1689 2022 1729 quo-

268 1750 350 1788 que
383 1740 547 1790 petant.
611 1739 675 1779 De
707 1739 772 1779 his
805 1739 905 1780 alibi
939 1739 1187 1793 scripsimus
1201 1742 1230 1781 9.

383 1802 642 1844 Benedictus
665 1803 794 1853 Deus,
830 1803 901 1856 qui
932 1803 1114 1845 fratrem
1142 1804 1398 1846 Stanislai10
1420 1804 1595 1846 Comitis
1619 1804 1769 1846 Poloni
1792 1805 1841 1847 D.
1867 1805 2022 1846 Hiero-

266 1879 442 1918 nymum
474 1866 554 1908 hac
587 1868 765 1909 donavit
796 1868 952 1920 gratia,
986 1871 1034 1910 ut
1066 1882 1112 1909 se
1143 1872 1283 1910 totum
1316 1869 1438 1910 nobis
1471 1872 1515 1911 et
1547 1869 1753 1922 Societatj
1787 1870 1829 1910 in
1852 1869 2021 1911 Christo

266 1932 541 1973 consecrarit.
605 1932 744 1973 Homo
784 1935 850 1974 est
891 1932 1091 1986 prudenS,
1135 1937 1365 1986 utcumque
1398 1934 1563 1983 doctus,
1605 1934 1648 1974 in
1681 1934 1789 1975 aulis
1822 1937 2022 1976 uersatus

266 1997 310 2035 et
342 2009 426 2036 non
459 1996 708 2048 uulgaribus
740 1997 818 2038 Dei
851 1997 972 2038 donis
1004 1997 1256 2050 praeditus&
1323 1998 1589 2051 Quamquam
1632 2001 1754 2052 optat
1785 1998 1865 2039 hoc
1897 2012 2019 2039 suum

266 2059 486 2101 decretum
527 2074 611 2101 non
652 2060 733 2101 nisi
773 2061 920 2115 paucis
962 2062 1242 2104 manifestare
1282 2062 1347 2103 his
1388 2063 1537 2116 primis
1581 2063 1750 2115 quidem
1788 2063 2018 2113 mensibus,

265 2128 313 2165 ut
345 2138 394 2165 eo
428 2125 689 2166 commodius
720 2126 856 2179 possit
882 2140 928 2167 se
951 2127 1040 2168 suis
1062 2127 1225 2168 retibus
1248 2128 1465 2180 expedire.
1518 2127 1600 2168 Hic
1622 2141 1700 2168 sex
1723 2127 2020 2170 adolescentes

269 2202 425 2241 urgere
478 2204 562 2231 non
614 2194 787 2232 cessant
838 2195 886 2232 ut
933 2191 986 2231 ad
1034 2191 1285 2233 societatem
1335 2194 1378 2233 et
1424 2191 1671 2233 institutum
1718 2192 2016 2243 admittantur,

383 2286 411 2317 a)
432 2287 539 2311 Novem
561 2294 600 2311 vv.
621 2294 678 2317 sqq.
693 2287 728 2310 ab
747 2287 809 2317 ipso
830 2288 858 2312 C.
874 2287 900 2310 in
923 2295 1013 2317 mara.
1034 2287 1136 2311 addita
1163 2291 1237 2312 sunt.
1312 2288 1340 2319 b)
1368 2288 1491 2313 nostros
1518 2297 1586 2318 aa:
1611 2289 1660 2313 sed
1686 2288 1809 2313 nostras
1832 2289 1880 2319 [Ξ
1901 2292 2017 2313 nostras

265 2327 396 2358 litteras]
422 2328 570 2359 Zeyemlum
598 2336 657 2352 esse
683 2336 719 2352 ea:
745 2328 781 2352 iis
807 2336 878 2359 Quae
895 2329 1041 2359 proriam,
1070 2332 1096 2352 et
1117 2329 1154 2353 iis
1173 2337 1245 2360 quae
1267 2331 1358 2361 paulo
1380 2331 1461 2360 infra
1481 2333 1651 2361 sequuntur,
1673 2331 1762 2361 plane
1788 2331 1883 2361 colliyi
1911 2338 2016 2355 censeo.

264 2369 290 2396 c)
312 2369 358 2392 Sic
378 2377 442 2399 ap.;
463 2369 663 2399 corriyemlum
682 2370 808 2399 fortasse
828 2369 1004 2393 numeretur
1026 2370 1067 2393 rel
1086 2371 1256 2395 numerent.
1334 2370 1364 2400 d)
1385 2372 1433 2395 Vel
1453 2369 1544 2401 beati.
1617 2371 1644 2402 e)
1665 2372 1698 2395 In
1720 2379 1766 2402 ap.
1786 2372 1918 2402 sequitur
1937 2370 2016 2396 unde

264 2410 307 2433 vel
325 2410 420 2434 simile
443 2418 474 2441 r„
494 2411 583 2435 oblitt.
655 2409 678 2441 f)
699 2411 747 2434 Vel
767 2409 881 2441 scripti.
959 2414 988 2440 g)
1009 2412 1055 2434 Ita
1077 2412 1104 2435 G.
1127 2411 1186 2442 ipse
1206 2412 1332 2436 correoeit
1353 2420 1388 2436 ex
1413 2411 1543 2438 illorum.
1616 2411 1646 2443 h)
1673 2413 1705 2436 Ιη
1728 2420 1829 2443 Μαι-9.,
1860 2416 1888 2436 ut
1907 2420 2017 2443 supra:

262 2449 352 2476 idem.
425 2451 445 2482 i)
473 2453 507 2475 In
535 2459 636 2483 mara„
662 2455 691 2475 ut
716 2458 826 2482 supra:
851 2450 888 2475 Se
915 2457 975 2475 ron
1001 2451 1026 2476 ci
1053 2458 1067 2475 e
1094 2458 1163 2476 cosa
1190 2451 1242 2476 che
1263 2452 1357 2477 molto
1378 2453 1508 2484 [correxi
1534 2461 1569 2477 exi·
1590 2452 1619 2477 di
1647 2453 1749 2482 molta,
1775 2461 1847 2484 quae
1873 2454 2016 2477 librarius

269 2492 296 2515 ιή
318 2500 417 2524 apoyr.
433 2493 589 2524 posuerat]
608 2491 733 2525 importi
751 2499 805 2524 per
826 2491 982 2524 impedirlo
1003 2491 1032 2517 lo
1054 2492 1132 2517 meni
1153 2500 1231 2519 seco.

385 2592 394 2611 ¹
419 2592 590 2626 Albertus
617 2604 650 2626 v.
678 2591 853 2625 Bavariae
879 2591 963 2625 dux,

382 2644 394 2664 2
420 2644 458 2678 P.
486 2645 663 2679 Martinus
689 2645 945 2679 Stevordianus
971 2644 1006 2678 S.
1034 2645 1065 2678 J.
1103 2656 1148 2679 m.
1175 2645 1339 2679 ianuario
1366 2657 1396 2679 a.
1426 2646 1515 2679 1565
1542 2646 1742 2688 Augustam
1769 2646 1902 2679 missus
1928 2647 2014 2686 erat,

261 2698 302 2728 ut
330 2696 461 2730 Canisii
487 2697 564 2731 loco
590 2699 624 2731 in
652 2698 802 2732 ecclesia
828 2697 1025 2731 cathedrali
1059 2699 1341 2737 contionaretur3
1370 2698 1451 2731 vide
1482 2700 1567 2732 Can.
1596 2699 1645 2731 lV
1674 2699 1752 2732 792.
1802 2700 1878 2742 19η.
1905 2700 2015 2741 Agyri·-

262 2750 336 2781 cola
372 2749 404 2783 S.
434 2751 465 2783 J.
502 2762 686 2795 perperam
717 2750 929 2793 „Martinum
966 2750 1206 2784 Steva1·tium“
1245 2762 1325 2784 eum
1361 2751 1557 2795 appellavit
1595 2751 1769 2792 (Historia
1803 2751 2014 2784 Provinciae

263 2800 451 2835 Societatis
476 2803 557 2836 Iesu
584 2803 796 2837 Germaniae
815 2804 1013 2847 Superioris
1032 2804 1057 2846 Ι,
1090 2805 1272 2845 Augustae
1293 2803 1554 2838 Vindelicorum
1577 2804 1675 2844 1727,
1702 2804 1784 2837 Dec.
1805 2804 1836 2844 3,
1862 2816 1895 2838 n.
1918 2804 2013 2847 163).

381 2855 394 2873 3
418 2854 470 2887 De
496 2855 562 2889 hac
589 2857 726 2890 dicendi
752 2857 888 2890 ratione
915 2856 1056 2890 Canisio
1082 2857 1216 2890 usitata
1243 2856 1323 2890 vide
1353 2859 1439 2891 Can.
1466 2857 1516 2890 lV
1543 2857 1627 2890 512²
1653 2856 1732 2890 683.

380 2909 392 2927 4
418 2907 508 2941 Vide
534 2920 641 2952 supra
668 2921 699 2954 p.
729 2910 831 2943 2—3.

380 2961 392 2979 ⁵
418 2960 487 2993 Pro
515 2961 665 2995 Gervico
693 2962 734 2995 de
761 2962 1062 3006 Schwarzenberg
1088 2964 1124 2996 et
1150 2962 1313 3007 Philippo
1340 2962 1566 2996 Doberainer.

380 3013 392 3032 ⁶
419 3013 533 3046 Iacobi
560 3013 685 3048 Lainii.
829 3016 840 3035 ⁷
868 3015 920 3050 Cf.
947 3016 1039 3049 infra
1066 3028 1097 3059 p.
1125 3015 1167 3049 31
1199 3018 1233 3048 et
1259 3027 1414 3049 monum.
1441 3015 1500 3048 dil.
1526 3026 1558 3048 11.
1581 3014 1645 3057 (3).

381 3067 392 3086 ⁸
418 3067 669 3101 Dominatium.
721 3068 809 3102 Vide
839 3070 923 3102 Can.
951 3069 1000 3102 IV
1028 3070 1105 3103 795.
1252 3071 1264 3089 ⁹
1293 3069 1380 3103 Vide
1406 3079 1514 3113 supra
1540 3080 1571 3112 p.
1600 3069 1631 3101 4.

368 3120 394 3139 ¹⁰
418 3119 646 3153 Rosdracevii
674 3120 979 3163 (Roidraiewski)
1008 3133 1037 3155 a.
1061 3123 1148 3156 1560
1176 3122 1405 3156 Vindobonae
1431 3121 1643 3154 Societatem
1672 3121 1843 3162 ingressi;
1872 3120 1914 3153 de
1941 3131 2011 3163 quo

264 3172 350 3205 Can.
377 3172 410 3205 H
437 3173 503 3205 649
518 3173 538 3206 4.
