2045 3471
710 185 863 220 Parisiis
888 185 945 220 24.
964 185 1050 220 Maii
1069 185 1172 220 1567.
1731 187 1815 228 479

54 303 251 359 plurimis
292 304 506 358 agitatum
548 304 797 348 dimisimus.
869 305 955 347 Jlle
996 310 1126 346 vero‘*
1167 303 1349 347 contulit
1389 317 1436 345 se
1476 303 1714 345 Louanium
1763 303 1817 346 ad

55 371 225 423 patrem
250 368 482 422 Symonem
497 370 511 397 1
532 370 722 422 Anglum
745 369 866 411 cuius
888 370 1032 422 gratia
1053 371 1254 423 receptus
1278 370 1345 410 est
1371 369 1534 422 jterum
1562 367 1609 421 jn
1635 381 1817 421 coquum

56 433 218 484 domus,
253 433 330 475 sed
360 447 509 475 rursus
537 434 699 488 jbidem
731 448 757 476 a
788 434 984 488 patribus
1014 434 1273 476 amandatus
1297 435 1376 476 est.
1430 433 1556 475 Hunc
1578 432 1709 475 etiam
1732 447 1816 475 non

54 498 286 552 petiuimus
328 511 466 551 neque
506 499 576 540 vel
615 499 749 540 Vllum
791 499 966 541 verbum
1008 499 1182 552 linguae
1223 498 1407 550 gallicae
1448 512 1603 540 sonare
1643 500 1818 552 poterat

54 565 104 606 vt
134 577 212 605 nos
250 562 426 616 juuaret
467 563 550 605 nisi
580 563 789 606 viaticum
831 564 1000 606 soluere
1033 563 1124 606 eius
1156 563 1390 604 debeamus
1422 563 1523 615 quia
1554 577 1632 605 vos
1664 577 1711 604 se
1743 577 1816 605 ex-

54 627 252 670 onerauit
284 630 328 670 et
360 630 554 670 nostram
589 628 676 670 suis
709 629 1022 671 tentationibus
1054 627 1311 682 patientiam
1344 627 1552 670 exercuit.

143 692 264 734 Haec
296 695 443 735 tamen
477 692 619 734 omnia
649 693 781 735 Pater
813 693 871 735 mi
898 694 946 747 jn
979 693 1140 736 christo
1174 692 1404 734 admodum
1435 691 1685 734 honorande
1704 727 1712 734 .
1731 707 1817 734 non

53 756 117 800 ita
147 757 286 799 scribo
319 760 369 799 vt
400 759 597 799 sanctam
630 761 822 800 vestram
862 758 1119 800 charitatem
1152 758 1240 799 vllo
1273 757 1399 799 modo
1432 756 1562 798 velim
1595 756 1814 810 sugillare,

53 822 130 864 sed
170 825 220 864 vt
259 836 336 876 pro
378 836 482 864 cura
522 822 625 864 mihi
668 837 693 864 a
734 823 896 866 Sancta
937 822 1195 866 Obedientia
1242 822 1505 864 demandata
1528 856 1537 865 .
1556 821 1627 876 jus
1674 835 1815 863 meum

53 889 192 930 tuear.
250 887 438 929 Posthac
470 901 596 941 spero
630 902 756 941 quam
790 888 1040 942 praeteritis
1072 887 1195 929 annis
1228 887 1369 929 omnia
1402 886 1542 940 magis
1573 886 1668 928 fore
1701 900 1816 928 com-

53 955 180 1005 perta
221 955 265 994 et
295 952 524 1006 perspicua
563 966 702 1005 neque
743 967 820 994 nos
859 953 1142 995 descensuros
1175 952 1357 1006 amplius
1385 951 1434 1006 jn
1465 951 1544 993 has
1577 952 1629 994 de
1662 951 1817 994 debitis

54 1018 99 1058 et
139 1016 310 1059 viaticis
358 1017 689 1059 decertationes.
754 1017 806 1060 V.
841 1018 890 1060 R.
936 1017 1137 1071 dignetur
1185 1031 1261 1071 pro
1309 1031 1388 1058 sua
1435 1016 1649 1059 charitate
1673 1051 1682 1060 .
1707 1030 1816 1070 quae

53 1081 217 1135 scripta
248 1085 349 1124 sunt
390 1084 434 1123 et
466 1085 638 1124 nostras
670 1082 863 1124 rationes
904 1083 1076 1136 penitus
1110 1082 1383 1124 considerare
1425 1084 1468 1124 et
1500 1082 1555 1123 ad
1587 1084 1735 1136 patres
1767 1084 1817 1124 vt

53 1146 214 1199 aliquid
248 1147 355 1189 certi
387 1149 586 1189 statuant
618 1147 806 1189 scribere
826 1182 834 1190 .
854 1150 902 1190 vt
934 1162 1003 1189 res
1041 1161 1188 1189 eorum
1221 1147 1439 1189 sententia
1469 1147 1559 1189 fixa
1592 1147 1815 1189 consistat.

53 1211 149 1264 Ego
190 1211 320 1253 etiam
363 1212 418 1253 ad
459 1226 532 1254 eos
573 1212 802 1255 scribam2.
866 1212 1075 1262 Quoniam
1115 1212 1219 1254 mihi
1251 1212 1382 1254 etiam
1410 1211 1520 1266 jpsis
1550 1226 1710 1266 magna
1742 1225 1817 1267 pe-

53 1276 180 1318 cunia
211 1277 478 1318 numeranda
510 1277 593 1319 fuit
625 1280 674 1319 vt
706 1277 1004 1320 satisfacerem
1038 1291 1093 1319 ex
1126 1280 1252 1331 parte
1285 1277 1359 1327 eis,
1400 1280 1444 1319 et
1471 1277 1589 1330 jnter
1621 1291 1673 1319 ea
1705 1291 1815 1330 quae

53 1341 257 1383 debemus
289 1356 341 1384 ea
371 1344 522 1384 vestra
554 1342 716 1384 viatica
748 1345 1044 1385 recensentur.
1108 1343 1191 1384 Sed
1224 1343 1276 1384 de
1308 1342 1374 1383 his
1407 1342 1528 1384 satis.

172 1406 260 1448 Res
281 1409 457 1449 nostrae
480 1409 582 1449 sunt
609 1407 657 1460 jn
690 1407 850 1461 optimo
884 1410 1003 1449 statu
1026 1407 1094 1449 dei
1125 1407 1346 1457 beneficio,
1381 1406 1577 1459 augescit
1608 1409 1816 1461 perpetuo

53 1471 165 1513 bona
187 1472 239 1513 de
261 1472 341 1514 hoc
364 1472 545 1525 collegio
569 1472 682 1526 apud
706 1486 852 1514 omnes
883 1475 926 1514 et
948 1472 1136 1514 maxime
1158 1472 1374 1526 principes
1396 1471 1513 1513 viros
1536 1471 1814 1515 existimatio.

172 1536 267 1578 Rex
319 1537 498 1579 noster3
545 1537 836 1580 Christianiss.
886 1537 954 1579 etb
1001 1551 1272 1591 summopere
1320 1535 1559 1578 catholicus
1604 1537 1814 1590 paulatim

52 1601 168 1643 vires
200 1616 302 1644 suas
324 1602 578 1644 admiranda
604 1603 790 1655 quadam
822 1602 1053 1656 prudentia
1075 1602 1217 1644 exerit
1240 1602 1351 1654 quod
1375 1602 1557 1643 multum
1581 1602 1815 1644 catholicos

54 1680 202 1708 omnes
242 1670 424 1709 recreat.
489 1667 694 1709 Sublatus
735 1670 802 1710 est
843 1667 986 1710 subita
1027 1670 1166 1709 morte
1198 1667 1321 1708 nobis
1355 1681 1410 1708 ex
1442 1666 1666 1709 catholicis
1698 1667 1815 1721 prin-

55 1731 218 1786 cipibus
251 1731 323 1785 qui
355 1732 464 1785 Regi
497 1735 598 1774 sunt
630 1746 656 1774 a
689 1732 865 1774 consilio
897 1732 1092 1775 Jllustris
1115 1732 1322 1774 Dominus
1355 1746 1381 1773 a
1409 1731 1687 1784 Bordiglione
1720 1747 1815 1774 cum

53 1797 241 1839 omnium
268 1797 576 1839 catholicorum
601 1797 790 1838 maximo
813 1811 1008 1839 moerore
1021 1799 1049 1840 4.
1095 1797 1178 1839 Sed
1201 1797 1341 1839 erexit
1363 1811 1442 1839 nos
1465 1811 1612 1838 omnes
1635 1797 1814 1839 alterius

49 1862 255 1916 Jnteritus
295 1862 499 1916 principis
532 1862 732 1903 nimirum
766 1862 959 1905 Portiani
992 1862 1111 1904 cuius
1144 1862 1296 1916 opibus
1339 1864 1383 1904 et
1411 1861 1587 1916 jngenio
1620 1875 1689 1903 res
1722 1862 1814 1903 Hu-

52 1926 284 1979 guenotica
315 1930 411 1969 tota
443 1927 535 1969 fere
558 1927 841 1970 nitebatur&
895 1927 994 1969 Non
1016 1927 1157 1982 potuit
1180 1942 1295 1969 mors
1318 1941 1463 1969 secum
1487 1941 1642 1981 capere
1666 1941 1813 1980 quem-

53 2006 181 2044 quam
214 1992 286 2045 qui
318 1992 457 2044 magis
489 1992 611 2034 bonis
644 1992 799 2034 omnib.
834 1995 950 2035 esset
987 1992 1176 2047 jnfestus
1208 1994 1338 2045 atque
1370 1992 1696 2041 forniidolosus;
1740 1992 1813 2034 sit

53 2071 244 2099 nomen
286 2057 488 2098 domini
528 2057 908 2099 benedictum6
941 2058 1059 2099 cuius
1091 2060 1199 2100 nutu
1233 2058 1374 2099 omnia
1407 2057 1717 2110 gubernantur.

170 2122 252 2163 Hic
293 2122 497 2176 populum
539 2122 746 2163 habemus
787 2122 944 2164 bonum
986 2125 1030 2165 et
1071 2123 1230 2164 multos
1274 2122 1491 2177 principes
1531 2122 1812 2175 jllustresque

53 2187 183 2236 viros,
219 2186 550 2228 Ecclesiasticos
573 2200 675 2228 uero
698 2189 747 2228 vt
768 2187 997 2240 plurimum
1025 2187 1247 2242 jmprobos
1270 2190 1312 2230 et
1344 2202 1440 2229 sua
1473 2188 1812 2240 quaerentes⁷

54 2255 97 2295 et
142 2252 306 2294 vtinam
352 2251 481 2293 etiam
529 2265 615 2293 non
662 2251 804 2294 aliena
851 2252 887 2294 si
928 2253 1061 2294 verbo
1104 2252 1227 2294 Pauli
1271 2252 1462 2294 nonnihil
1506 2252 1625 2294 abuti
1666 2252 1810 2294 licetS.

171 2333 198 2363 a)
221 2333 280 2357 Hm:
300 2340 323 2356 υ.
343 2340 434 2363 supra
457 2340 569 2357 versam
589 2333 730 2364 scriptum
749 2335 798 2357 est.
866 2332 897 2362 b)
919 2333 1057 2364 Sequitur
1076 2332 1174 2365 plane,
1194 2333 1282 2357 oblitt.
1353 2334 1378 2359 c}
1400 2334 1568 2364 Sequuntur
1596 2340 1635 2357 rc.
1656 2332 1812 2364 peruagat,

52 2372 108 2399 hac
128 2373 193 2399 sola
212 2380 302 2399 causa
316 2392 322 2398 .
337 2375 371 2398 vt
392 2373 601 2404 ,inueniremus
622 2373 665 2398 eis
685 2380 786 2399 aerem
805 2372 958 2400 salubrem
978 2381 1015 2399 ex
1036 2381 1102 2405 one,
1123 2375 1212 2399 oblitt.

176 2487 185 2506 ¹
211 2485 413 2524 Belostum3
443 2496 476 2518 V.
504 2483 592 2529 Epp.
619 2485 741 2517 Naclal
767 2483 798 2517 ΙΙ
826 2484 913 2525 583;
941 2484 991 2518 Ill
1017 2485 1087 2519 474
1113 2485 1191 2518 527.

171 2539 184 2559 2
210 2537 243 2572 S.
260 2538 489 2572 Franciscum
504 2537 671 2579 Borgiam
689 2538 933 2582 praepositum
951 2538 1156 2581 generalem
1176 2538 1324 2581 eiusque
1349 2538 1599 2578 „assistentes“
1618 2536 1811 2579 significat.

172 2592 184 2611 ³
211 2591 358 2626 Carolus
385 2590 444 2624 IX.

171 2646 183 2665 ⁴
211 2644 386 2678 imbertus
407 2643 584 2677 Platerius
604 2642 842 2678 Bordillonius
864 2643 1013 2687 (Imbert
1032 2645 1074 2678 de
1092 2644 1127 2677 la
1149 2644 1312 2683 Platicre
1333 2643 1501 2685 seigneur
1515 2643 1558 2676 de
1578 2642 1810 2684 Bourdillon)‚

55 2699 260 2742 „spectatus
286 2697 379 2731 bello
415 2708 456 2730 ac
482 2696 671 2741 prudentia
698 2696 790 2730 dux“
829 2696 873 2731 ab
900 2696 977 2742 ipso
1004 2697 1112 2731 etiam
1140 2698 1265 2730 Iacobo
1295 2698 1453 2739 [tuqus-to
1485 2697 1634 2729 lenano
1661 2698 1810 2730 vocatus

54 2749 251 2794 (Historiae
277 2751 333 2784 sui
358 2750 530 2794 temporis
555 2749 578 2783 l.
598 2749 653 2789 34,
681 2748 906 2783 Francofurti
924 2750 967 2784 ad
988 2750 1154 2784 Moenum
1175 2749 1254 2793 [sub
1278 2749 1380 2792 1609]
1401 2749 1498 2791 642),
1525 2751 1671 2793 propter
1692 2759 1748 2782 res
1775 2752 1810 2782 et

52 2803 145 2837 domi
172 2805 208 2837 et
233 2803 318 2836 belli
344 2803 528 2848 praeclare
555 2805 678 2845 gestas
709 2802 987 2843 „mareschallus
1008 2803 1198 2836 Francia&
1222 2802 1451 2841 constitutus,
1478 2801 1589 2835 Fonte
1619 2801 1810 2845 ssellaqueo

53 2855 365 2900 (Fontainebleau)
392 2857 425 2889 4.
454 2855 588 2899 Aprilis
617 2855 705 2889 1567
733 2855 932 2889 exstinctus
962 2855 1020 2897 (L.
1042 2856 1188 2900 Morc'rz',
1218 2855 1263 2888 Le
1291 2855 1403 2897 grand
1432 2854 1675 2888 Dictionnaire
1703 2854 1809 2888 histo-

53 2910 153 2953 rique
179 2909 223 2949 ΙΙ,
249 2909 353 2943 Paris
382 2909 481 2949 1759,
511 2907 724 2951 163-164).

172 2963 185 2982 ⁵
210 2962 387 2996 Antonius
406 2961 531 2995 Croius
559 2960 617 3003 (de
637 2960 745 3005 Croy)
775 2962 941 3005 princeps
960 2961 1122 2995 Porciani
1145 2961 1347 3004 (porcean),
1375 2961 1434 3004 qui
1462 2961 1505 2994 ad
1533 2960 1809 3004 protestantium

53 3016 171 3049 castra
196 3015 390 3049 transierat
416 3017 452 3048 et
471 3014 687 3048 Coliniorum
714 3016 836 3058 partes
863 3015 972 3049 armis
1000 3015 1198 3053 adhwerat,
1226 3014 1257 3047 5.
1285 3014 1370 3047 Maii
1392 3014 1492 3053 1567,
1520 3014 1650 3048 aetatis
1677 3025 1809 3048 annum

54 3066 183 3102 XXVI.
202 3068 265 3102 vix
283 3079 460 3111 egressus,
488 3067 637 3101 Parisiis
663 3067 863 3101 exstinctus
890 3070 945 3101 est
974 3068 1166 3110 (Thammes
1193 3066 1213 3100 l.
1234 3078 1261 3101 c.
1282 3067 1304 3101 l.
1324 3067 1366 3101 37
1395 3067 1449 3102 41.
1478 3078 1509 3111 p.
1529 3067 1597 3101 689
1617 3067 1713 3110 768).

172 3121 185 3140 ⁸
212 3121 271 3155 Iob
301 3123 329 3161 1,
357 3121 411 3155 21.
463 3120 511 3154 Ps
539 3120 616 3159 112,
643 3121 675 3153 2.
821 3120 833 3140 ⁷
861 3120 940 3154 Phil
968 3121 998 3157 2,
1026 3121 1081 3155 21.
1136 3120 1187 3153 Cf.
1218 3120 1233 3153 l
1264 3119 1331 3153 Cor
1361 3120 1412 3159 13,
1441 3121 1471 3153 5.

173 3173 186 3193 ⁸
213 3173 265 3208 Cf.
292 3173 312 3206 2
341 3172 408 3207 Cor
437 3174 488 3214 12,
518 3173 570 3207 14.
