2045 3471
224 216 307 257 292
703 212 804 246 1344.
832 211 996 246 Canisius
1023 212 1057 246 S.
1075 210 1265 245 Francisoo
1291 211 1333 244 de
1360 210 1500 253 Borgia.

340 331 623 364 Provr'ncialinm
647 331 792 372 reynlae
817 335 847 363 et
870 331 1068 371 facultates.
1103 330 1277 362 Kilianus
1302 329 1516 372 Freymiller
1541 339 1583 361 ex
1608 328 1749 370 colleyio
1773 327 1976 370 qermanico

225 386 390 418 remissus
414 384 582 426 Dilinyae
607 384 739 425 leqibus
764 383 986 416 contubernii
1008 394 1043 416 se
1067 382 1224 415 subicere
1243 382 1366 415 noluit.
1406 382 1449 414 In
1476 381 1592 414 eodem
1618 382 1844 414 contubernio
1868 381 1976 422 facile

224 437 451 471 collocabitur
476 437 594 470 Adam
616 437 781 479 Waymr,
806 437 1019 469 valetudinis
1045 446 1152 468 causa
1178 436 1293 468 Roma
1319 435 1418 467 abire
1444 435 1597 477 capiens.
1635 435 1818 467 Octaviani
1834 434 1976 476 Fuyyer

223 492 399 532 inqressus
423 490 463 522 ‘in
490 490 704 523 Societatem.
747 489 936 532 Colleyiam
959 489 1201 531 yermanicmn
1227 499 1249 520 a
1276 488 1459 520 cardinali
1487 487 1679 520 Granvella
1705 487 1890 519 laudatum
1917 491 1975 519 est.

223 543 372 576 Ursalae
397 542 581 585 Fayyerae
603 544 728 585 pietas.
778 542 905 585 Placet,
936 543 1064 574 Romae
1090 541 1209 574 Socios
1243 541 1282 573 ins
1313 541 1546 573 Germaniam
1570 540 1793 582 profecturos
1827 539 1875 572 ad
1903 540 1978 581 pie-

223 600 327 628 tatem
352 597 516 629 eaeerceri.
568 595 606 629 P.
634 595 847 628 Rabenstein
875 594 1098 636 Herbipolim
1122 595 1250 626 missus
1276 597 1323 625 est
1334 605 1347 634 ,·
1383 593 1519 636 colleyii
1552 592 1603 625 ibi
1637 592 1832 625 incohandi
1866 592 1977 634 aedes,

217 659 406 691 personae,
431 649 579 691 reditus,
606 649 755 691 alumni,
784 652 920 689 cantas,
949 644 1232 691 „praecursor“;
1257 647 1432 688 neyotiunz
1455 656 1522 687 per
1549 645 1587 678 P.
1605 645 1770 678 Natalem
1796 645 1978 687 escpedien-

224 703 307 734 dum
333 705 390 734 est.
423 702 572 734 Iacobus
589 701 722 744 Rabus,
748 701 845 742 filias
868 700 1189 743 superintendentis
1200 700 1475 742 protestantium
1494 699 1715 741 ulmensium,
1741 699 1779 730 in
1798 698 1977 740 collegium

222 755 466 798 yermam’cum
503 756 622 788 veniet.
676 754 885 787 Cardinalis
911 754 1148 795 Anyustanus
1183 753 1231 784 ad
1255 752 1426 794 synodum
1454 752 1694 784 dioecesanam
1729 762 1750 782 a
1777 751 1905 783 Natale
1930 751 1979 783 vel

229 808 372 841 Canisio
396 808 518 840 iuvari
543 808 650 849 capit,
676 807 722 838 ad
748 807 934 839 concilium
961 810 1075 839 autem
1099 805 1317 848 provinciale
1338 805 1523 837 Cani-sium
1548 814 1663 837 secum
1689 804 1864 837 adducere
1889 803 1980 845 vult,-

227 862 319 894 idem
345 860 613 893 contubernium
638 860 863 901 dilz'nyanum
890 871 932 891 ex
958 859 1093 901 colleyii
1115 859 1313 900 yermanici
1338 858 1470 899 reyulis
1487 857 1687 899 reformare
1705 858 1840 899 coyitat.
1883 857 1976 889 Num

223 914 451 956 scholasticis,
480 918 514 945 nt
540 913 671 945 Romae
695 911 775 953 fieri
800 913 930 952 dicunt,
956 912 1200 954 precationum
1220 921 1369 953 pensant
1396 910 1612 943 cotidianmn
1638 910 1877 942 relaoeandnm
1903 910 1980 942 est?

229 968 304 1008 Quo
327 967 383 998 die
408 966 581 1008 ayendnm
606 966 734 1007 festam
761 965 797 998 S.
817 965 1029 997 Dominici?
1069 963 1352 997 Provincialibns
1375 963 1590 996 Germaniae
1613 963 1802 1004 facultates
1830 963 1877 995 ad
1901 962 1979 994 leae-

224 1021 330 1052 resim
369 1018 565 1059 (lectionem
603 1018 787 1056 librorum,
827 1017 1077 1050 absolutionem
1112 1016 1334 1059 relapsornm
1361 1016 1440 1056 etc.)
1479 1019 1670 1058 spectantes
1706 1016 1847 1048 dandae
1885 1020 1976 1048 sunt.

225 1073 390 1115 Repetine
407 1071 500 1104 debet
518 1071 711 1113 baptismus
732 1069 1025 1102 Calvinianorum
1038 1071 1055 1102 ?
1087 1070 1300 1111 Inyolstadii
1316 1071 1354 1101 in
1372 1070 1486 1101 locum
1504 1079 1633 1105 eornm,
1661 1069 1723 1111 qni
1736 1068 1980 1111 philosophiae

225 1125 420 1159 tradendae
444 1124 563 1157 labore
588 1128 726 1156 tantum
753 1133 823 1155 non
849 1127 1116 1165 consumuntur,
1143 1123 1209 1155 alii
1233 1123 1496 1155 substituantur
1522 1133 1652 1155 necesse
1677 1126 1733 1155 est.

467 1259 563 1301 Pax
594 1258 743 1300 christi
776 1194 1018 1300 admoduni
1037 1194 1289 1299 fligdgilgnde
1325 1257 1367 1298 in
1401 1257 1560 1299 christo
1594 1257 1736 1300 Pater.

344 1330 505 1384 Accepi
536 1329 686 1371 literas
710 1329 755 1371 P.
779 1330 826 1371 T.
854 1327 1010 1382 18³[P]
1035 1328 1137 1382 Julij
1170 1328 1377 1382 scriptas:
1419 1330 1463 1369 et
1495 1327 1602 1369 alias
1635 1342 1711 1381 per
1741 1327 1978 1369 Chilianum

226 1409 478 1449 germanum
512 1395 565 1436 ad
598 1408 666 1435 me
699 1394 825 1435 datas
840 1395 866 1443 1,
901 1408 987 1434 vna
1020 1407 1114 1434 cum
1153 1392 1341 1446 reliquis,
1385 1407 1466 1445 que
1508 1392 1562 1434 ad
1594 1392 1639 1434 P.
1673 1392 1980 1446 prouincialem

226 1461 512 1503 RHenensem
545 1462 588 1501 et
620 1458 910 1508 Austriacum,
944 1458 1153 1512 imprimis
1186 1471 1288 1499 uero
1323 1457 1376 1499 ad
1410 1458 1455 1500 P.
1480 1457 1790 1499 Visitatorem‘2
1823 1457 1981 1498 scribe-

226 1527 396 1568 bantur.

346 1589 507 1642 Accepi
538 1590 767 1642 praeterea
790 1587 990 1637 officium,
1025 1590 1068 1630 et
1090 1587 1324 1629 facultates
1346 1586 1729 1628 Prouincialiumss:
1763 1586 1806 1627 in
1829 1586 1981 1639 quibus

227 1654 331 1696 nihil
364 1653 716 1708 praetermissum
749 1666 844 1694 esse
876 1655 1002 1706 puto;
1045 1653 1183 1694 Deum
1215 1666 1380 1705 precor,
1424 1653 1471 1693 ut
1512 1651 1591 1692 1100
1623 1665 1798 1693 munere
1831 1653 1875 1693 et
1905 1665 1982 1705 po-

226 1721 389 1762 testate
411 1720 560 1760 nostra
582 1731 708 1771 porro
732 1717 814 1758 rite
836 1717 1081 1769 fungamur,
1106 1716 1241 1758 adiuti
1260 1717 1305 1759 P.
1324 1720 1425 1758 tuae
1444 1716 1641 1769 precibus
1660 1716 1979 1769 sacrificijsque.

346 1784 409 1825 De
432 1782 624 1824 Chiliano
656 1782 736 1823 hoc
770 1781 911 1823 dicere
943 1782 1093 1830 habeo,
1128 1796 1212 1822 non
1246 1781 1433 1822 defuisse
1466 1781 1588 1822 nobis
1620 1780 1821 1830 studium,
1861 1780 1981 1822 illum

228 1847 602 1890 Reuerendissimo
624 1847 807 1888 Domino
830 1846 1046 1888 Cardinali
1067 1846 1269 1898 Dilingae
1292 1845 1595 1887 comendandi:
1624 1845 1707 1886 Sed
1729 1844 1813 1894 ille,
1838 1845 1981 1886 nescio

229 1913 347 1955 cuius
378 1912 594 1954 libertatis
626 1925 788 1960 amans,
832 1911 1022 1952 oblatam
1055 1910 1169 1952 inter
1201 1911 1395 1952 alumnos
1427 1909 1540 1951 illius
1578 1909 1863 1952 conditionem
1906 1910 1983 1951 ho-

227 1980 408 2027 nestam,
443 1976 716 2025 detrectatum,
751 1989 804 2016 ne
837 1975 1086 2016 comunibus
1117 1974 1204 2016 illic
1236 1974 1415 2027 legibus,
1450 1988 1556 2027 quas
1579 1974 1732 2027 reliqui
1764 1974 1981 2016 sustinent

229 2041 390 2084 alumni
421 2041 736 2093 astringeretur
751 2041 779 2081 4.
832 2039 874 2080 N
879 2054 960 2080 unc
993 2039 1036 2080 in
1069 2040 1254 2093 patriam
1286 2039 1577 2080 Luteranam5
1608 2053 1655 2080 se
1689 2039 1882 2088 contulit,
1916 2053 1983 2081 re—

229 2120 432 2149 uersurus
464 2105 519 2147 ad
551 2118 627 2146 nos
659 2104 859 2153 fortasse,
894 2104 969 2145 sed
1002 2103 1068 2145 cui
1100 2104 1271 2145 difficile
1293 2104 1362 2152 sit,
1396 2104 1566 2156 qualem
1598 2103 1689 2157 ipse
1719 2103 1848 2157 cupit,
1883 2118 1982 2145 con—

231 2171 436 2213 ditionem
480 2168 686 2216 nancisci,
734 2169 990 2222 praesertim
1036 2183 1130 2210 cum
1172 2168 1295 2222 pauci
1340 2183 1453 2209 nunc
1497 2182 1542 2209 se
1586 2168 1757 2222 patroni
1801 2169 1983 2210 offerant

230 2235 447 2286 studiosis,
489 2234 532 2275 in
563 2233 629 2275 his
660 2233 765 2274 locis
797 2233 936 2286 gratis
969 2232 1147 2275 alendis,
1206 2233 1339 2274 Audio
1372 2233 1585 2274 Adamum
1617 2246 1869 2285 germanum
1902 2233 1983 2274 hoc

232 2303 397 2354 optare,
440 2301 487 2341 ut
528 2297 788 2340 ualetudinis
830 2297 1045 2338 curandae
1087 2311 1230 2347 causa,
1271 2311 1326 2338 ex
1364 2297 1555 2350 Collegio
1597 2295 1886 2351 germanic[o]
1928 2297 1983 2339 ad

232 2379 309 2407 nos
341 2364 637 2410 reuertatur6;
681 2362 791 2403 Huic
823 2362 992 2403 facilius
1024 2362 1225 2415 Dilingae
1257 2362 1579 2415 prospiciemus,
1623 2361 1659 2402 si
1690 2362 1829 2402 locum
1871 2362 1985 2403 inter

232 2430 428 2471 alumnos
472 2427 575 2469 dicti
617 2426 857 2468 Cardinalis
902 2440 985 2467 non
1029 2426 1257 2468 recusabit.
1331 2426 1483 2479 Neque
1526 2425 1794 2479 negligemus
1838 2429 1984 2467 tamen

233 2508 406 2536 causam
447 2491 648 2542 Chiliani,
694 2490 729 2532 si
773 2491 873 2543 quid
915 2491 1027 2532 effici
1066 2491 1228 2544 poterit
1268 2494 1418 2533 nostra
1460 2490 1786 2532 comendatione
1827 2493 1871 2532 et
1910 2491 1983 2532 ille

234 2559 351 2600 uolet
382 2557 621 2610 morigerus
653 2569 761 2597 esse.
1764 2552 1766 2555 ’

351 2621 547 2675 Repetiui
591 2620 705 2673 apud
736 2622 919 2661 matrem
952 2620 1192 2672 Foggeram
1227 2619 1443 2661 octauiani
1483 2619 1556 2672 filij
1595 2618 1831 2670 negocium,
1875 2633 1983 2671 quae

233 2687 459 2740 promittit,
493 2699 540 2727 se
571 2698 874 2738 responsuram
906 2698 983 2737 per
1014 2684 1177 2734 literas,
1212 2687 1255 2726 et
1278 2685 1395 2738 cupit
1417 2683 1704 2725 constantiam
1733 2683 1823 2723 eius
1845 2683 1984 2736 magis

352 2768 378 2792 a)
400 2767 446 2791 Sic
465 2766 588 2795 a1·c77et.;
608 2764 656 2788 sed
671 2764 785 2788 omnino
801 2764 915 2788 videtur
927 2764 1108 2788 scribendum
1128 2764 1221 2794 fuisse
1241 2766 1293 2795 23;
1314 2765 1387 2794 vide,
1401 2771 1471 2795 quae
1485 2763 1536 2787 snb
1550 2763 1632 2794 ipsas
1645 2763 1698 2786 has
1712 2762 1828 2787 litteras
1842 2763 1983 2787 (licentur.

358 2869 364 2887 ¹
392 2867 557 2904 Litterae,
584 2876 673 2909 quas
692 2864 854 2898 Kilianus
872 2864 1094 2908 Freymiller,
1113 2863 1255 2906 collegii
1273 2863 1468 2907 germanici
1495 2862 1669 2902 alumnus,
1689 2861 1832 2896 Canisio
1851 2862 1983 2902 attulit,

241 2920 292 2952 10.
321 2919 408 2952 lunii
436 2920 525 2952 1566
552 2919 656 2952 datae
682 2920 802 2957 erant;
829 2917 910 2950 vide
936 2928 1045 2961 supra
1070 2928 1103 2961 p.
1131 2917 1210 2951 267.

356 2971 368 2990 2
395 2972 447 3003 Ad
475 2971 544 3004 PP.
571 2970 764 3004 Antonium
790 2969 917 3009 Vinck‚
944 2969 1128 3003 Nicolaum
1157 2969 1337 3009 Lanoium,
1363 2969 1618 3012 Hieronymum
1644 2967 1822 3001 Natalem.

358 3024 370 3041 ³
394 3023 446 3055 De
472 3023 528 3056 his
553 3023 633 3055 vide
660 3033 767 3066 supra
792 3034 824 3066 p.
852 3022 931 3056 285.
1076 3024 1088 3042 4
1114 3021 1166 3055 De
1192 3022 1247 3055 his
1273 3021 1413 3064 legibus
1438 3021 1519 3054 vide
1545 3031 1652 3064 supra
1679 3031 1710 3063 p.
1733 3021 1802 3053 14‘3.

358 3076 369 3093 ⁵
396 3074 523 3107 Halam
551 3074 697 3107 Suebiae
725 3074 1108 3116 (Schwabisch-Hall);
1135 3074 1216 3108 vide
1242 3085 1350 3118 supra
1375 3085 1407 3117 p.
1435 3073 1529 3106 267¹.

358 3127 369 3145 ⁶
396 3127 507 3159 Adam
520 3126 679 3168 Wagner
697 3126 950 3169 burghusanus
964 3126 1225 3169 (Burghausen‚
1246 3126 1419 3160 ssavariae
1437 3124 1630 3169 superioris
1648 3124 1831 3168 oppidum)
1848 3135 1879 3157 a.
1893 3124 1980 3158 1561

240 3178 274 3212 in
301 3178 487 3220 collegium
514 3179 753 3219 germanicum
780 3181 946 3217 venerat3
975 3179 1055 3212 vide
1086 3180 1171 3212 Can.
1200 3179 1251 3212 ΙΙΙ
1280 3179 1346 3212 192
1358 3179 1380 3211 ⁵.
