2045 3471
185 233 269 274 826
335 231 429 265 Mon.
449 230 518 266 880
544 230 622 265 sive
647 230 718 265 litt.
738 230 829 275 (29).
868 231 1019 266 Aestate
1045 232 1199 266 a.1567.
1250 230 1316 265 881
1344 230 1423 265 sive
1448 241 1523 265 var.
1547 229 1612 274 (1).
1653 231 1897 265 1561—1565.

304 348 562 392 Significantur
596 348 653 383 his
679 348 803 383 verbis
838 350 981 393 praeter
1007 349 1233 383 notissimam
1269 348 1368 382 illam
1400 347 1691 390 „Confessionem
1717 347 1800 382 fidei
1827 347 1946 382 catho-

182 402 274 436 licae
300 401 553 436 christianam“
584 413 605 435 a
631 401 804 436 cardinali
831 401 1012 436 Stanislao
1038 401 1148 436 Hosio
1184 401 1350 446 episcopo
1384 400 1580 434 varmiensi
1616 401 1747 435 editam
1783 402 1819 435 et
1853 403 1946 435 cate-

183 454 340 489 chismos
360 454 514 489 Canisii:
542 455 728 489 Friderici
751 456 916 489 Nauseae
943 455 1100 500 episcopi
1128 453 1406 488 vindobonensis
1429 453 1698 496 ⁷‚Catechismus
1717 453 1942 488 Catholicus“

184 507 370 551 (Coloniae
398 508 527 552 1543);
563 509 749 542 Michaelis
783 509 940 551 Heldz'ny
975 508 1133 553 episcopi
1167 507 1478 550 merseburgensis
1513 507 1731 542 Catechismi
1765 507 1878 541 maior
1913 508 1948 541 et

183 561 298 595 minor
326 561 550 604 (Moguntiae
578 561 669 595 1549
696 563 784 602 etc.;
819 561 864 595 cf.
895 562 983 595 Can.
1010 560 1057 594 IV
1087 560 1194 604 851);
1231 562 1330 595 Petri
1355 572 1377 594 α
1405 561 1486 594 Soto
1514 559 1554 594 Ο.
1581 560 1640 594 Pr.
1671 560 1945 605 „compendium

184 613 376 649 Doctrinae
411 614 640 649 Catholicae“
682 613 865 658 (Dilingae
903 614 993 648 1553
1022 614 1080 658 [?]‚
1119 614 1209 648 1560
1246 616 1332 654 etc.;
1368 625 1402 647 v,
1433 614 1519 647 Can.
1556 613 1605 646 IV
1633 613 1761 656 1024);
1800 614 1949 647 Ioannis

184 668 435 712 Dietenberyer
469 667 511 703 O.
536 667 596 702 Pr.
633 667 883 702 Catechismus
921 667 1146 710 (Moguntiae
1174 667 1264 701 1537
1304 666 1409 709 etc.);
1453 668 1655 708 „Institutio
1692 667 1736 700 ad
1775 666 1945 711 pietatem

184 720 428 756 Christianam
463 721 661 755 secundum
696 721 895 755 doctrinam
928 720 1185 761 Catholicam“,
1225 719 1591 762 „Constitutionibus“
1631 719 1772 754 concilii
1806 719 1947 764 provin-

183 774 286 808 cialis
321 786 352 808 a.
383 775 473 809 1549
500 774 709 818 Moguntiae
744 773 857 808 habiti
885 773 1054 807 adiuncta
1083 773 1309 816 (Moguntiae
1339 774 1448 814 1549;
1484 774 1529 807 cf.
1557 774 1593 807 S.
1620 774 1823 816 Widmamz,
1860 772 1948 806 Eine

184 826 345 861 Mainzer
362 827 492 862 Presse
511 827 573 861 der
590 826 940 868 Reformationszeit,
967 826 1173 860 Paderborn
1197 826 1296 867 1889,
1324 826 1406 869 84);
1439 825 1695 868 „Encheridion
1723 825 1948 860 Christianae

184 880 442 915 institutionis⁴‘
472 880 516 914 ab
543 882 678 914 Ioanne
699 881 885 923 Groppero
911 891 941 913 a.
959 880 1049 914 1537
1070 879 1236 914 Coloniae
1263 891 1344 913 cuin
1370 879 1525 913 decretis
1550 878 1691 913 concilii
1717 878 1949 924 provincialis

187 933 355 968 Coloniae
392 945 424 968 a.
457 933 547 968 1536
584 932 699 967 habiti
734 932 922 976 vulgatum
959 935 995 966 et
1029 934 1181 966 eiusdem
1221 933 1424 975 „institutio
1463 931 1728 977 compendiaria
1765 932 1949 966 doctrinae

185 985 414 1028 christianae,
440 986 476 1020 in
503 986 652 1020 concilio
678 985 890 1031 provinciali
918 986 1098 1030 pollicita“
1129 989 1164 1020 et
1190 997 1221 1020 a.
1243 986 1333 1020 1538
1353 985 1519 1020 Coloniae
1546 985 1642 1019 edita
1666 985 1808 1029 (Can.1
1834 984 1949 1027 2051).

186 1039 328 1074 Mireris
354 1039 488 1074 Canisii
514 1039 764 1079 catechismos,
799 1039 861 1083 qui
896 1039 1053 1073 omnium
1089 1039 1318 1073 usitatissimi
1345 1041 1456 1079 erant,
1492 1039 1527 1073 in
1563 1038 1630 1072 hac
1656 1039 1793 1083 synodo
1828 1049 1848 1071 a
1874 1049 1949 1072 car-

185 1091 296 1126 dinali
322 1092 524 1127 Truchsess
551 1092 694 1127 Canisio
731 1092 948 1126 amicissimo
984 1104 1053 1126 non
1089 1104 1168 1127 esse
1203 1092 1321 1136 magis
1355 1092 1633 1126 commendatos.
1685 1091 1751 1125 Sed
1785 1090 1949 1127 canisius

184 1145 262 1190 ipse
287 1147 374 1180 tunc
391 1145 618 1180 Truchsessii
636 1145 777 1179 adiutor
795 1146 1008 1190 praecipuus
1034 1147 1070 1179 et
1094 1146 1206 1180 totius
1232 1145 1359 1190 synodi
1386 1156 1517 1188 magna
1543 1144 1717 1189 quaedam
1745 1156 1829 1189 pars
1851 1146 1948 1184 erat;

187 1198 353 1233 Canisius
379 1201 499 1233 autem
526 1198 684 1233 malebat
710 1198 800 1233 alios
826 1198 983 1240 laudare,
1011 1210 1117 1243 quam
1144 1210 1182 1233 se
1208 1198 1337 1243 ipsum.

306 1251 509 1286 Cardinalis
527 1251 729 1286 Truchsess
756 1252 826 1286 iam
854 1252 910 1286 20.
938 1252 1030 1286 Iunii
1051 1252 1141 1286 1566
1168 1251 1342 1297 parochos
1369 1251 1533 1286 hortatus
1559 1253 1648 1291 erat,
1674 1262 1717 1284 ne
1743 1250 1950 1284 omitterent

184 1304 338 1347 singulis
364 1305 489 1339 diebus
515 1304 703 1339 dominicis
739 1307 775 1339 et
800 1305 905 1339 festis
931 1316 1050 1339 coram
1077 1305 1207 1350 populo
1233 1305 1473 1349 precationem
1504 1305 1768 1345 „communem“
1798 1303 1950 1338 recitare

189 1359 313 1402 (quam
339 1369 360 1392 a
378 1357 521 1392 Canisio
548 1359 584 1391 in
610 1359 780 1392 usitatam
810 1358 907 1392 illam
934 1358 1085 1392 formam
1112 1358 1295 1391 redactam
1322 1369 1401 1391 esse
1427 1357 1533 1391 valde
1559 1356 1741 1402 probabile
1767 1361 1841 1397 est;
1868 1356 1950 1390 vide

190 1412 278 1446 Can.
313 1411 347 1444 ΙΙ
385 1412 603 1454 695-699).
664 1411 720 1445 Ita
757 1413 832 1445 Jos.
869 1414 954 1445 Ant.
990 1413 1142 1455 Steiner,
1180 1412 1272 1445 Acta
1310 1411 1445 1445 selecta
1483 1409 1667 1444 Ecclesiae
1704 1410 1949 1453 Augustanae,

186 1464 374 1508 Augustae
392 1464 498 1499 Vind.
527 1464 628 1506 1785,
656 1464 735 1499 250.

189 1566 301 1604 880
329 1568 407 1603 sive
433 1567 543 1604 litt.
566 1567 702 1614 (29).
777 1567 928 1604 Aestate
955 1566 1099 1603 a.1567.

309 1639 364 1673 Ex
389 1639 624 1684 autographis
651 1639 800 1673 Hoffaei.
848 1638 910 1681 „G.
938 1638 1002 1683 Ep.
1021 1639 1127 1672 V111“
1157 1639 1181 1672 f.
1209 1637 1439 1673 2292—230b.

310 1706 478 1739 Canisius
496 1705 534 1739 P.
554 1706 745 1748 Hoffaeum
766 1705 1020 1738 catechismum.
1037 1706 1240 1738 Romanum
1267 1706 1440 1748 inteyrum
1456 1705 1657 1747 yermam'ce
1679 1708 1810 1737 rertere
1837 1704 1927 1737 iubet
1938 1716 1950 1745 ,-

189 1760 379 1792 versionem
407 1759 480 1801 ipse
504 1760 755 1801 recoquiturus
781 1762 837 1791 est.

308 1822 348 1857 P.
375 1823 514 1856 Paulus
539 1823 716 1865 Hoffaeus
747 1822 887 1865 collegii
914 1821 1139 1856 monacensis
1164 1821 1388 1856 contionator
1422 1821 1465 1855 de
1496 1820 1743 1863 „Catechismo
1769 1820 1948 1854 Romano“

193 1877 314 1920 (quem
340 1887 420 1910 cum
446 1875 600 1920 primum
619 1875 657 1909 P.
674 1875 870 1918 Gregorius
888 1874 1068 1909 Roseffius
1086 1874 1219 1909 Romae
1238 1874 1441 1918 germanice
1459 1876 1601 1908 vertere
1620 1874 1806 1919 coepisset,
1826 1873 1952 1908 deinde

191 1929 226 1963 S.
253 1928 309 1963 Pii
334 1928 377 1963 V.
413 1928 513 1962 iussu
548 1928 626 1972 ipse
652 1928 823 1962 Hoffaeus
857 1928 1071 1961 vertendum
1101 1928 1280 1973 suscepit;
1315 1939 1350 1962 v.
1377 1938 1487 1972 supra
1521 1939 1554 1972 p.
1582 1927 1666 1971 307)
1694 1927 1746 1961 ita
1770 1928 1881 1961 refert
1907 1926 1951 1960 ad

191 1982 226 2016 S.
253 1982 485 2016 Franciscum
519 1981 687 2025 Borgiam
722 1981 967 2026 praepositum
1003 1980 1206 2025 generalem
1242 1980 1431 2015 Monachio
1466 1981 1611 2014 ineunte
1646 1992 1692 2014 m.
1719 1979 1808 2014 Iulio
1840 1979 1949 2013 1567:

193 2035 464 2078 „Catechismus
490 2034 676 2069 Pontificis
703 2062 710 2069 .
731 2062 738 2068 .
758 2061 765 2068 .
793 2035 862 2068 iam
889 2045 1018 2068 versus
1044 2036 1150 2075 esset,
1177 2034 1245 2068 nisi
1271 2033 1309 2068 P.
1330 2034 1495 2068 Canisius
1521 2045 1589 2067 non
1617 2032 1741 2078 procul
1766 2044 1786 2067 a
1811 2033 1881 2066 fine
1906 2032 1950 2066 ad

189 2088 330 2122 initium
357 2088 450 2132 quod
476 2088 516 2122 P.
544 2087 741 2131 Gregorius
766 2087 888 2129 vertit,
914 2087 1031 2121 redire
1057 2099 1112 2121 me
1138 2087 1333 2121 voluisset:
1362 2087 1495 2130 Jtaque
1521 2098 1646 2121 versor
1672 2087 1707 2120 in
1733 2086 1951 2120 correctione

189 2143 226 2175 et
252 2141 483 2186 exemptione,
519 2152 634 2185 neque
669 2141 705 2174 in
739 2152 795 2174 me
829 2152 929 2174 mora
964 2140 1032 2174 erit
1066 2140 1152 2184 quin
1182 2141 1343 2185 proximo
1369 2142 1540 2174 autumno
1565 2142 1664 2174 totus
1689 2139 1946 2185 imprimatur.“

190 2194 237 2228 Et
261 2194 451 2228 Monachio
477 2194 533 2229 23.
560 2194 642 2228 Iulii
670 2194 760 2228 1567
789 2194 831 2227 de
857 2193 1035 2228 versionis
1061 2204 1148 2228 suae
1174 2193 1429 2236 recognitione,
1462 2204 1553 2237 quae
1580 2193 1722 2227 Canisio
1748 2192 1950 2238 praeposito

189 2247 401 2292 provinciali
428 2259 448 2281 a
473 2247 641 2292 pontifice
660 2247 851 2281 commissa
870 2249 947 2280 erat
968 2247 1018 2288 (v.
1037 2258 1145 2291 supra
1163 2258 1196 2291 p.
1212 2247 1280 2281 307
1300 2247 1405 2290 522):
1437 2246 1544 2289 „Cum
1564 2246 1650 2280 mihi
1676 2246 1717 2280 R.
1736 2245 1775 2281 P.
1794 2245 1948 2280 Rector¹

189 2312 283 2334 nunc
309 2301 397 2335 duos
423 2300 617 2345 scriptores
643 2301 779 2341 offerat,
808 2299 950 2334 Christo
977 2300 1174 2334 auxiliante
1200 2299 1320 2334 finiam
1348 2302 1384 2333 et
1402 2299 1603 2333 versionem
1622 2301 1658 2333 et
1675 2299 1948 2342 castigationem

190 2355 273 2387 ante
299 2353 555 2398 Septembrem,
588 2365 694 2398 quam
722 2365 788 2397 ego
814 2353 957 2397 quidem
983 2353 1085 2387 finire
1111 2364 1276 2398 possum;
1311 2355 1477 2398 superest
1503 2352 1595 2386 enim
1623 2352 1813 2396 castigatio
1839 2351 1880 2386 R.
1907 2351 1946 2385 P.

191 2406 428 2441 Prouincialis
454 2418 546 2451 quae
571 2409 702 2447 tamen,
729 2407 760 2440 si
786 2406 862 2451 ipse
889 2406 996 2448 volet,
1023 2406 1072 2440 nil
1098 2406 1269 2450 impediet
1294 2405 1605 2451 Typographum.“

308 2459 436 2494 Versio
462 2460 524 2494 illa
550 2471 642 2494 anno
670 2460 760 2494 1567
787 2459 927 2493 absolvi
952 2471 1022 2493 non
1048 2459 1183 2505 potuit:
1211 2459 1301 2493 liber
1326 2459 1362 2492 in
1387 2459 1503 2493 lucem
1531 2458 1683 2492 emissus
1709 2461 1764 2492 est
1790 2470 1820 2493 a.
1847 2457 1948 2492 1568.

1052 2593 1097 2636 L.

519 2681 996 2725 MONIJMENTA
1029 2681 1277 2725 VARIA
1311 2680 1624 2724 CANISII.

193 2781 293 2817 881
320 2784 397 2818 sive
423 2795 537 2820 var.
558 2785 650 2830 (Ι).
724 2784 941 2820 1561-1565.

311 2854 366 2888 Ex
391 2856 511 2889 Brzmi
541 2856 811 2898 „Admonitione
837 2856 1049 2897 catholica“,
1075 2854 1242 2898 Dilingae
1270 2855 1371 2896 1565,
1398 2854 1421 2888 f.
1450 2854 1477 2888 F.
1498 2854 1611 2888 7¹³—E
1630 2854 1679 2888 8¹³.

316 2924 504 2958 Conradus
538 2926 689 2959 Brztnus
717 2927 902 2960 Cam'sium
936 2927 975 2959 in
1008 2936 1157 2959 numero
1184 2926 1291 2969 ponit
1327 2927 1486 2958 virorum
1522 2926 1715 2968 doctorum,
1756 2927 1819 2968 qui
1856 2935 1946 2958 nova

192 2975 350 3009 haereses
385 2979 528 3020 scriptis
553 2979 740 3021 diliqenter
765 2980 930 3021 refellant
959 2983 1062 3022 atque
1087 2981 1190 3012 etiam
1221 2979 1484 3012 Centuriatores
1509 2979 1618 3011 solide
1643 2978 1841 3019 refutaturi
1863 2978 1945 3011 sint.

312 3046 542 3080 Doctz'ssimus
560 3049 616 3081 vir
636 3049 825 3082 Conradus
843 3050 991 3082 Brzmus
1010 3049 1191 3092 (Bramz),
1218 3049 1312 3082 iuris
1329 3049 1514 3091 utriusque
1531 3049 1653 3081 doctor
1678 3052 1708 3080 et
1733 3047 1947 3080 cathedralis

193 3097 352 3130 ecelesiae
386 3104 603 3141 auyustanae
630 3103 830 3144 canonicus,
865 3103 902 3134 *in
932 3102 1205 3146 „Admom'tione
1230 3098 1423 3134 catholica“
1459 3101 1500 3134 de
1528 3101 1708 3134 Centau-otis
1732 3100 1946 3142 Maydebnr-

315 3204 323 3222 ¹
350 3202 555 3237 Dominicus
580 3204 782 3248 Menginus.
