2045 3471
712 208 900 243 Monachio
927 208 958 242 2.
978 207 1058 241 Oct.
1087 205 1188 240 1566.
1741 201 1822 243 327

71 346 254 383 omnem,
289 330 519 384 Sacrificijs
542 331 587 372 et
609 328 807 384 precibus
831 327 880 369 R.
905 326 1025 368 Tuae
1047 338 1098 367 ac
1119 322 1254 366 totius
1278 322 1463 376 collegij,
1498 320 1610 374 quod
1633 319 1828 361 Christus

72 411 250 440 numero
283 399 327 438 et
359 395 522 437 uirtute
554 407 726 447 semper
759 394 934 445 augeat.

190 462 316 504 Nunc
349 459 565 513 Dillingae
607 457 920 500 confessionem
953 453 1316 508 Augustinianam
1358 451 1565 500 edimus¹⁷
1608 448 1684 491 sed
1721 461 1830 501 quae

73 529 176 571 ante
207 527 446 568 mercatum
480 521 910 566 Francfordiensem2
941 520 984 562 in
1015 520 1155 561 lucem
1187 532 1273 559 non
1315 515 1516 571 prodibit.
1580 512 1829 565 Aduersarij

74 593 292 635 blaterent
323 604 373 632 ac
405 591 623 642 nugentur
656 590 807 630 contra
839 600 930 635 nos,
974 586 1182 638 quantum
1214 582 1375 624 uolent.
1438 580 1649 622 Nolumus
1689 578 1733 620 in
1766 591 1831 618 re·

73 655 266 699 futandis
311 654 482 696 illorum
531 651 755 706 calumnijs
803 651 937 693 bonas
983 650 1112 691 horas
1160 647 1342 702 perdere
1390 645 1526 687 male:
1581 642 1832 685 Solidiorem

75 722 263 763 fructum
303 720 346 762 in
386 718 633 760 melioribus
674 716 827 770 studijs
868 728 1088 770 ponemus
1153 712 1303 755 Saluto
1336 712 1569 753 Doctorem
1601 707 1832 750 Henricum

77 789 128 830 D.
152 785 356 828 Rhetium
387 784 444 826 M.
468 784 680 825 Buserum
693 783 722 831 3,
767 795 816 823 ac
849 780 1037 833 reliquos
1070 779 1231 820 fratres
1264 789 1412 819 omnes
1452 775 1496 817 in
1533 772 1702 815 domino
1735 771 1834 813 mihi

77 850 365 900 charissimos,
398 862 580 902 quorum
611 846 809 901 precibus
833 844 1015 887 Domino
1039 843 1167 886 uelim
1189 855 1360 896 semper
1381 854 1476 882 esse
1499 836 1835 881 commendatus.

76 917 171 960 Nec
214 914 518 963 obliuiscamur
560 912 603 954 in
648 910 863 966 precando
908 909 1126 951 exercitus
1171 905 1382 960 Caesarij,
1429 904 1500 958 qui
1541 917 1588 945 se
1628 903 1837 945 hactenus

78 980 303 1036 praeclare
343 977 481 1032 gessit
520 976 563 1018 in
604 975 831 1018 hostilibus
865 974 1103 1016 Tui-carum
1145 971 1370 1013 conatibus
1411 967 1687 1023 depellendis,
1752 965 1838 1006 Do-

81 1046 220 1088 minus
253 1043 487 1086 nobiseum.
547 1040 717 1083 Monaci
749 1039 957 1094 postridie
989 1037 1274 1080 Calendarum
1308 1033 1507 1077 Octobris
1542 1033 1666 1074 1566.

973 1116 1132 1158 Seruus
1163 1114 1207 1155 in
1239 1112 1407 1155 Christo
1441 1111 1488 1154 P.
1511 1109 1720 1152 Canisius.

200 1205 264 1246 De
297 1202 567 1245 cantionibus
601 1199 867 1244 Germanicis
900 1198 1033 1253 probo
1066 1195 1325 1239 sententiam
1360 1195 1411 1237 D.
1435 1192 1593 1247 Rhetij.
1633 1194 1676 1233 et
1707 1203 1840 1243 urgeo

81 1284 255 1313 causam
289 1268 416 1323 piam,
451 1270 495 1310 et
527 1266 748 1309 Ecclesiae
781 1265 1019 1307 salutarem
1033 1264 1061 1305 4.

202 1339 456 1382 Reuerendo
488 1338 531 1380 in
563 1337 733 1379 Christo
766 1335 880 1390 patri
914 1349 967 1389 .p.
1001 1331 1225 1375 Leonardo
1259 1330 1425 1379 Kessel,
1459 1342 1606 1370 eorum
1639 1326 1711 1379 qui
1742 1327 1844 1366 sunt

83 1405 306 1448 societatis
337 1403 470 1446 IESV
502 1401 762 1457 praeposito.
826 1399 1027 1442 Coloniae
1058 1398 1101 1439 in
1134 1397 1273 1438 Bursa
1305 1408 1418 1436 noua
1455 1405 1723 1435 coronarum.

202 1496 430 1542 Inscriptioni
465 1495 549 1529 huic
583 1506 690 1528 manu
728 1493 878 1527 alicuius
914 1491 1007 1526 Socii
1042 1489 1254 1524 coloniensis
1292 1486 1507 1531 (KesseliiP)
1537 1485 1733 1528 ascriptum
1770 1484 1843 1516 est:

91 1552 151 1594 „D.
170 1551 327 1591 Gostero,
353 1549 416 1584 sed
442 1549 601 1583 remittet
624 1547 837 1582 Coloniam.²
884 1545 935 1580 De
962 1545 1001 1578 P.
1021 1543 1210 1577 Francisco
1238 1542 1386 1576 Costero
1413 1539 1495 1573 vide
1521 1549 1629 1582 supra
1655 1548 1688 1581 p.
1709 1535 1801 1569 3262
1822 1535 1843 1567 ³.

87 1606 143 1640 Ex
176 1604 245 1638 hac
279 1606 315 1638 et
349 1602 592 1648 superioribus
628 1600 793 1646 epistulis
828 1598 934 1633 facile
969 1599 1079 1642 patet,
1115 1607 1222 1640 quam
1258 1606 1327 1628 non
1363 1595 1459 1627 recte
1486 1590 1671 1635 scripserit
1698 1590 1747 1622 Io.
1776 1589 1843 1622 Do-

86 1661 194 1702 riyny
219 1657 253 1692 S.
282 1657 336 1692 J.:
375 1656 445 1698 „La
477 1655 580 1689 Diete
616 1657 715 1688 etant
744 1681 750 1687 .
776 1681 782 1686 .
809 1681 815 1687 .
843 1651 1026 1692 terminee‚
1062 1649 1171 1684 Natal
1206 1648 1268 1692 qui
1303 1647 1402 1681 avoit
1436 1645 1538 1679 ordre
1574 1643 1620 1678 du
1655 1642 1745 1676 Pere
1780 1641 1845 1676 Ge-

88 1711 200 1753 neral,
236 1711 279 1745 de
305 1710 395 1744 faire
428 1709 463 1743 la
490 1708 597 1742 visite
633 1708 695 1741 des
721 1706 880 1741 Maisons
907 1716 975 1748 que
1000 1715 1041 1738 sa
1067 1702 1285 1747 Compagnie
1312 1699 1410 1734 avoit
1442 1710 1485 1732 en
1512 1697 1734 1739 Allemagne,
1770 1694 1846 1740 pria

91 1764 256 1799 Canisius
291 1763 333 1797 de
359 1763 419 1807 l'y
445 1772 706 1806 accompagner
734 1788 739 1794 .
761 1787 767 1793 .
788 1773 815 1793 .:
849 1758 874 1792 il
908 1758 942 1792 le
976 1757 1018 1791 fit
1046 1783 1051 1789 .
1075 1784 1079 1789 .
1100 1783 1107 1789 .
1144 1757 1199 1788 Au
1226 1755 1310 1788 bout
1345 1753 1388 1786 de
1415 1753 1541 1796 quatre
1568 1761 1613 1784 ou
1639 1750 1721 1792 cinq
1746 1747 1846 1786 mois,

91 1818 199 1853 Natal
234 1820 334 1851 aiant
359 1816 433 1861 pris
459 1815 491 1849 le
518 1814 658 1849 chemin
686 1814 728 1847 de
754 1813 775 1846 l'
793 1811 975 1851 Autriche,
1002 1814 1150 1844 renvo'i'a
1178 1807 1343 1842 Canisius
1370 1806 1459 1840 dans
1484 1816 1524 1838 sa
1557 1802 1750 1837 Provinc&
1783 1800 1848 1841 (La

91 1872 158 1906 Vie
184 1871 230 1905 du
256 1869 445 1904 Reverend
471 1868 561 1902 Pere.
588 1867 710 1901 Pierre
737 1866 912 1906 Canisius‚
940 1864 1042 1898 Paris
1070 1862 1171 1903 1707,
1198 1860 1415 1903 278—279).
1467 1856 1676 1900 Dorignium
1703 1856 1848 1889 secutus

92 1930 148 1959 est
185 1925 323 1969 Python
359 1923 398 1966 (l.
426 1934 455 1957 c.
489 1921 692 1963 236—237)
734 1923 769 1953 et
808 1918 927 1962 aliqua
966 1917 1102 1951 ratione
1142 1916 1250 1949 etiam
1287 1915 1388 1947 Riess
1426 1911 1463 1954 (l.
1491 1922 1519 1945 c.
1553 1909 1621 1944 358
1648 1907 1747 1948 359).
1799 1908 1849 1940 Ac

93 1981 207 2013 Boero
233 1978 275 2011 de
293 1976 422 2011 Natale
450 1977 592 2009 narrat:
625 1974 760 2016 „Invito
788 1972 811 2006 il
831 1971 972 2006 Canisio
999 1970 1041 2004 ad
1070 1967 1369 2013 accompagnarlo
1395 1965 1490 1999 nella
1509 1964 1617 1998 visita
1645 1962 1700 1996 dei
1715 1960 1849 2004 Collegi

93 2031 187 2066 della
212 2042 277 2065 sua
302 2028 506 2075 provincia:
544 2040 562 2061 e
592 2028 616 2061 il
643 2026 852 2061 sant’uomo
879 2051 886 2058 .
915 2052 921 2058 .
951 2051 957 2058 .
994 2024 1200 2057 acconsenti
1236 2021 1271 2055 di
1297 2019 1390 2054 buon
1417 2018 1527 2062 grado
1555 2044 1561 2051 .
1591 2044 1597 2050 .
1626 2043 1632 2049 .
1661 2014 1853 2049 Andarono·

94 2084 268 2119 amendue
294 2083 584 2128 primieramente
611 2092 630 2114 a
649 2079 795 2122 Dilinga
814 2105 820 2112 .
842 2105 848 2111 .
870 2091 897 2111 .:
925 2077 998 2110 indi
1024 2087 1219 2121 passarono
1247 2073 1291 2108 ad
1317 2071 1513 2116 Ingolstad,
1541 2081 1560 2103 a
1588 2069 1735 2103 Monaco
1762 2078 1780 2100 e
1807 2066 1849 2101 ad

95 2137 269 2182 Inspruch
297 2164 304 2171 .
324 2164 331 2170 .
353 2163 360 2170 .
386 2135 440 2168 Ito
466 2135 524 2179 poi
551 2134 575 2167 il
601 2132 731 2167 Natale
757 2131 828 2166 alla
855 2130 964 2164 visita
991 2129 1046 2163 dei
1073 2128 1210 2172 Collegi
1237 2126 1317 2161 dell'
1333 2124 1490 2163 Austria,
1519 2123 1556 2156 fu
1584 2122 1761 2156 chiam-ato
1789 2148 1794 2153 .
1816 2147 1821 2153 .
1845 2148 1849 2152 .

95 2191 120 2225 il
147 2191 185 2225 P.
214 2189 356 2224 Canisio
382 2187 477 2222 nella
504 2187 654 2221 Svevia“
685 2188 751 2220 etc.
781 2184 882 2229 (Can.
909 2182 1008 2226 306).

219 2323 229 2343 ¹
255 2321 345 2355 Vide
371 2330 479 2364 supra
506 2330 538 2363 p.
556 2317 636 2351 216.

217 2383 229 2401 ²
257 2378 480 2414 Francofurti
508 2377 551 2411 ad
577 2376 744 2410 Moenum
772 2375 800 2408 is
827 2373 971 2407 futurus
997 2374 1074 2406 erat
1101 2369 1384 2412 Quadragesima
1412 2367 1494 2401 anni
1524 2365 1623 2399 1567.

219 2442 231 2461 ³
257 2441 295 2474 P.
316 2440 462 2473 Petrum
490 2437 667 2470 Busaeum
697 2433 755 2478 (de
781 2444 851 2477 quo
878 2433 1022 2466 Hansen
1050 2430 1073 2466 l.
1092 2441 1120 2464 c.
1149 2428 1365 2469 781—784).

218 2502 229 2520 ⁴
257 2498 422 2534 Canisius
457 2496 640 2530 cantiones
674 2492 898 2536 germanicas
935 2491 969 2524 in
1003 2490 1167 2534 ipsismet
1203 2487 1366 2522 ecclesiis
1401 2494 1653 2527 nonnunquam
1689 2479 1854 2525 usurpari

99 2554 266 2598 cupiebat
305 2554 413 2595 atque
450 2550 543 2583 hanc
585 2558 750 2589 ⁷,causam
789 2545 903 2590 piam⁴⁴
947 2546 984 2577 et
1021 2555 1051 2577 a.
1088 2541 1322 2576 1561—1564
1358 2540 1542 2582 Augustae
1581 2548 1599 2569 e
1638 2532 1855 2569 cathedralis

100 2607 274 2642 ecclesiae
311 2616 414 2639 sacro
451 2603 638 2645 suggestu,
678 2602 722 2640 et,
760 2602 798 2632 ut
834 2597 988 2637 videtur,
1024 2596 1165 2630 a.1567
1202 2593 1369 2635 Dilingae
1404 2592 1438 2625 in
1475 2590 1684 2624 dioecesana
1719 2587 1855 2631 synodo

101 2660 271 2703 urgebat3
299 2659 380 2692 vide
411 2658 497 2691 Can.
527 2654 573 2688 lIl
601 2652 808 2691 650—652;
836 2651 886 2684 IV
911 2649 1108 2685 889—891.
1159 2646 1325 2682 Coloniae
1356 2647 1475 2679 autem
1503 2640 1655 2677 saeculis
1683 2639 1794 2673 XVII.
1823 2640 1858 2672 et

101 2712 233 2747 XVIII.
284 2710 396 2745 Sociis
431 2707 639 2743 curantibus
675 2705 732 2739 vel
767 2703 977 2738 iuvantibus
1008 2701 1153 2747 plurimi
1193 2697 1450 2742 „Psalterioli“.
1489 2693 1740 2737 „Psiilterleiffl
1780 2692 1857 2725 sive

102 2766 239 2812 piarum
267 2764 470 2799 cantionum
506 2764 581 2795 tum
608 2759 811 2798 latinarum,
847 2759 922 2790 tum
949 2755 1235 2799 germanicarum
1271 2751 1382 2786 libelli
1420 2751 1453 2783 in
1490 2749 1604 2782 lucem
1631 2745 1855 2791 prodierunt;

103 2820 185 2853 vide
205 2817 465 2860 Sommervoyel,
494 2814 581 2849 Bibl.
602 2812 650 2846 IV
668 2812 756 2851 29&
784 2810 831 2843 IX
858 2810 938 2843 475.
982 2808 1148 2842 Fortasse
1175 2806 1285 2849 igitur
1303 2805 1411 2838 etiam
1438 2803 1471 2836 iu
1499 2800 1631 2835 libellis
1654 2798 1856 2833 cantionum

103 2871 330 2916 germanicis,
366 2870 425 2914 qui
452 2867 594 2903 saeculo
623 2865 716 2899 XVI.
744 2863 909 2899 Coloniae
936 2861 1021 2895 editi
1048 2863 1131 2895 sunt
1160 2859 1278 2901 (wilh.
1307 2857 1497 2896 Bazcmlcer,
1534 2854 1607 2887 Das
1633 2850 1858 2886 katholische

105 2924 276 2960 deutsche
294 2921 523 2957 Kirchenlied
550 2921 584 2954 in
611 2918 733 2953 seinen
753 2915 974 2959 Singweisen
994 2914 1019 2954 I,
1045 2913 1219 2954 Freiburg
1247 2911 1267 2944 i.
1288 2911 1345 2943 ΒΓ.
1364 2909 1464 2947 1886,
1483 2906 1639 2949 68-75)
1668 2904 1858 2939 eorundem

105 2978 287 3012 Sociorum
322 2987 428 3021 opera
454 2972 670 3009 intercessit.
720 2969 950 3003 vindobonae
977 2978 1008 3000 a.
1030 2966 1118 3000 1569
1147 2964 1237 2998 Socii
1266 2962 1392 2997 diebus
1418 2959 1615 3000 dominicis,
1652 2969 1731 2992 cum
1767 2959 1860 2991 cate·

106 3031 281 3065 chismum
317 3028 549 3074 explicarent,
584 3035 712 3070 pueros
748 3022 942 3055 orationem
980 3019 1202 3057 dominicam,
1239 3014 1492 3049 salutationem
1518 3011 1729 3055 angelicam,
1765 3021 1860 3054 sym-

106 3083 223 3117 bolum
250 3080 486 3127 apostolicum
512 3077 715 3122 germanice
735 3077 878 3109 cantare
904 3071 1075 3106 iubebant
1095 3070 1228 3112 (Dukr,
1249 3069 1323 3103 Jes.
1344 3067 1355 3100 Ι
1376 3064 1596 3108 455-456);
1623 3067 1659 3098 et
1677 3062 1860 3096 Leonardo

108 3135 234 3169 Kessel
272 3135 439 3169 Cani-<sius
473 3132 617 3174 Diliuga
654 3130 707 3164 18.
737 3127 824 3161 lunii
854 3125 943 3159 1569
979 3123 1142 3167 scripsit:
1182 3121 1344 3164 „Lubens
1375 3119 1496 3152 videro
1533 3116 1789 3152 catechismum
1827 3115 1860 3147 in

108 3188 257 3222 rithmos
282 3187 477 3227 redactum,
504 3196 608 3229 quern
635 3183 739 3217 audio
766 3180 884 3225 pueris
910 3179 954 3212 ad
981 3176 1197 3211 cantandum
1224 3173 1390 3219 proponi‘⁵
1423 3173 1585 3213 (Hansen
1612 3169 1801 3209 1.c.569).
