2045 3471
194 207 277 247 714
575 204 670 238 Mon.
691 204 759 239 784
784 204 862 238 sive
888 204 961 248 ing.
983 205 1050 248 (1).
1093 204 1256 239 Exeunte
1283 216 1328 239 m.
1347 204 1449 239 Febr.
1472 205 1573 240 1565.

188 323 351 365 benche
393 336 513 365 come
555 337 608 365 ne
631 323 683 366 V.
716 324 768 366 R.
802 338 856 366 ne
896 324 926 366 il
970 324 1110 366 Padre
1142 323 1312 365 Canisio
1353 337 1438 365 non
1478 323 1610 365 fanno
1652 324 1870 366 mentione
1912 324 1953 366 di

188 387 369 430 lettione
401 387 556 430 alcuna
579 388 620 430 di
642 388 933 443 Philosophia,
969 390 992 430 ό
1016 388 1266 441 Theologia‚
1300 388 1516 430 crediamo
1538 388 1724 430 habbino
1746 402 1953 442 persuaso

188 452 231 494 al
252 452 630 495 Reuerendissimo
654 453 853 496 Vescouo
887 454 965 495 che
998 453 1063 496 sia
1094 453 1254 507 meglio
1286 467 1365 507 per
1396 453 1550 495 adesso
1583 453 1841 495 cominoiare
1874 468 1952 496 con

188 517 329 570 questi
362 517 494 571 studij
528 517 570 559 di
602 518 759 561 lettere
792 518 978 561 humane
1011 533 1131 560 come
1164 520 1249 571 qua
1281 519 1319 559 ci
1351 532 1515 572 pareua
1547 518 1842 561 conueniente.

307 603 490 638 Canisium
516 605 552 638 in
578 605 646 639 hac
672 605 961 650 peregrinatione
987 605 1168 639 Friderioo
1196 605 1363 650 episcopo
1389 604 1641 649 herbipolensi,
1673 605 1831 650 acceptis
1857 616 1953 639 man-

187 656 282 691 datis
309 657 342 691 S.
370 657 424 691 Pii
451 657 506 699 V.,
543 659 813 693 commendasse
839 660 948 703 atque
976 659 1083 692 etiam
1110 658 1345 703 persuasisse,
1381 660 1422 691 ut-
1446 660 1598 699 mature,
1634 658 1860 701 adiungendo
1886 657 1953 692 sibi

188 710 442 753 coadiutorem,
471 711 566 745 viam
593 711 761 746 catholici
788 712 945 756 episcopi
972 712 1052 752 sibi,
1080 723 1158 745 cum
1180 711 1256 745 vita
1282 711 1463 752 cessisset,
1491 711 1695 745 sufficiendi
1721 711 1952 756 prospiceret,

185 763 346 797 affirmat
372 765 581 807 Sacchz‘nus,
617 764 703 799 Can.
730 765 817 805 2433
855 777 961 809 quem
997 765 1123 799 deinde
1160 765 1274 799 secuti
1310 767 1397 799 sunt
1423 766 1588 808 Doriqny
1614 764 1654 807 (l.
1681 776 1710 799 c.
1736 764 1953 807 288—289).

186 817 323 860 Python
345 816 383 859 (l.
399 829 428 852 c.
444 818 661 861 243-244)‚
693 819 784 852 Oddzss
803 818 841 862 (l.
858 830 887 852 c.
905 818 1120 862 188-189),
1147 819 1249 852 Βὶθεε
1265 818 1304 861 (l.
1320 830 1349 852 c.
1366 817 1463 861 363),
1483 819 1597 852 Boero
1615 817 1716 860 (Can.
1735 817 1952 860 311—312)‚

188 870 318 914 Se'yuin
349 870 386 913 (l.
407 882 435 904 c.
458 870 553 914 197),
584 872 719 905 Garcia
739 871 779 915 (l.
799 883 829 906 c.
849 871 1067 916 262-263),
1095 873 1174 905 Alet
1203 871 1241 914 (l.
1261 883 1291 905 c.
1311 871 1410 914 219).
1452 871 1501 904 At
1527 871 1691 915 pontifex
1717 871 1760 904 de
1787 871 1952 916 episcopo

187 925 475 966 argentoratensi
499 923 589 958 haec
615 924 813 964 mandavit,
848 937 917 958 non
945 925 988 958 de
1014 924 1277 969 herbipolensi;
1314 925 1397 958 vide
1423 935 1532 969 supra
1558 936 1591 968 p.
1618 924 1685 958 421
1715 924 1793 958 513.
1845 925 1896 958 Ac
1922 923 1953 957 si

188 974 354 1009 Canisius
372 976 429 1010 vel
458 977 492 1010 in
520 989 560 1010 eo
587 977 725 1018 itinere,
754 977 811 1011 vel
839 977 908 1011 alio
935 977 1095 1022 quolibet
1121 978 1204 1012 anni
1233 978 1322 1012 1567
1349 979 1510 1022 tempore
1537 988 1618 1011 cum
1645 977 1812 1021 episcopo
1837 976 1952 1011 herbi-

188 1027 325 1072 polensi
352 1041 393 1062 ea
412 1029 455 1063 de
482 1041 519 1063 re
547 1030 693 1073 egisset,
720 1034 817 1065 certe
845 1031 878 1064 in
906 1030 1071 1075 epistulis
1098 1031 1141 1065 ab
1168 1031 1244 1076 ipso
1264 1033 1299 1065 et
1325 1042 1345 1065 a
1366 1031 1434 1065 ΡΡ,
1457 1029 1573 1064 Vinck
1601 1032 1637 1064 et
1654 1030 1784 1064 Natale
1802 1030 1951 1063 Romam

188 1076 309 1109 missis
335 1076 456 1120 aliqua
482 1077 570 1111 facti
597 1079 729 1112 mentio
756 1079 854 1112 facta
881 1080 988 1112 esset.

308 1158 362 1194 Ad
386 1157 661 1205 herbipolensia
686 1159 774 1195 haee
800 1161 1033 1196 monumenta
1068 1159 1193 1205 aliqua
1228 1158 1373 1196 ratione
1409 1159 1580 1206 spectant
1615 1157 1729 1194 etiam
1764 1167 1858 1194 mon.
1886 1157 1951 1194 732

191 1211 258 1247 760
285 1211 350 1247 762
376 1211 435 1247 819
462 1212 523 1248 891
549 1212 621 1248 910.

1052 1336 1098 1378 Ε.

319 1429 773 1473 ΜθΝἩΜΕΝΤΑ
806 1430 1489 1473 INGOLSTADIENSIA
1523 1429 1820 1472 CANISII.

191 1532 298 1569 784
323 1535 401 1568 sive
428 1532 539 1578 ing.
560 1534 651 1579 (1).
727 1533 894 1569 Exeunte
920 1544 966 1569 m.
985 1533 1188 1570 Februario
1214 1533 1308 1569 1565.

308 1609 363 1643 Ex
390 1610 624 1655 autographo.
679 1611 742 1653 „G.
770 1611 922 1655 Ep.V1“
953 1611 978 1645 f.
998 1612 1052 1645 74.

311 1681 479 1714 Caluisius
494 1682 705 1723 [wolstadtz'
722 1683 862 1724 colleyio
881 1683 922 1715 de
937 1683 1088 1724 famulis
1099 1683 1287 1725 pr0¹ridet,·
1305 1683 1394 1715 duos
1409 1683 1546 1724 fratres
1562 1682 1785 1715 scholasticos
1802 1681 1951 1715 Romam

189 1735 296 1767 mittit
305 1746 317 1775 ,·
343 1735 529 1768 consilium
552 1735 682 1777 probat
707 1736 867 1778 rectoris,
894 1737 956 1779 qui
982 1736 1079 1778 apud
1104 1736 1223 1769 ducem
1251 1735 1346 1777 effici
1363 1737 1469 1778 cupit,
1498 1739 1535 1768 ut
1554 1735 1721 1768 Societati
1740 1745 1810 1778 pro
1833 1734 1951 1767 schola

187 1788 393 1821 litterarum
415 1798 627 1831 yraecarum
652 1789 770 1822 schola
794 1789 964 1831 physicae
1000 1790 1036 1821 ins
1062 1789 1291 1822 universitate
1315 1789 1488 1821 tradatur
1495 1800 1509 1830 ;
1543 1789 1844 1832 conyreqatz'onem
1868 1798 1952 1830 pro-

188 1841 373 1874 vincialem
398 1841 509 1875 hahet.

308 1914 356 1955 P.
388 1914 669 1955 leeodoriczcs
693 1914 892 1956 Caluisius
915 1915 958 1956 S.
975 1915 1032 1966 J„
1058 1919 1191 1956 rector
1213 1915 1371 1969 colleyz'i
1391 1914 1746 1968 inyolstadiensis,
1779 1915 1850 1954 25.
1870 1913 1949 1955 Fe-

188 1978 358 2019 hrum-iz·
399 1980 513 2020 1565
556 1980 735 2020 Romam
777 1980 834 2020 ad
874 1980 1075 2021 Sanctum
1117 1979 1396 2020 Francisoum
1439 1979 1490 2019 de
1530 1978 1690 2033 Boryz'a
1731 1978 1951 2019 Societatis

186 2044 391 2084 vicarium
434 2045 669 2098 grener-alem
711 2045 901 2099 scripsit:
943 2045 1147 2086 Hercules
1178 2044 1440 2085 Ditrevensis
1478 2042 1619 2096 frater
1659 2044 1794 2083 laicus
1835 2041 1950 2093 (vide

190 2108 294 2149 Can.
318 2108 391 2149 IV
407 2109 513 2157 794)
546 2108 745 2150 discessit
777 2122 802 2150 a
835 2108 958 2150 nobis
984 2144 990 2150 .
1017 2144 1025 2151 .
1052 2143 1060 2151 .
1086 2111 1130 2150 et
1161 2107 1412 2150 insalutatis
1445 2107 1618 2160 quidem
1651 2106 1859 2149 omnibus.
1881 2142 1888 2148 .
1911 2142 1917 2148 .
1940 2141 1948 2148 .

186 2171 291 2214 Post
322 2172 435 2214 hunc
467 2172 688 2215 Conradus
721 2187 897 2226 coquus,
942 2174 1014 2226 qui
1047 2187 1072 2215 a
1105 2173 1219 2215 votis
1252 2172 1501 2214 iamdudum
1534 2172 1758 2213 absolutus
1790 2171 1947 2217 fuerat.

185 2239 230 2279 et
261 2238 508 2290 probandus
532 2238 669 2279 denuo
704 2238 786 2279 huc
819 2238 975 2280 missus
1009 2240 1146 2288 erat1‚
1181 2238 1235 2280 ad
1268 2237 1430 2279 amicos
1452 2236 1660 2279 redeundi
1691 2236 1947 2278 facultatem

186 2302 311 2355 petiJ't
344 2305 388 2344 et
420 2302 686 2356 impetrauit,
719 2317 804 2344 non
838 2303 951 2344 enim
985 2303 1145 2345 diutius
1177 2302 1451 2345 tolerandam
1473 2300 1645 2355 putauit
1667 2301 1947 2342 Reuerendus

184 2369 309 2419 pater
325 2367 601 2420 prouincialis
612 2369 640 2417 2,
664 2369 931 2410 saecularem
951 2368 1042 2409 eius
1062 2367 1234 2409 viuendi
1251 2367 1478 2409 rationem.
1512 2367 1539 2408 J
1543 2381 1569 2407 n
1591 2367 1742 2407 horum
1767 2365 1947 2407 duorum

184 2431 324 2472 locum
360 2430 723 2487 [substituit]⁸[?]
758 2433 1039 2474 Reuerendus
1072 2447 1111 2486 p.
1136 2431 1428 2487 prouincialiS,
1472 2431 1578 2473 duos
1610 2431 1744 2472 bonos
1775 2444 1946 2484 pueros,

185 2495 256 2548 qui
287 2497 607 2549 praedictorum
639 2497 779 2538 locum
804 2500 1023 2550 vtcunque
1054 2497 1097 2538 in
1132 2496 1326 2539 externis
1357 2496 1577 2538 laboribus
1611 2492 1945 2549 [explent]⁸[?]‚

184 2574 268 2601 non
302 2564 402 2603 sunt
434 2562 494 2603 illi
518 2562 658 2604 adhuc
682 2562 929 2613 Societatis,
963 2562 1039 2604 sed
1060 2562 1118 2616 pij
1141 2564 1288 2604 tamen
1311 2563 1412 2603 sunt
1435 2562 1480 2602 et
1503 2561 1556 2603 ad
1580 2560 1722 2602 omnia
1745 2559 1945 2613 prompti,

185 2625 384 2667 Alterum
425 2641 500 2667 suo
534 2630 730 2680 tempore
765 2625 874 2681 [in]³
907 2627 1169 2670 Societatem
1210 2626 1324 2668 forte
1356 2626 1647 2668 admittemus.
1710 2625 1775 2666 De
1807 2624 1946 2666 altero

186 2689 358 2730 dubium
392 2693 459 2732 est
491 2693 670 2745 propter
702 2692 999 2734 infirmitatem
1033 2706 1088 2733 ex
1120 2695 1245 2745 parte
1278 2690 1590 2743 contagiosam,
1630 2703 1714 2741 qua
1746 2689 1945 2730 laborare

185 2756 376 2806 putatur.
441 2756 595 2797 Sumus
636 2770 740 2809 ergo
782 2771 877 2798 cum
919 2756 1035 2798 hisce
1078 2756 1242 2797 duobus
1281 2754 1426 2809 pueris
1467 2768 1579 2796 nunc
1620 2752 1787 2806 viginti,
1829 2753 1943 2794 Nam

187 2818 292 2859 duos
325 2819 433 2860 alios
464 2820 745 2862 Reuerendus
787 2823 914 2874 pater
953 2820 1233 2874 prouincialis
1266 2834 1321 2861 ex
1352 2818 1508 2861 Medici
1541 2822 1585 2861 et
1616 2819 1787 2872 patrum
1820 2817 1945 2859 huius

187 2882 362 2936 Collegij
395 2883 550 2925 iudicio
573 2885 886 2927 nudiustertius
918 2886 960 2926 in
984 2886 1145 2927 Vrbem
1180 2884 1413 2937 ablegauit,
1447 2883 1644 2924 nimirum
1669 2881 1944 2924 charissimos

305 2968 333 2997 a)
354 2969 473 3000 Azctoyr.
494 2971 654 2995 laceratum
675 2974 734 3001 θεῖ,-
754 2979 855 3001 quare,
874 2972 1017 3002 quodnam
1038 2979 1062 2995 v.
1083 2971 1128 2995 hic
1146 2971 1285 3002 scriptum
1306 2971 1355 3001 sit,
1374 2969 1502 3001 cognosci
1521 2977 1576 2993 non
1592 2971 1693 3000 potest.

311 3073 319 3091 ¹
349 3074 551 3114 „conradus
587 3075 806 3109 Germanus“
836 3077 1034 3119 significari
1060 3077 1213 3117 videtur,
1250 3076 1309 3119 qui
1345 3087 1375 3109 a.
1406 3075 1496 3109 1562
1532 3074 1643 3108 Roma
1680 3073 1724 3107 ad
1758 3072 1940 3106 Canisium

191 3122 332 3165 missus,
359 3124 558 3169 Oeniponte
585 3138 736 3170 coquum
764 3128 882 3170 egisse
908 3129 1051 3162 videtur
1080 3130 1185 3171 (Can.
1213 3128 1264 3161 ΠΙ
1291 3128 1359 3163 398
1384 3127 1503 3170 416⁵).

308 3175 320 3195 ‘²
346 3176 475 3211 Petrus
501 3178 676 3220 Canisius,
704 3181 909 3224 provinciae
936 3181 1151 3215 Germaniae
1176 3180 1370 3225 superioris
1396 3180 1632 3224 praepositus.
