2045 3471
197 206 280 246 256
365 201 466 236 1319.
495 199 658 235 Canisius
685 198 719 233 S.
737 198 927 232 Francisco
954 198 996 232 de
1022 197 1164 240 Borgia.
1207 196 1373 238 Augusta
1390 194 1495 229 Vind.
1520 194 1553 228 5.
1570 193 1656 228 Maii
1684 193 1785 227 1566.

189 322 399 376 perlonga
431 322 475 362 et
508 317 673 360 difficili
704 317 1057 372 peregrinatione
1089 315 1132 357 in
1165 314 1401 364 Poloniam‚
1444 312 1680 362 Boemiam‚
1713 310 1951 359 Austriam,

191 385 461 439 Hungariam
495 397 645 437 usque,
679 397 758 424 nec
789 382 882 436 ipse
914 381 1042 423 ualde
1075 380 1205 434 cupit,
1243 393 1322 421 nec
1355 392 1436 430 ego
1469 377 1631 430 absque
1663 375 1853 431 periculo
1886 374 1954 415 fu-

190 455 336 494 turum
379 463 474 491 esse
514 451 633 503 puto.
695 447 792 489 Nisi
832 446 1065 488 firmiorem
1105 445 1266 487 habeat
1307 442 1623 492 valetudinem,
1668 441 1767 482 11111ιλ
1806 438 1955 494 paucis

193 514 387 568 collegijs
409 513 639 556 uisitandis
662 512 928 554 suffecturus
960 510 1145 552 uidetur.
1190 508 1399 558 Quocirca
1421 506 1614 549 securius
1638 506 1827 548 arbitror
1848 504 1954 554 fore,

194 584 243 623 vt
275 579 425 634 optimi
458 579 602 620 Patris
634 576 874 620 ualetudini
908 575 1126 617 curandae
1159 573 1297 616 omnis
1331 573 1457 614 detur
1489 585 1633 625 opera,
1673 572 1717 612 et
1748 568 1954 618 uisitatiO,

195 659 305 699 quae
339 658 495 698 corpus
537 646 755 695 utcunque
796 642 1022 683 robustum
1054 638 1247 692 requirit,
1289 638 1333 679 in
1368 640 1540 691 tempus
1573 635 1689 677 aliud
1721 634 1956 687 reijciatur.

197 711 255 752 Et
284 709 400 751 haud
432 708 532 759 8010,
577 722 630 750 an
664 707 722 750 sit
754 720 912 761 operae
955 704 1142 759 pretium
1174 704 1220 746 P.
1245 704 1296 746 V.
1330 702 1480 744 literas
1521 700 1589 742 1110
1634 701 1879 754 expectare,
1922 698 1958 739 si

197 774 481 817 commoditas
512 772 599 814 illib
640 772 755 814 forte
797 771 852 813 ad
893 784 1029 823 aquas
1070 769 1168 810 illas
1210 766 1395 810 abeundi
1437 766 1627 808 daretur.
1690 764 1958 816 Quamquam

196 840 305 882 satis
338 838 556 892 prouideo,
603 851 687 878 non
718 836 838 878 illum
872 849 925 877 ex
958 836 1038 876 hac
1071 832 1289 888 prouintia
1321 832 1624 879 discessurum,
1666 828 1748 871 nisi
1780 831 1958 882 accepto

198 919 253 946 ex
286 903 404 945 Vrbe
448 915 655 955 responso
700 901 747 944 P.
781 900 834 942 V.
881 913 990 952 quae
1034 897 1315 953 proculdubio
1359 896 1555 938 consulet
1600 894 1716 936 illius
1766 891 1958 941 sanitati,

196 971 245 1011 vt
286 970 440 1021 postea
480 969 714 1018 utcumque
757 978 836 1019 per
866 964 948 1006 Dei
993 963 1181 1017 gratiam
1228 964 1273 1004 et
1316 974 1455 1014 aquae
1501 960 1643 1001 dictae
1686 957 1962 1000 beneficiumc

203 1033 447 1082 restitutus,
491 1030 675 1080 Christo,
718 1029 799 1071 sibi
832 1032 876 1071 et
908 1028 1108 1070 societati
1141 1029 1316 1069 nostrae
1349 1025 1508 1068 diutius
1540 1023 1749 1066 inseruire
1782 1036 1832 1064 ac
1862 1035 1962 1076 pro-

203 1098 327 1139 desse
359 1096 510 1151 possit.

321 1168 380 1209 Vt
422 1167 476 1209 ad
518 1165 705 1208 Comicia
737 1165 922 1214 veniam,
965 1177 1077 1206 nunc
1122 1163 1164 1204 in
1205 1162 1271 1204 his
1312 1161 1542 1216 plurimum
1580 1159 1818 1209 scribimus,
1862 1171 1964 1198 con-

203 1233 428 1283 sultamus,
463 1231 687 1281 currimus,
721 1231 982 1280 laboramus,
1016 1228 1207 1280 nihilque
1239 1227 1361 1269 nobis
1384 1226 1459 1278 otij
1493 1227 1691 1279 superest
1713 1223 1768 1265 ad
1799 1222 1965 1274 reliqua

204 1298 407 1340 curanda.
461 1296 569 1346 Quid
602 1296 715 1350 apud
737 1292 1069 1338 Lactantiumdl
1101 1292 1213 1334 effici
1242 1294 1286 1334 et
1317 1290 1464 1346 profici
1498 1290 1647 1345 possit,
1680 1288 1868 1330 nondum
1900 1287 1965 1328 in-

205 1362 454 1415 telligimus.
518 1362 665 1404 Fidem
707 1360 971 1403 Catholicam
1018 1359 1060 1400 in
1102 1371 1261 1411 genere
1302 1358 1578 1411 profitemur:
1621 1354 1697 1396 sed
1736 1353 1780 1394 in
1823 1351 1966 1405 specie

209 1427 335 1469 fidem
368 1430 413 1469 et
445 1427 650 1480 dogmata
683 1425 856 1478 Concilij
890 1423 1131 1466 Tridentini
1161 1422 1354 1477 profiteri
1387 1435 1538 1463 saxum
1573 1422 1640 1462 est
1669 1418 1822 1471 ingens
1855 1416 1967 1470 quod

210 1493 412 1543 uoluitur,
447 1495 491 1535 et
522 1491 750 1541 nescimus,
785 1504 868 1543 quo
891 1493 1018 1544 pacto
1041 1487 1283 1543 promoueri
1313 1486 1462 1541 possit,
1497 1485 1609 1539 quod
1631 1497 1803 1526 mouere
1825 1481 1968 1536 coepi-

212 1572 318 1600 111118.
383 1558 628 1600 Difficultas
661 1555 910 1610 principalis
942 1554 986 1596 in
1019 1568 1068 1596 eo
1102 1556 1314 1603 versatur,
1350 1554 1557 1604 quantum
1591 1549 1646 1591 sit
1678 1548 1785 1591 satis
1818 1548 1871 1590 ab
1902 1546 1968 1588 his

213 1622 404 1675 aegrotis
436 1623 682 1676 impetrare,
718 1635 825 1674 quos
857 1620 892 1662 si
924 1619 1095 1661 omnino
1129 1618 1183 1660 ad
1215 1616 1443 1659 firmiorem
1476 1617 1638 1658 statum
1671 1627 1860 1666 nequeas
1893 1611 1969 1654 ad-

214 1687 382 1737 ducere,
425 1690 572 1729 tamen
604 1687 714 1728 nolis
747 1685 954 1727 occidere.
1018 1683 1249 1726 Concilium
1283 1682 1363 1724 hoc
1396 1683 1643 1735 optaremus
1685 1679 1845 1720 diserte
1877 1675 1970 1730 qui-

216 1753 310 1793 dem
344 1752 411 1794 1110
444 1752 689 1806 approbari,
724 1751 799 1792 sed
831 1751 867 1792 si
899 1751 979 1792 hoc
1002 1749 1196 1792 obtinere
1231 1761 1314 1789 non
1347 1760 1587 1800 possumus,
1621 1745 1864 1786 desertores
1886 1742 1970 1783 Re-

215 1817 387 1870 ligionis
431 1817 670 1859 Germanos
711 1815 994 1870 protestando
1040 1815 1199 1863 facere,
1244 1815 1289 1854 et
1332 1811 1592 1853 infirmos
1632 1809 1683 1851 in
1724 1808 1868 1850 fide‘2
1910 1806 1971 1848 sic

216 1882 407 1935 reijcere,
451 1896 536 1923 non
576 1881 674 1923 huic
716 1880 886 1933 quidem
926 1878 1113 1933 tempori
1150 1879 1484 1919 consentaneum
1527 1874 1800 1916 arbitramur.
1864 1870 1972 1920 Quid

218 1944 409 2001 postulet
441 1947 711 1989 Ausonius*
743 1944 1037 1998 intelligimus,
1080 1943 1150 1986 uts
1179 1956 1281 1984 uero
1315 1940 1523 1983 admoniti
1555 1942 1599 1982 et
1630 1938 1972 1992 tergiuersantes

216 2012 367 2054 statim
409 2012 512 2053 dure
553 2012 822 2065 plectantur,
866 2013 996 2062 atque
1037 2008 1097 2050 810
1138 2007 1313 2049 maior
1352 2006 1395 2048 in
1437 2006 1516 2047 hac
1558 2008 1683 2058 parte
1725 2002 1973 2045 scissura

217 2077 366 2127 fiat4‚
400 2073 485 2119 non
517 2079 622 2131 puto
656 2089 751 2117 esse
784 2075 1065 2116 suadendum.

335 2149 460 2191 Certe
492 2161 570 2189 nos
601 2147 669 2189 hic
700 2146 810 2188 male
842 2145 1038 2188 audimus
1062 2143 1175 2198 apud
1197 2141 1493 2191 Caesarianos,
1526 2140 1646 2181 uelut
1667 2140 1842 2180 nostrae
1874 2151 1973 2191 pro-

217 2213 418 2255 fessionis
441 2212 576 2262 obliti,
611 2226 807 2254 curemus
839 2210 1022 2265 publica,
1058 2222 1168 2262 quae
1200 2207 1305 2249 nihil
1329 2207 1382 2248 ad
1406 2220 1484 2247 nos
1507 2205 1736 2247 attineant.
1787 2202 1828 2244 Si
1861 2202 1974 2243 forte

218 2282 262 2321 et
292 2278 420 2321 isthic
452 2292 537 2319 11011
569 2278 807 2331 probentur
830 2275 1009 2317 consilia
1031 2276 1194 2323 nostra,
1229 2272 1403 2326 grauior
1436 2271 1566 2313 etiam
1601 2268 1785 2311 conditio
1818 2267 1931 2309 foret
1944 2268 1973 2309 5.

335 2383 363 2413 a)
384 2384 443 2407 Hoc
465 2390 486 2407 r.
507 2391 523 2406 ct
545 2383 573 2407 C.
593 2390 686 2413 supra
708 2388 818 2405 uei-snm
840 2380 1045 2410 scriptumest.
1114 2376 1145 2407 b)
1168 2379 1191 2401 A
1208 2378 1236 2402 C.
1250 2385 1341 2408 snpra
1366 2384 1436 2401 vers.
1457 2375 1607 2406 scriptum.
1672 2372 1698 2404 0)
1719 2373 1748 2396 V.
1767 2378 1888 2402 sequens
1907 2379 1923 2394 α
1946 2372 1974 2396 C.

219 2424 247 2448 in
269 2425 400 2456 margine
421 2424 552 2448 additam
574 2426 623 2448 est.
699 2421 728 2446 d»
750 2422 819 2446 Vide
841 2422 921 2451 iufra
944 2421 1011 2444 wln.
1033 2422 1057 2444 1.
1131 2419 1157 2449 e)
1179 2419 1247 2442 Vide
1271 2419 1351 2448 infra
1373 2417 1440 2441 adn.
1461 2419 1486 2441 3.
1560 2414 1583 2445 f)
1604 2415 1629 2438 A
1651 2414 1678 2438 C.
1699 2420 1772 2437 corr.
1794 2419 1829 2436 ex
1849 2410 1930 2443 quid.

343 2552 352 2571 ¹
380 2552 556 2585 Polanczcs
590 2563 697 2596 super
723 2551 872 2585 verbum
903 2548 1167 2592 „Lactantimffl
1203 2546 1348 2591 scripsit
1382 2541 1694 2589 „imperatore1n“;
1730 2550 1836 2584 quam
1870 2539 1976 2572 inter-

221 2605 457 2649 pretationem
482 2617 606 2638 veram
643 2616 721 2638 esse
758 2615 895 2638 censeo.
948 2602 1001 2636 Ex
1027 2601 1200 2646 proximis
1226 2599 1367 2643 quidem
1394 2597 1515 2631 verbis
1541 2594 1733 2630 conieceris
1759 2592 1977 2625 Fridericum

222 2657 424 2691 ‘Wedanum
451 2658 759 2702 archiepiscopum
786 2656 939 2690 electum
966 2654 1204 2689 coloniensem
1231 2650 1445 2696 significari;
1481 2650 1546 2683 hoc
1573 2648 1665 2681 enim
1691 2649 1850 2689 tempore
1877 2645 1975 2678 Com-

223 2711 418 2744 mendonus
455 2711 508 2744 Pii
534 2711 577 2744 V.
613 2710 784 2744 mandatu
810 2710 997 2751 Augustae
1023 2707 1175 2741 multum
1202 2705 1398 2744 laborabat,
1434 2705 1475 2737 ut
1500 2701 1683 2735 Wedanus
1720 2698 1976 2743 professionem

223 2764 304 2796 fidei
332 2764 562 2798 tridentinam
588 2764 724 2797 faceret
755 2763 922 2806 (Poyiani
947 2760 1130 2805 Epistolae
1150 2759 1199 2793 IV
1218 2758 1416 2792 288—301.
1452 2755 1671 2790 Laclerahz'us
1689 2752 1711 2786 l.
1730 2763 1759 2785 0.
1784 2751 1819 2784 111
1838 2762 1868 2784 a.
1887 2751 1976 2784 1566

225 2828 257 2849 11.
285 2817 364 2850 267.
403 2817 569 2851 δσῘιιυανΞ
594 2817 616 2851 l.
644 2828 673 2851 0.
703 2817 744 2850 16
773 2815 940 2857 22—23).
991 2814 1039 2847 At
1065 2813 1133 2853 hic,
1161 2814 1255 2856 puto,
1283 2823 1303 2844 a
1322 2809 1464 2844 Canisio
1489 2818 1558 2841 non
1584 2810 1721 2839 secreto
1747 2804 1824 2838 sive
1851 2803 1977 2843 alieno,

226 2869 287 2901 sed
323 2880 385 2902 suo
420 2870 560 2903 nomine
586 2869 811 2912 significatus
845 2869 960 2903 esset:
1002 2877 1117 2909 neque
1144 2864 1236 2899 Socii
1271 2862 1454 2905 singulare
1488 2859 1575 2893 illud
1610 2857 1792 2901 negotium
1826 2856 1976 2890 multum

227 2932 371 2953 curasse
399 2922 576 2955 videntur.
721 2922 734 2941 ‘²
760 2921 849 2954 Rom
879 2920 931 2961 14,
962 2920 990 2953 1.

346 2974 358 2992 ³
386 2975 559 3008 Polaneus
573 2985 681 3018 supra
693 2973 759 3008 1100
773 2973 923 3007 verbum
937 2975 1057 3006 notam
1073 2970 1251 3014 quandam
1269 2968 1347 3002 sive
1361 2966 1493 3010 siglum
1507 2963 1636 3009 posuit,
1652 2974 1720 3006 quo
1739 2961 1977 3005 significabat,

228 3024 430 3068 pontificem
456 3026 523 3060 hoc
549 3027 625 3060 loco
645 3027 841 3060 Ausonium
860 3024 992 3059 vocari.
1028 3023 1119 3065 Quid
1145 3023 1178 3057 S.
1198 3022 1284 3055 Pius
1299 3021 1341 3054 V.
1358 3017 1616 3053 Commendono
1635 3015 1870 3055 mandaverit,
1896 3013 1977 3047 vide

229 3087 338 3120 supra
365 3089 395 3121 p.
424 3078 502 3111 252.
646 3080 659 3098 4
684 3079 743 3112 Mc
769 3078 801 3119 2,
828 3078 891 3117 21;
919 3077 964 3111 cf.
994 3077 1008 3110 1
1040 3076 1107 3110 Cor
1136 3077 1188 3116 11,
1218 3075 1275 3114 18;
1303 3073 1357 3106 Mt
1383 3072 1413 3113 9,
1442 3071 1494 3104 16.

350 3130 362 3148 ⁵
389 3130 542 3163 Consilia
578 3131 672 3170 dicit,
709 3131 837 3174 quibus
863 3130 955 3164 Socii
989 3128 1159 3173 impedire
1194 3126 1395 3165 studebant,
1431 3122 1618 3167 quominus
1653 3120 1843 3155 cardinalis
1878 3118 1977 3152 Com-

233 3181 427 3215 mendonus
454 3185 575 3216 contra
601 3183 699 3226 pacis
718 3184 939 3225 augustanae
965 3180 1268 3215 confirmationem
1290 3174 1621 3222 „protestationem“
1642 3174 1760 3207 facere
1778 3172 1976 3209 iuberetur;
