<?xml version="1.0" encoding="UTF-8"?>
<!DOCTYPE html PUBLIC "-//W3C//DTD XHTML 1.0 Transitional//EN"
    "http://www.w3.org/TR/xhtml1/DTD/xhtml1-transitional.dtd">
<html xmlns="http://www.w3.org/1999/xhtml" xml:lang="en" lang="en">
 <head>
  <title>
</title>
<meta http-equiv="Content-Type" content="text/html;charset=utf-8" />
  <meta name='ocr-system' content='tesseract 3.04.00' />
  <meta name='ocr-capabilities' content='ocr_page ocr_carea ocr_par ocr_line ocrx_word'/>
</head>
<body>
  <div class='ocr_page' id='page_1' title='image "beatipetricanisi05cani_0265.png"; bbox 0 0 2077 3461; ppageno 0'>
   <div class='ocr_carea' id='block_1_1' title="bbox 708 203 1824 250">
    <p class='ocr_par' dir='ltr' id='par_1_1' title="bbox 708 203 1824 250">
     <span class='ocr_line' id='line_1_1' title="bbox 708 203 1824 250; baseline -0.01 -10"><span class='ocrx_word' id='word_1_1' title='bbox 708 206 893 250; x_wconf 77' lang='lat' dir='ltr'>Moguntia</span> <span class='ocrx_word' id='word_1_2' title='bbox 921 205 976 239; x_wconf 75' lang='lat'>28.</span> <span class='ocrx_word' id='word_1_3' title='bbox 1000 205 1072 238; x_wconf 86' lang='lat' dir='ltr'>Ian.</span> <span class='ocrx_word' id='word_1_4' title='bbox 1096 204 1194 238; x_wconf 81' lang='lat'>1566.</span> <span class='ocrx_word' id='word_1_5' title='bbox 1743 203 1824 244; x_wconf 79' lang='lat'>179</span> 
     </span>
    </p>
   </div>
   <div class='ocr_carea' id='block_1_2' title="bbox 68 319 1839 2392">
    <p class='ocr_par' dir='ltr' id='par_1_2' title="bbox 68 319 1829 897">
     <span class='ocr_line' id='line_1_2' title="bbox 70 319 1827 377; baseline -0.005 -8"><span class='ocrx_word' id='word_1_6' title='bbox 70 326 374 369; x_wconf 86' lang='lat' dir='ltr'>auctoritatem</span> <span class='ocrx_word' id='word_1_7' title='bbox 414 325 483 367; x_wconf 89' lang='lat' dir='ltr'>hic</span> <span class='ocrx_word' id='word_1_8' title='bbox 527 339 679 367; x_wconf 87' lang='lat' dir='ltr'>curare</span> <span class='ocrx_word' id='word_1_9' title='bbox 711 324 956 366; x_wconf 86' lang='lat' dir='ltr'>videantur.</span> <span class='ocrx_word' id='word_1_10' title='bbox 1020 322 1227 377; x_wconf 89' lang='lat' dir='ltr'>Optarem</span> <span class='ocrx_word' id='word_1_11' title='bbox 1271 323 1319 363; x_wconf 91' lang='lat' dir='ltr'>ut</span> <span class='ocrx_word' id='word_1_12' title='bbox 1360 323 1647 374; x_wconf 69' lang='lat' dir='ltr'>agnoscerent</span> <span class='ocrx_word' id='word_1_13' title='bbox 1688 319 1827 373; x_wconf 88' lang='lat' dir='ltr'>magis</span> 
     </span>
     <span class='ocr_line' id='line_1_3' title="bbox 69 384 1827 441; baseline -0.005 -8"><span class='ocrx_word' id='word_1_14' title='bbox 69 391 376 434; x_wconf 85' lang='lat' dir='ltr'>auctoritatem</span> <span class='ocrx_word' id='word_1_15' title='bbox 420 392 597 432; x_wconf 83' lang='lat' dir='ltr'>nostrae</span> <span class='ocrx_word' id='word_1_16' title='bbox 645 389 900 440; x_wconf 86' lang='lat' dir='ltr'>Societatis,</span> <span class='ocrx_word' id='word_1_17' title='bbox 950 401 1060 441; x_wconf 87' lang='lat' dir='ltr'>quae</span> <span class='ocrx_word' id='word_1_18' title='bbox 1106 386 1192 428; x_wconf 89' lang='lat' dir='ltr'>illis</span> <span class='ocrx_word' id='word_1_19' title='bbox 1237 385 1449 427; x_wconf 87' lang='lat' dir='ltr'>hactenus</span> <span class='ocrx_word' id='word_1_20' title='bbox 1493 384 1827 427; x_wconf 84' lang='lat' dir='ltr'>Concionatores</span> 
     </span>
     <span class='ocr_line' id='line_1_4' title="bbox 70 449 1828 508; baseline -0.005 -11"><span class='ocrx_word' id='word_1_21' title='bbox 70 456 200 507; x_wconf 81' lang='lat' dir='ltr'>dedit,</span> <span class='ocrx_word' id='word_1_22' title='bbox 244 458 288 497; x_wconf 90' lang='lat' dir='ltr'>et</span> <span class='ocrx_word' id='word_1_23' title='bbox 329 455 453 508; x_wconf 87' lang='lat' dir='ltr'>quasi</span> <span class='ocrx_word' id='word_1_24' title='bbox 486 455 537 496; x_wconf 91' lang='lat' dir='ltr'>de</span> <span class='ocrx_word' id='word_1_25' title='bbox 569 454 716 497; x_wconf 90' lang='lat' dir='ltr'>inuitis</span> <span class='ocrx_word' id='word_1_26' title='bbox 758 454 866 495; x_wconf 87' lang='lat' dir='ltr'>bene</span> <span class='ocrx_word' id='word_1_27' title='bbox 897 455 1101 495; x_wconf 88' lang='lat' dir='ltr'>meretur.</span> <span class='ocrx_word' id='word_1_28' title='bbox 1166 450 1285 500; x_wconf 82' lang='lat' dir='ltr'>Quod</span> <span class='ocrx_word' id='word_1_29' title='bbox 1327 450 1362 491; x_wconf 90' lang='lat' dir='ltr'>si</span> <span class='ocrx_word' id='word_1_30' title='bbox 1396 449 1680 491; x_wconf 88' lang='lat' dir='ltr'>Oboedientia</span> <span class='ocrx_word' id='word_1_31' title='bbox 1721 449 1828 490; x_wconf 91' lang='lat' dir='ltr'>duce</span> 
     </span>
     <span class='ocr_line' id='line_1_5' title="bbox 71 514 1828 572; baseline -0.004 -10"><span class='ocrx_word' id='word_1_32' title='bbox 71 521 124 562; x_wconf 89' lang='lat' dir='ltr'>ad</span> <span class='ocrx_word' id='word_1_33' title='bbox 156 520 415 563; x_wconf 87' lang='lat' dir='ltr'>Cathedram</span> <span class='ocrx_word' id='word_1_34' title='bbox 449 518 752 572; x_wconf 85' lang='lat' dir='ltr'>Augustanam</span> <span class='ocrx_word' id='word_1_35' title='bbox 784 518 887 560; x_wconf 93' lang='lat' dir='ltr'>mihi</span> <span class='ocrx_word' id='word_1_36' title='bbox 919 516 1184 559; x_wconf 87' lang='lat' dir='ltr'>redeundum</span> <span class='ocrx_word' id='word_1_37' title='bbox 1218 514 1313 564; x_wconf 86' lang='lat' dir='ltr'>erit,</span> <span class='ocrx_word' id='word_1_38' title='bbox 1353 514 1703 568; x_wconf 87' lang='lat' dir='ltr'>operaeprecium</span> <span class='ocrx_word' id='word_1_39' title='bbox 1736 514 1828 555; x_wconf 84' lang='lat' dir='ltr'>fore</span> 
     </span>
     <span class='ocr_line' id='line_1_6' title="bbox 70 579 1827 639; baseline -0.004 -13"><span class='ocrx_word' id='word_1_40' title='bbox 70 588 282 639; x_wconf 85' lang='lat' dir='ltr'>putarem,</span> <span class='ocrx_word' id='word_1_41' title='bbox 316 588 364 627; x_wconf 91' lang='lat' dir='ltr'>ut</span> <span class='ocrx_word' id='word_1_42' title='bbox 396 584 581 639; x_wconf 88' lang='lat' dir='ltr'>primum</span> <span class='ocrx_word' id='word_1_43' title='bbox 614 583 899 626; x_wconf 86' lang='lat' dir='ltr'>Paternitatis</span> <span class='ocrx_word' id='word_1_44' title='bbox 931 585 1032 624; x_wconf 89' lang='lat' dir='ltr'>tuae</span> <span class='ocrx_word' id='word_1_45' title='bbox 1064 581 1216 622; x_wconf 77' lang='lat' dir='ltr'>literas</span> <span class='ocrx_word' id='word_1_46' title='bbox 1246 579 1332 621; x_wconf 93' lang='lat' dir='ltr'>illis</span> <span class='ocrx_word' id='word_1_47' title='bbox 1364 579 1576 621; x_wconf 88' lang='lat' dir='ltr'>offerrem.</span> <span class='ocrx_word' id='word_1_48' title='bbox 1640 579 1827 628; x_wconf 78' lang='lat' dir='ltr'>Quarum</span> 
     </span>
     <span class='ocr_line' id='line_1_7' title="bbox 68 643 1826 702; baseline -0.005 -10"><span class='ocrx_word' id='word_1_49' title='bbox 68 649 293 692; x_wconf 85' lang='lat' dir='ltr'>literarum</span> <span class='ocrx_word' id='word_1_50' title='bbox 333 650 442 692; x_wconf 85' lang='lat' dir='ltr'>haec</span> <span class='ocrx_word' id='word_1_51' title='bbox 483 663 579 691; x_wconf 87' lang='lat' dir='ltr'>esse</span> <span class='ocrx_word' id='word_1_52' title='bbox 620 648 765 701; x_wconf 87' lang='lat' dir='ltr'>capita</span> <span class='ocrx_word' id='word_1_53' title='bbox 805 647 985 702; x_wconf 89' lang='lat' dir='ltr'>possint,</span> <span class='ocrx_word' id='word_1_54' title='bbox 1029 660 1097 688; x_wconf 90' lang='lat' dir='ltr'>me</span> <span class='ocrx_word' id='word_1_55' title='bbox 1128 645 1314 700; x_wconf 89' lang='lat' dir='ltr'>primum</span> <span class='ocrx_word' id='word_1_56' title='bbox 1350 646 1529 698; x_wconf 85' lang='lat' dir='ltr'>propter</span> <span class='ocrx_word' id='word_1_57' title='bbox 1561 643 1826 685; x_wconf 85' lang='lat' dir='ltr'>Electionem</span> 
     </span>
     <span class='ocr_line' id='line_1_8' title="bbox 70 708 1827 769; baseline -0.005 -12"><span class='ocrx_word' id='word_1_58' title='bbox 70 714 171 757; x_wconf 83' lang='lat' dir='ltr'>noui</span> <span class='ocrx_word' id='word_1_59' title='bbox 202 714 463 769; x_wconf 76' lang='lat' dir='ltr'>praepositi²</span> <span class='ocrx_word' id='word_1_60' title='bbox 493 714 537 755; x_wconf 89' lang='lat' dir='ltr'>in</span> <span class='ocrx_word' id='word_1_61' title='bbox 569 713 762 764; x_wconf 61' lang='grc' dir='ltr'>ζ1153113111,</span> <span class='ocrx_word' id='word_1_62' title='bbox 798 712 951 754; x_wconf 89' lang='lat' dir='ltr'>deinde</span> <span class='ocrx_word' id='word_1_63' title='bbox 983 714 1162 766; x_wconf 86' lang='lat' dir='ltr'>propter</span> <span class='ocrx_word' id='word_1_64' title='bbox 1194 709 1500 752; x_wconf 85' lang='lat' dir='ltr'>auctoritatem</span> <span class='ocrx_word' id='word_1_65' title='bbox 1534 708 1754 750; x_wconf 88' lang='lat' dir='ltr'>Pontificis</span> <span class='ocrx_word' id='word_1_66' title='bbox 1786 708 1827 749; x_wconf 93' lang='lat' dir='ltr'>in</span> 
     </span>
     <span class='ocr_line' id='line_1_9' title="bbox 72 773 1829 831; baseline -0.005 -10"><span class='ocrx_word' id='word_1_67' title='bbox 72 779 348 821; x_wconf 82' lang='lat' dir='ltr'>Germaniam</span> <span class='ocrx_word' id='word_1_68' title='bbox 390 778 652 821; x_wconf 59' lang='lat' dir='ltr'>,Interiorem</span> <span class='ocrx_word' id='word_1_69' title='bbox 693 791 831 830; x_wconf 90' lang='lat' dir='ltr'>usque</span> <span class='ocrx_word' id='word_1_70' title='bbox 877 776 1143 831; x_wconf 88' lang='lat' dir='ltr'>profectum,</span> <span class='ocrx_word' id='word_1_71' title='bbox 1192 775 1403 817; x_wconf 88' lang='lat' dir='ltr'>hactenus</span> <span class='ocrx_word' id='word_1_72' title='bbox 1445 773 1696 816; x_wconf 77' lang='lat' dir='ltr'>cathedram</span> <span class='ocrx_word' id='word_1_73' title='bbox 1740 773 1829 814; x_wconf 89' lang='lat' dir='ltr'>Au-</span> 
     </span>
     <span class='ocr_line' id='line_1_10' title="bbox 71 839 1409 897; baseline -0.003 -11"><span class='ocrx_word' id='word_1_74' title='bbox 71 847 302 897; x_wconf 85' lang='lat' dir='ltr'>gustanam</span> <span class='ocrx_word' id='word_1_75' title='bbox 333 843 632 894; x_wconf 75' lang='lat' dir='ltr'>intermisisse,</span> <span class='ocrx_word' id='word_1_76' title='bbox 667 857 717 884; x_wconf 90' lang='grc'>30</span> <span class='ocrx_word' id='word_1_77' title='bbox 749 844 982 897; x_wconf 85' lang='lat' dir='ltr'>propterea</span> <span class='ocrx_word' id='word_1_78' title='bbox 1014 840 1174 882; x_wconf 88' lang='lat' dir='ltr'>diutius</span> <span class='ocrx_word' id='word_1_79' title='bbox 1206 839 1409 882; x_wconf 88' lang='lat' dir='ltr'>abfuisse.</span> 
     </span>
    </p>

    <p class='ocr_par' dir='ltr' id='par_1_3' title="bbox 70 902 1839 1937">
     <span class='ocr_line' id='line_1_11' title="bbox 189 902 1832 951; baseline -0.004 -1"><span class='ocrx_word' id='word_1_80' title='bbox 189 909 384 951; x_wconf 85' lang='lat' dir='ltr'>Secundo</span> <span class='ocrx_word' id='word_1_81' title='bbox 416 922 486 950; x_wconf 90' lang='lat' dir='ltr'>me</span> <span class='ocrx_word' id='word_1_82' title='bbox 526 922 638 949; x_wconf 92' lang='lat' dir='ltr'>nunc</span> <span class='ocrx_word' id='word_1_83' title='bbox 679 907 852 950; x_wconf 90' lang='lat' dir='ltr'>restitui</span> <span class='ocrx_word' id='word_1_84' title='bbox 884 906 1126 948; x_wconf 85' lang='lat' dir='ltr'>Cathedrae</span> <span class='ocrx_word' id='word_1_85' title='bbox 1159 919 1214 946; x_wconf 77' lang='lat' dir='ltr'>ex</span> <span class='ocrx_word' id='word_1_86' title='bbox 1255 903 1517 946; x_wconf 88' lang='lat' dir='ltr'>auctoritate</span> <span class='ocrx_word' id='word_1_87' title='bbox 1549 902 1832 945; x_wconf 80' lang='lat' dir='ltr'>Reuerendae</span> 
     </span>
     <span class='ocr_line' id='line_1_12' title="bbox 71 968 1835 1022; baseline -0.003 -8"><span class='ocrx_word' id='word_1_88' title='bbox 71 973 357 1016; x_wconf 86' lang='lat' dir='ltr'>Paternitatis</span> <span class='ocrx_word' id='word_1_89' title='bbox 389 973 437 1016; x_wconf 81' lang='lat' dir='ltr'>T.</span> <span class='ocrx_word' id='word_1_90' title='bbox 461 973 518 1016; x_wconf 88' lang='lat' dir='ltr'>M.</span> <span class='ocrx_word' id='word_1_91' title='bbox 542 972 779 1015; x_wconf 88' lang='lat' dir='ltr'>Martinum</span> <span class='ocrx_word' id='word_1_92' title='bbox 811 971 896 1014; x_wconf 88' lang='lat' dir='ltr'>alio</span> <span class='ocrx_word' id='word_1_93' title='bbox 929 971 971 1012; x_wconf 91' lang='lat' dir='ltr'>in</span> <span class='ocrx_word' id='word_1_94' title='bbox 1013 971 1107 1013; x_wconf 90' lang='lat' dir='ltr'>loco</span> <span class='ocrx_word' id='word_1_95' title='bbox 1141 984 1263 1012; x_wconf 83' lang='lat' dir='ltr'>suam</span> <span class='ocrx_word' id='word_1_96' title='bbox 1307 970 1508 1012; x_wconf 84' lang='lat' dir='ltr'>daturum</span> <span class='ocrx_word' id='word_1_97' title='bbox 1550 982 1726 1022; x_wconf 83' lang='lat' dir='ltr'>operam</span> <span class='ocrx_word' id='word_1_98' title='bbox 1766 968 1835 1009; x_wconf 90' lang='lat' dir='ltr'>iu-</span> 
     </span>
     <span class='ocr_line' id='line_1_13' title="bbox 70 1032 1832 1088; baseline -0.003 -8"><span class='ocrx_word' id='word_1_99' title='bbox 70 1038 224 1081; x_wconf 87' lang='lat' dir='ltr'>uandis</span> <span class='ocrx_word' id='word_1_100' title='bbox 255 1039 384 1081; x_wconf 84' lang='lat' dir='ltr'>rebus</span> <span class='ocrx_word' id='word_1_101' title='bbox 407 1038 652 1081; x_wconf 82' lang='lat' dir='ltr'>Societatis.</span> <span class='ocrx_word' id='word_1_102' title='bbox 706 1038 940 1079; x_wconf 87' lang='lat' dir='ltr'>Praeterea</span> <span class='ocrx_word' id='word_1_103' title='bbox 971 1035 1207 1077; x_wconf 89' lang='lat' dir='ltr'>monendos</span> <span class='ocrx_word' id='word_1_104' title='bbox 1238 1035 1335 1076; x_wconf 87' lang='lat' dir='ltr'>illos</span> <span class='ocrx_word' id='word_1_105' title='bbox 1366 1037 1578 1088; x_wconf 88' lang='lat' dir='ltr'>putarem,</span> <span class='ocrx_word' id='word_1_106' title='bbox 1612 1035 1661 1075; x_wconf 90' lang='lat' dir='ltr'>ut</span> <span class='ocrx_word' id='word_1_107' title='bbox 1692 1032 1832 1074; x_wconf 86' lang='lat' dir='ltr'>sciant</span> 
     </span>
     <span class='ocr_line' id='line_1_14' title="bbox 71 1097 1832 1157; baseline -0.004 -12"><span class='ocrx_word' id='word_1_108' title='bbox 71 1103 252 1157; x_wconf 87' lang='lat' dir='ltr'>posthac</span> <span class='ocrx_word' id='word_1_109' title='bbox 282 1103 387 1144; x_wconf 87' lang='lat' dir='ltr'>nihil</span> <span class='ocrx_word' id='word_1_110' title='bbox 410 1103 557 1157; x_wconf 87' lang='lat' dir='ltr'>salarij</span> <span class='ocrx_word' id='word_1_111' title='bbox 581 1102 742 1145; x_wconf 88' lang='lat' dir='ltr'>nostris</span> <span class='ocrx_word' id='word_1_112' title='bbox 765 1100 1140 1144; x_wconf 72' lang='lat' dir='ltr'>concionatoribus</span> <span class='ocrx_word' id='word_1_113' title='bbox 1162 1099 1477 1141; x_wconf 88' lang='lat' dir='ltr'>numerandum</span> <span class='ocrx_word' id='word_1_114' title='bbox 1501 1111 1595 1140; x_wconf 87' lang='lat' dir='ltr'>esse</span> <span class='ocrx_word' id='word_1_115' title='bbox 1610 1099 1636 1140; x_wconf 84' lang='lat'>1.</span> <span class='ocrx_word' id='word_1_116' title='bbox 1691 1097 1832 1147; x_wconf 83' lang='lat' dir='ltr'>Quan-</span> 
     </span>
     <span class='ocr_line' id='line_1_15' title="bbox 73 1163 1837 1222; baseline -0.003 -13"><span class='ocrx_word' id='word_1_117' title='bbox 73 1182 199 1221; x_wconf 84' lang='lat' dir='ltr'>quam</span> <span class='ocrx_word' id='word_1_118' title='bbox 222 1169 462 1210; x_wconf 86' lang='lat' dir='ltr'>Cardinalis</span> <span class='ocrx_word' id='word_1_119' title='bbox 494 1168 575 1210; x_wconf 90' lang='lat' dir='ltr'>hac</span> <span class='ocrx_word' id='word_1_120' title='bbox 605 1168 700 1222; x_wconf 88' lang='lat' dir='ltr'>ipsa</span> <span class='ocrx_word' id='word_1_121' title='bbox 733 1167 785 1209; x_wconf 89' lang='lat' dir='ltr'>de</span> <span class='ocrx_word' id='word_1_122' title='bbox 816 1181 864 1208; x_wconf 91' lang='lat' dir='ltr'>re</span> <span class='ocrx_word' id='word_1_123' title='bbox 896 1166 1084 1208; x_wconf 89' lang='lat' dir='ltr'>monitus</span> <span class='ocrx_word' id='word_1_124' title='bbox 1117 1164 1352 1218; x_wconf 83' lang='lat' dir='ltr'>respondit,</span> <span class='ocrx_word' id='word_1_125' title='bbox 1386 1177 1433 1204; x_wconf 92' lang='lat' dir='ltr'>se</span> <span class='ocrx_word' id='word_1_126' title='bbox 1466 1163 1632 1205; x_wconf 89' lang='lat' dir='ltr'>nescire</span> <span class='ocrx_word' id='word_1_127' title='bbox 1660 1163 1837 1204; x_wconf 88' lang='lat' dir='ltr'>modum</span> 
     </span>
     <span class='ocr_line' id='line_1_16' title="bbox 72 1228 1833 1286; baseline -0.003 -12"><span class='ocrx_word' id='word_1_128' title='bbox 72 1234 143 1275; x_wconf 89' lang='lat' dir='ltr'>vel</span> <span class='ocrx_word' id='word_1_129' title='bbox 174 1233 362 1283; x_wconf 89' lang='lat' dir='ltr'>titulum,</span> <span class='ocrx_word' id='word_1_130' title='bbox 397 1247 479 1286; x_wconf 92' lang='lat' dir='ltr'>quo</span> <span class='ocrx_word' id='word_1_131' title='bbox 512 1233 650 1275; x_wconf 86' lang='lat' dir='ltr'>nostri</span> <span class='ocrx_word' id='word_1_132' title='bbox 672 1234 899 1286; x_wconf 79' lang='lat' dir='ltr'>Augustae</span> <span class='ocrx_word' id='word_1_133' title='bbox 931 1244 1107 1272; x_wconf 87' lang='lat' dir='ltr'>manere</span> <span class='ocrx_word' id='word_1_134' title='bbox 1138 1229 1318 1284; x_wconf 89' lang='lat' dir='ltr'>possint,</span> <span class='ocrx_word' id='word_1_135' title='bbox 1352 1242 1398 1270; x_wconf 91' lang='lat' dir='ltr'>se</span> <span class='ocrx_word' id='word_1_136' title='bbox 1426 1228 1598 1270; x_wconf 81' lang='lat' dir='ltr'>interim</span> <span class='ocrx_word' id='word_1_137' title='bbox 1631 1230 1833 1282; x_wconf 85' lang='lat' dir='ltr'>paratum</span> 
     </span>
     <span class='ocr_line' id='line_1_17' title="bbox 73 1293 1837 1352; baseline -0.003 -12"><span class='ocrx_word' id='word_1_138' title='bbox 73 1312 189 1349; x_wconf 91' lang='lat' dir='ltr'>esse,</span> <span class='ocrx_word' id='word_1_139' title='bbox 233 1312 487 1352; x_wconf 87' lang='lat' dir='ltr'>quocunque</span> <span class='ocrx_word' id='word_1_140' title='bbox 527 1312 605 1339; x_wconf 93' lang='lat' dir='ltr'>nos</span> <span class='ocrx_word' id='word_1_141' title='bbox 645 1297 773 1340; x_wconf 88' lang='lat' dir='ltr'>titulo</span> <span class='ocrx_word' id='word_1_142' title='bbox 815 1297 1021 1345; x_wconf 88' lang='lat' dir='ltr'>velimus,</span> <span class='ocrx_word' id='word_1_143' title='bbox 1068 1295 1327 1348; x_wconf 87' lang='lat' dir='ltr'>quingentos</span> <span class='ocrx_word' id='word_1_144' title='bbox 1371 1294 1558 1335; x_wconf 87' lang='lat' dir='ltr'>florenos</span> <span class='ocrx_word' id='word_1_145' title='bbox 1602 1293 1837 1346; x_wconf 88' lang='lat' dir='ltr'>quotannis</span> 
     </span>
     <span class='ocr_line' id='line_1_18' title="bbox 73 1357 1834 1413; baseline -0.004 -8"><span class='ocrx_word' id='word_1_146' title='bbox 73 1364 254 1406; x_wconf 89' lang='lat' dir='ltr'>soluere.</span> <span class='ocrx_word' id='word_1_147' title='bbox 308 1363 416 1412; x_wconf 83' lang='lat' dir='ltr'>Quid</span> <span class='ocrx_word' id='word_1_148' title='bbox 449 1363 483 1404; x_wconf 90' lang='lat' dir='ltr'>si</span> <span class='ocrx_word' id='word_1_149' title='bbox 516 1363 624 1404; x_wconf 87' lang='lat' dir='ltr'>haec</span> <span class='ocrx_word' id='word_1_150' title='bbox 656 1377 825 1405; x_wconf 87' lang='lat' dir='ltr'>summa</span> <span class='ocrx_word' id='word_1_151' title='bbox 857 1360 1046 1413; x_wconf 87' lang='lat' dir='ltr'>Collegio</span> <span class='ocrx_word' id='word_1_152' title='bbox 1079 1358 1321 1412; x_wconf 90' lang='lat' dir='ltr'>Dilingensi</span> <span class='ocrx_word' id='word_1_153' title='bbox 1353 1358 1659 1412; x_wconf 87' lang='lat' dir='ltr'>applicaretur,</span> <span class='ocrx_word' id='word_1_154' title='bbox 1691 1360 1741 1400; x_wconf 88' lang='lat' dir='ltr'>vt</span> <span class='ocrx_word' id='word_1_155' title='bbox 1771 1357 1834 1398; x_wconf 90' lang='grc'><strong>1111</strong></span> 
     </span>
     <span class='ocr_line' id='line_1_19' title="bbox 74 1422 1832 1481; baseline -0.003 -12"><span class='ocrx_word' id='word_1_156' title='bbox 74 1427 421 1470; x_wconf 89' lang='lat' dir='ltr'>concionatorem</span> <span class='ocrx_word' id='word_1_157' title='bbox 453 1427 759 1481; x_wconf 88' lang='lat' dir='ltr'>Augustanum</span> <span class='ocrx_word' id='word_1_158' title='bbox 800 1426 1081 1480; x_wconf 83' lang='lat' dir='ltr'>praeberent,</span> <span class='ocrx_word' id='word_1_159' title='bbox 1127 1424 1203 1467; x_wconf 87' lang='lat' dir='ltr'>sed</span> <span class='ocrx_word' id='word_1_160' title='bbox 1244 1424 1337 1465; x_wconf 89' lang='lat' dir='ltr'>sine</span> <span class='ocrx_word' id='word_1_161' title='bbox 1376 1425 1497 1465; x_wconf 86' lang='lat' dir='ltr'>certa</span> <span class='ocrx_word' id='word_1_162' title='bbox 1535 1422 1832 1476; x_wconf 78' lang='lat' dir='ltr'>obligatione?</span> 
     </span>
     <span class='ocr_line' id='line_1_20' title="bbox 74 1487 1834 1544; baseline -0.003 -10"><span class='ocrx_word' id='word_1_163' title='bbox 74 1492 235 1534; x_wconf 86' lang='lat' dir='ltr'>Verum</span> <span class='ocrx_word' id='word_1_164' title='bbox 258 1506 336 1534; x_wconf 88' lang='lat' dir='ltr'>nec</span> <span class='ocrx_word' id='word_1_165' title='bbox 367 1492 429 1534; x_wconf 84' lang='lat' dir='ltr'>ita</span> <span class='ocrx_word' id='word_1_166' title='bbox 462 1492 650 1535; x_wconf 87' lang='lat' dir='ltr'>fortasse</span> <span class='ocrx_word' id='word_1_167' title='bbox 683 1491 901 1534; x_wconf 87' lang='lat' dir='ltr'>constabit</span> <span class='ocrx_word' id='word_1_168' title='bbox 933 1490 1178 1544; x_wconf 86' lang='lat' dir='ltr'>synceritas</span> <span class='ocrx_word' id='word_1_169' title='bbox 1211 1489 1348 1531; x_wconf 87' lang='lat' dir='ltr'>nostri</span> <span class='ocrx_word' id='word_1_170' title='bbox 1380 1487 1582 1530; x_wconf 89' lang='lat' dir='ltr'>instituti.</span> <span class='ocrx_word' id='word_1_171' title='bbox 1637 1487 1834 1540; x_wconf 77' lang='lat' dir='ltr'>Expecto</span> 
     </span>
     <span class='ocr_line' id='line_1_21' title="bbox 73 1552 1839 1611; baseline -0.003 -13"><span class='ocrx_word' id='word_1_172' title='bbox 73 1557 206 1611; x_wconf 87' lang='lat' dir='ltr'>igitur</span> <span class='ocrx_word' id='word_1_173' title='bbox 237 1557 498 1600; x_wconf 87' lang='lat' dir='ltr'>sententiam</span> <span class='ocrx_word' id='word_1_174' title='bbox 531 1557 581 1599; x_wconf 80' lang='lat' dir='ltr'>R.</span> <span class='ocrx_word' id='word_1_175' title='bbox 607 1555 891 1598; x_wconf 88' lang='lat' dir='ltr'>Paternitatis</span> <span class='ocrx_word' id='word_1_176' title='bbox 933 1558 1049 1605; x_wconf 88' lang='lat' dir='ltr'>tuae,</span> <span class='ocrx_word' id='word_1_177' title='bbox 1093 1554 1145 1596; x_wconf 88' lang='lat' dir='ltr'>de</span> <span class='ocrx_word' id='word_1_178' title='bbox 1177 1554 1369 1595; x_wconf 88' lang='lat' dir='ltr'>Persona</span> <span class='ocrx_word' id='word_1_179' title='bbox 1402 1552 1740 1600; x_wconf 87' lang='lat' dir='ltr'>Concionatoris,</span> <span class='ocrx_word' id='word_1_180' title='bbox 1784 1552 1839 1593; x_wconf 83' lang='lat' dir='ltr'>de</span> 
     </span>
     <span class='ocr_line' id='line_1_22' title="bbox 74 1616 1835 1676; baseline -0.004 -12"><span class='ocrx_word' id='word_1_181' title='bbox 74 1622 224 1673; x_wconf 80' lang='lat' dir='ltr'>literiS,</span> <span class='ocrx_word' id='word_1_182' title='bbox 259 1636 367 1676; x_wconf 90' lang='lat' dir='ltr'>quas</span> <span class='ocrx_word' id='word_1_183' title='bbox 399 1622 514 1664; x_wconf 91' lang='lat' dir='ltr'>mitti</span> <span class='ocrx_word' id='word_1_184' title='bbox 537 1621 678 1676; x_wconf 88' lang='lat' dir='ltr'>cupiui</span> <span class='ocrx_word' id='word_1_185' title='bbox 701 1622 756 1663; x_wconf 89' lang='lat' dir='ltr'>ad</span> <span class='ocrx_word' id='word_1_186' title='bbox 778 1621 1036 1675; x_wconf 86' lang='lat' dir='ltr'>Capitulum,</span> <span class='ocrx_word' id='word_1_187' title='bbox 1070 1620 1135 1661; x_wconf 92' lang='lat' dir='ltr'>De</span> <span class='ocrx_word' id='word_1_188' title='bbox 1158 1617 1476 1661; x_wconf 80' lang='lat' dir='ltr'>sustentatione</span> <span class='ocrx_word' id='word_1_189' title='bbox 1499 1616 1835 1667; x_wconf 89' lang='lat' dir='ltr'>Concionatoris,</span> 
     </span>
     <span class='ocr_line' id='line_1_23' title="bbox 74 1682 1835 1741; baseline -0.005 -11"><span class='ocrx_word' id='word_1_190' title='bbox 74 1701 200 1741; x_wconf 89' lang='lat' dir='ltr'>quem</span> <span class='ocrx_word' id='word_1_191' title='bbox 233 1687 376 1729; x_wconf 90' lang='lat' dir='ltr'>nescio</span> <span class='ocrx_word' id='word_1_192' title='bbox 400 1701 455 1729; x_wconf 88' lang='lat' dir='ltr'>an</span> <span class='ocrx_word' id='word_1_193' title='bbox 488 1687 693 1741; x_wconf 79' lang='lat' dir='ltr'>expediat</span> <span class='ocrx_word' id='word_1_194' title='bbox 725 1701 779 1728; x_wconf 82' lang='lat' dir='ltr'>ex</span> <span class='ocrx_word' id='word_1_195' title='bbox 811 1700 931 1728; x_wconf 90' lang='lat' dir='ltr'>mera</span> <span class='ocrx_word' id='word_1_196' title='bbox 954 1684 1229 1727; x_wconf 88' lang='lat' dir='ltr'>Eleemozina</span> <span class='ocrx_word' id='word_1_197' title='bbox 1260 1683 1372 1725; x_wconf 85' lang='lat' dir='ltr'>illicb</span> <span class='ocrx_word' id='word_1_198' title='bbox 1394 1683 1554 1733; x_wconf 89' lang='lat' dir='ltr'>viuere,</span> <span class='ocrx_word' id='word_1_199' title='bbox 1590 1696 1639 1724; x_wconf 93' lang='grc'>30</span> <span class='ocrx_word' id='word_1_200' title='bbox 1669 1682 1835 1723; x_wconf 88' lang='lat' dir='ltr'>demum</span> 
     </span>
     <span class='ocr_line' id='line_1_24' title="bbox 75 1747 1836 1806; baseline -0.003 -11"><span class='ocrx_word' id='word_1_201' title='bbox 75 1753 127 1803; x_wconf 77' lang='lat' dir='ltr'>de</span> <span class='ocrx_word' id='word_1_202' title='bbox 158 1753 204 1796; x_wconf 87' lang='lat' dir='ltr'>P.</span> <span class='ocrx_word' id='word_1_203' title='bbox 239 1766 407 1806; x_wconf 88' lang='lat' dir='ltr'>quoque</span> <span class='ocrx_word' id='word_1_204' title='bbox 440 1752 629 1794; x_wconf 84' lang='lat' dir='ltr'>Martino</span> <span class='ocrx_word' id='word_1_205' title='bbox 670 1751 826 1794; x_wconf 87' lang='lat' dir='ltr'>alicubi</span> <span class='ocrx_word' id='word_1_206' title='bbox 867 1751 1130 1793; x_wconf 90' lang='lat' dir='ltr'>collocando.</span> <span class='ocrx_word' id='word_1_207' title='bbox 1194 1750 1254 1791; x_wconf 88' lang='lat' dir='ltr'>Vt</span> <span class='ocrx_word' id='word_1_208' title='bbox 1286 1747 1553 1802; x_wconf 89' lang='lat' dir='ltr'>Herbipolim</span> <span class='ocrx_word' id='word_1_209' title='bbox 1594 1747 1666 1788; x_wconf 92' lang='lat' dir='ltr'>ille</span> <span class='ocrx_word' id='word_1_210' title='bbox 1707 1748 1836 1790; x_wconf 86' lang='lat' dir='ltr'>abeat</span> 
     </span>
     <span class='ocr_line' id='line_1_25' title="bbox 75 1811 1834 1872; baseline -0.004 -12"><span class='ocrx_word' id='word_1_211' title='bbox 75 1817 186 1860; x_wconf 85' lang='lat' dir='ltr'>sicut</span> <span class='ocrx_word' id='word_1_212' title='bbox 218 1818 487 1872; x_wconf 83' lang='lat' dir='ltr'>Episcopus2</span> <span class='ocrx_word' id='word_1_213' title='bbox 518 1817 643 1871; x_wconf 90' lang='lat' dir='ltr'>petit,</span> <span class='ocrx_word' id='word_1_214' title='bbox 686 1831 766 1870; x_wconf 87' lang='lat' dir='ltr'>ego</span> <span class='ocrx_word' id='word_1_215' title='bbox 800 1818 952 1858; x_wconf 88' lang='lat' dir='ltr'>auctor</span> <span class='ocrx_word' id='word_1_216' title='bbox 994 1829 1088 1857; x_wconf 91' lang='lat' dir='ltr'>esse</span> <span class='ocrx_word' id='word_1_217' title='bbox 1129 1814 1273 1864; x_wconf 92' lang='lat' dir='ltr'>nolim,</span> <span class='ocrx_word' id='word_1_218' title='bbox 1320 1827 1374 1855; x_wconf 91' lang='lat' dir='ltr'>ne</span> <span class='ocrx_word' id='word_1_219' title='bbox 1419 1811 1834 1854; x_wconf 88' lang='lat' dir='ltr'>communicem</span> 
     </span>
     <span class='ocr_line' id='line_1_26' title="bbox 74 1877 1580 1937; baseline -0.003 -12"><span class='ocrx_word' id='word_1_220' title='bbox 74 1883 326 1937; x_wconf 89' lang='lat' dir='ltr'>peccatis</span> <span class='ocrx_word' id='word_1_221' title='bbox 368 1882 614 1932; x_wconf 82' lang='lat' dir='ltr'>alienis3,</span> <span class='ocrx_word' id='word_1_222' title='bbox 659 1894 768 1935; x_wconf 89' lang='lat' dir='ltr'>quae</span> <span class='ocrx_word' id='word_1_223' title='bbox 801 1881 903 1922; x_wconf 91' lang='lat' dir='ltr'>mihi</span> <span class='ocrx_word' id='word_1_224' title='bbox 935 1880 1064 1922; x_wconf 87' lang='lat' dir='ltr'>facile</span> <span class='ocrx_word' id='word_1_225' title='bbox 1096 1881 1333 1932; x_wconf 88' lang='lat' dir='ltr'>sequutura</span> <span class='ocrx_word' id='word_1_226' title='bbox 1364 1877 1580 1920; x_wconf 84' lang='lat' dir='ltr'>videntur.</span> 
     </span>
    </p>

    <p class='ocr_par' dir='ltr' id='par_1_4' title="bbox 74 1941 1835 2392">
     <span class='ocr_line' id='line_1_27' title="bbox 193 1941 1834 2001; baseline -0.004 -12"><span class='ocrx_word' id='word_1_227' title='bbox 193 1948 313 1998; x_wconf 83' lang='lat' dir='ltr'>Quod</span> <span class='ocrx_word' id='word_1_228' title='bbox 336 1948 391 1989; x_wconf 88' lang='lat' dir='ltr'>ad</span> <span class='ocrx_word' id='word_1_229' title='bbox 415 1946 734 2001; x_wconf 81' lang='lat' dir='ltr'>expeditionem</span> <span class='ocrx_word' id='word_1_230' title='bbox 766 1946 991 1988; x_wconf 87' lang='lat' dir='ltr'>literarum</span> <span class='ocrx_word' id='word_1_231' title='bbox 1013 1945 1056 1986; x_wconf 91' lang='lat' dir='ltr'>in</span> <span class='ocrx_word' id='word_1_232' title='bbox 1079 1943 1268 1998; x_wconf 86' lang='lat' dir='ltr'>grat-iam</span> <span class='ocrx_word' id='word_1_233' title='bbox 1290 1941 1655 1985; x_wconf 85' lang='lat' dir='ltr'>Reuerendissimi</span> <span class='ocrx_word' id='word_1_234' title='bbox 1677 1942 1834 1984; x_wconf 86' lang='lat' dir='ltr'>Herbi-</span> 
     </span>
     <span class='ocr_line' id='line_1_28' title="bbox 75 2008 1833 2067; baseline -0.004 -12"><span class='ocrx_word' id='word_1_235' title='bbox 75 2013 262 2067; x_wconf 87' lang='lat' dir='ltr'>polensis</span> <span class='ocrx_word' id='word_1_236' title='bbox 295 2013 467 2062; x_wconf 87' lang='lat' dir='ltr'>attinet,</span> <span class='ocrx_word' id='word_1_237' title='bbox 501 2026 585 2053; x_wconf 89' lang='lat' dir='ltr'>non</span> <span class='ocrx_word' id='word_1_238' title='bbox 619 2025 725 2065; x_wconf 89' lang='lat' dir='ltr'>opus</span> <span class='ocrx_word' id='word_1_239' title='bbox 758 2025 852 2052; x_wconf 88' lang='lat' dir='ltr'>esse</span> <span class='ocrx_word' id='word_1_240' title='bbox 885 2013 988 2064; x_wconf 87' lang='lat' dir='ltr'>puto</span> <span class='ocrx_word' id='word_1_241' title='bbox 1011 2010 1217 2052; x_wconf 89' lang='lat' dir='ltr'>maiorem</span> <span class='ocrx_word' id='word_1_242' title='bbox 1241 2022 1387 2050; x_wconf 86' lang='lat' dir='ltr'>curam</span> <span class='ocrx_word' id='word_1_243' title='bbox 1413 2042 1421 2051; x_wconf 90' lang='lat'><strong>.</strong></span> <span class='ocrx_word' id='word_1_244' title='bbox 1446 2008 1570 2050; x_wconf 82' lang='lat' dir='ltr'>Solus</span> <span class='ocrx_word' id='word_1_245' title='bbox 1601 2020 1833 2049; x_wconf 89' lang='lat' dir='ltr'>consensus</span> 
     </span>
     <span class='ocr_line' id='line_1_29' title="bbox 76 2071 1834 2130; baseline -0.005 -10"><span class='ocrx_word' id='word_1_246' title='bbox 76 2078 308 2127; x_wconf 73' lang='lat' dir='ltr'>pontificis,</span> <span class='ocrx_word' id='word_1_247' title='bbox 343 2092 468 2130; x_wconf 90' lang='lat' dir='ltr'>quem</span> <span class='ocrx_word' id='word_1_248' title='bbox 502 2080 620 2119; x_wconf 88' lang='lat' dir='ltr'>certo</span> <span class='ocrx_word' id='word_1_249' title='bbox 653 2076 994 2130; x_wconf 76' lang='lat' dir='ltr'>impetrauimus‚</span> <span class='ocrx_word' id='word_1_250' title='bbox 1034 2074 1248 2128; x_wconf 86' lang='lat' dir='ltr'>Episcopo</span> <span class='ocrx_word' id='word_1_251' title='bbox 1281 2073 1390 2116; x_wconf 87' lang='lat' dir='ltr'>satis</span> <span class='ocrx_word' id='word_1_252' title='bbox 1422 2072 1504 2114; x_wconf 88' lang='lat' dir='ltr'>erit</span> <span class='ocrx_word' id='word_1_253' title='bbox 1517 2073 1543 2113; x_wconf 79' lang='lat'>4.</span> <span class='ocrx_word' id='word_1_254' title='bbox 1608 2071 1834 2126; x_wconf 88' lang='lat' dir='ltr'>Archiepi-</span> 
     </span>
     <span class='ocr_line' id='line_1_30' title="bbox 74 2137 1833 2197; baseline -0.004 -12"><span class='ocrx_word' id='word_1_255' title='bbox 74 2157 230 2197; x_wconf 88' lang='lat' dir='ltr'>scopus</span> <span class='ocrx_word' id='word_1_256' title='bbox 262 2142 571 2195; x_wconf 85' lang='lat' dir='ltr'>Moguntinus5</span> <span class='ocrx_word' id='word_1_257' title='bbox 604 2141 784 2195; x_wconf 87' lang='lat' dir='ltr'>accepit,</span> <span class='ocrx_word' id='word_1_258' title='bbox 827 2154 937 2193; x_wconf 88' lang='lat' dir='ltr'>quae</span> <span class='ocrx_word' id='word_1_259' title='bbox 968 2139 1030 2181; x_wconf 92' lang='lat' dir='ltr'>illi</span> <span class='ocrx_word' id='word_1_260' title='bbox 1066 2139 1301 2193; x_wconf 90' lang='lat' dir='ltr'>impetrata</span> <span class='ocrx_word' id='word_1_261' title='bbox 1333 2138 1521 2180; x_wconf 84' lang='lat' dir='ltr'>fuerunt.</span> <span class='ocrx_word' id='word_1_262' title='bbox 1585 2137 1670 2178; x_wconf 84' lang='lat' dir='ltr'>Res</span> <span class='ocrx_word' id='word_1_263' title='bbox 1711 2151 1833 2178; x_wconf 90' lang='lat' dir='ltr'>num-</span> 
     </span>
     <span class='ocr_line' id='line_1_31' title="bbox 75 2201 1834 2259; baseline -0.003 -10"><span class='ocrx_word' id='word_1_264' title='bbox 75 2207 211 2250; x_wconf 89' lang='lat' dir='ltr'>maria</span> <span class='ocrx_word' id='word_1_265' title='bbox 244 2208 410 2250; x_wconf 89' lang='lat' dir='ltr'>utinam</span> <span class='ocrx_word' id='word_1_266' title='bbox 452 2221 537 2248; x_wconf 89' lang='lat' dir='ltr'>non</span> <span class='ocrx_word' id='word_1_267' title='bbox 571 2206 683 2249; x_wconf 91' lang='lat' dir='ltr'>obsit</span> <span class='ocrx_word' id='word_1_268' title='bbox 715 2206 867 2259; x_wconf 85' lang='lat' dir='ltr'>magis,</span> <span class='ocrx_word' id='word_1_269' title='bbox 911 2219 1039 2258; x_wconf 86' lang='lat' dir='ltr'>quam</span> <span class='ocrx_word' id='word_1_270' title='bbox 1080 2204 1218 2258; x_wconf 88' lang='lat' dir='ltr'>prosit</span> <span class='ocrx_word' id='word_1_271' title='bbox 1261 2202 1406 2245; x_wconf 88' lang='lat' dir='ltr'>curiae</span> <span class='ocrx_word' id='word_1_272' title='bbox 1438 2203 1672 2244; x_wconf 85' lang='lat' dir='ltr'>Romanae.</span> <span class='ocrx_word' id='word_1_273' title='bbox 1735 2201 1834 2243; x_wconf 90' lang='lat' dir='ltr'>Non</span> 
     </span>
     <span class='ocr_line' id='line_1_32' title="bbox 75 2266 1834 2326; baseline -0.003 -13"><span class='ocrx_word' id='word_1_274' title='bbox 75 2272 324 2326; x_wconf 87' lang='lat' dir='ltr'>intelligunt</span> <span class='ocrx_word' id='word_1_275' title='bbox 366 2272 478 2325; x_wconf 88' lang='lat' dir='ltr'>quod</span> <span class='ocrx_word' id='word_1_276' title='bbox 519 2271 658 2324; x_wconf 86' lang='lat' dir='ltr'>gratis</span> <span class='ocrx_word' id='word_1_277' title='bbox 704 2269 879 2313; x_wconf 89' lang='lat' dir='ltr'>concedi</span> <span class='ocrx_word' id='word_1_278' title='bbox 922 2269 1213 2324; x_wconf 85' lang='lat' dir='ltr'>promittitur,</span> <span class='ocrx_word' id='word_1_279' title='bbox 1261 2268 1304 2309; x_wconf 90' lang='lat' dir='ltr'>id</span> <span class='ocrx_word' id='word_1_280' title='bbox 1347 2270 1436 2309; x_wconf 89' lang='lat' dir='ltr'>tam</span> <span class='ocrx_word' id='word_1_281' title='bbox 1485 2281 1643 2320; x_wconf 88' lang='lat' dir='ltr'>magno</span> <span class='ocrx_word' id='word_1_282' title='bbox 1683 2266 1834 2308; x_wconf 87' lang='lat' dir='ltr'>redimi</span> 
     </span>
     <span class='ocr_line' id='line_1_33' title="bbox 77 2332 1835 2392; baseline -0.005 -12"><span class='ocrx_word' id='word_1_283' title='bbox 77 2340 276 2392; x_wconf 88' lang='lat' dir='ltr'>oportere</span> <span class='ocrx_word' id='word_1_284' title='bbox 289 2338 316 2380; x_wconf 76' lang='grc'>6.</span> <span class='ocrx_word' id='word_1_285' title='bbox 382 2337 465 2379; x_wconf 80' lang='lat' dir='ltr'>Sed</span> <span class='ocrx_word' id='word_1_286' title='bbox 498 2336 687 2378; x_wconf 86' lang='lat' dir='ltr'>fortasse</span> <span class='ocrx_word' id='word_1_287' title='bbox 719 2350 831 2377; x_wconf 88' lang='grc'><strong>1111110</strong></span> <span class='ocrx_word' id='word_1_288' title='bbox 862 2335 1001 2376; x_wconf 84' lang='grc'><strong>10011111</strong></span> <span class='ocrx_word' id='word_1_289' title='bbox 1034 2333 1210 2375; x_wconf 88' lang='lat' dir='ltr'>habebit</span> <span class='ocrx_word' id='word_1_290' title='bbox 1241 2333 1359 2383; x_wconf 89' lang='lat' dir='ltr'>illud,</span> <span class='ocrx_word' id='word_1_291' title='bbox 1402 2332 1553 2374; x_wconf 89' lang='lat' dir='ltr'>Nouus</span> <span class='ocrx_word' id='word_1_292' title='bbox 1586 2346 1676 2381; x_wconf 77' lang='lat' dir='ltr'>rex,</span> <span class='ocrx_word' id='word_1_293' title='bbox 1721 2345 1835 2373; x_wconf 85' lang='lat' dir='ltr'>noua</span> 
     </span>
    </p>
   </div>
   <div class='ocr_carea' id='block_1_3' title="bbox 195 2427 1377 2464">
    <p class='ocr_par' dir='ltr' id='par_1_5' title="bbox 195 2427 1377 2464">
     <span class='ocr_line' id='line_1_34' title="bbox 195 2427 1377 2464; baseline -0.006 -8"><span class='ocrx_word' id='word_1_294' title='bbox 195 2432 222 2463; x_wconf 83' lang='lat' dir='ltr'>a)</span> <span class='ocrx_word' id='word_1_295' title='bbox 242 2429 392 2464; x_wconf 83' lang='lat' dir='ltr'>propositi</span> <span class='ocrx_word' id='word_1_296' title='bbox 413 2430 519 2454; x_wconf 66' lang='lat' dir='ltr'>archer.</span> <span class='ocrx_word' id='word_1_297' title='bbox 595 2427 624 2461; x_wconf 79' lang='lat' dir='ltr'>b)</span> <span class='ocrx_word' id='word_1_298' title='bbox 645 2429 705 2453; x_wconf 81' lang='lat' dir='ltr'>Hoc</span> <span class='ocrx_word' id='word_1_299' title='bbox 726 2436 749 2453; x_wconf 76' lang='lat' dir='ltr'>v.</span> <span class='ocrx_word' id='word_1_300' title='bbox 771 2429 799 2452; x_wconf 67' lang='lat' dir='ltr'>ier</span> <span class='ocrx_word' id='word_1_301' title='bbox 820 2428 898 2453; x_wconf 74' lang='lat' dir='ltr'>arch.</span> <span class='ocrx_word' id='word_1_302' title='bbox 918 2436 1010 2459; x_wconf 67' lang='lat' dir='ltr'>snpra</span> <span class='ocrx_word' id='word_1_303' title='bbox 1034 2434 1145 2451; x_wconf 55' lang='lat' dir='ltr'>rursum</span> <span class='ocrx_word' id='word_1_304' title='bbox 1165 2427 1307 2458; x_wconf 67' lang='lat' dir='ltr'>scriptum</span> <span class='ocrx_word' id='word_1_305' title='bbox 1327 2428 1377 2450; x_wconf 62' lang='lat' dir='ltr'>esf.</span> 
     </span>
    </p>
   </div>
   <div class='ocr_carea' id='block_1_4' title="bbox 76 2549 1833 3182">
    <p class='ocr_par' dir='ltr' id='par_1_6' title="bbox 76 2549 1833 2708">
     <span class='ocr_line' id='line_1_35' title="bbox 197 2549 1833 2601; baseline -0.005 -11"><span class='ocrx_word' id='word_1_306' title='bbox 197 2557 206 2577; x_wconf 94' lang='lat'>¹</span> <span class='ocrx_word' id='word_1_307' title='bbox 234 2555 437 2601; x_wconf 86' lang='lat' dir='ltr'>Capitulum</span> <span class='ocrx_word' id='word_1_308' title='bbox 464 2555 535 2598; x_wconf 75' lang='lat' dir='ltr'>iam</span> <span class='ocrx_word' id='word_1_309' title='bbox 561 2554 641 2587; x_wconf 88' lang='lat' dir='ltr'>inde</span> <span class='ocrx_word' id='word_1_310' title='bbox 668 2553 712 2586; x_wconf 80' lang='lat' dir='ltr'>ab</span> <span class='ocrx_word' id='word_1_311' title='bbox 739 2564 769 2586; x_wconf 86' lang='lat' dir='ltr'>a.</span> <span class='ocrx_word' id='word_1_312' title='bbox 792 2553 881 2587; x_wconf 80' lang='lat'>1559</span> <span class='ocrx_word' id='word_1_313' title='bbox 909 2551 1143 2586; x_wconf 83' lang='lat' dir='ltr'>contionatori</span> <span class='ocrx_word' id='word_1_314' title='bbox 1171 2550 1363 2595; x_wconf 82' lang='lat' dir='ltr'>quotannis</span> <span class='ocrx_word' id='word_1_315' title='bbox 1381 2550 1449 2584; x_wconf 80' lang='lat'>200</span> <span class='ocrx_word' id='word_1_316' title='bbox 1468 2550 1619 2583; x_wconf 82' lang='lat' dir='ltr'>florenos</span> <span class='ocrx_word' id='word_1_317' title='bbox 1637 2549 1833 2583; x_wconf 79' lang='lat' dir='ltr'>rhenenses</span> 
     </span>
     <span class='ocr_line' id='line_1_36' title="bbox 78 2602 1832 2653; baseline -0.004 -9"><span class='ocrx_word' id='word_1_318' title='bbox 78 2610 241 2651; x_wconf 84' lang='lat' dir='ltr'>dederat;</span> <span class='ocrx_word' id='word_1_319' title='bbox 277 2620 365 2653; x_wconf 83' lang='lat' dir='ltr'>quos</span> <span class='ocrx_word' id='word_1_320' title='bbox 398 2620 466 2652; x_wconf 84' lang='lat' dir='ltr'>quo</span> <span class='ocrx_word' id='word_1_321' title='bbox 501 2607 616 2647; x_wconf 83' lang='lat' dir='ltr'>titulo,</span> <span class='ocrx_word' id='word_1_322' title='bbox 652 2606 765 2640; x_wconf 84' lang='lat' dir='ltr'>salvis</span> <span class='ocrx_word' id='word_1_323' title='bbox 801 2606 991 2640; x_wconf 79' lang='lat' dir='ltr'>Societatis</span> <span class='ocrx_word' id='word_1_324' title='bbox 1028 2603 1352 2644; x_wconf 82' lang='lat' dir='ltr'>constitutionibus,</span> <span class='ocrx_word' id='word_1_325' title='bbox 1388 2603 1500 2647; x_wconf 82' lang='lat' dir='ltr'>accipi</span> <span class='ocrx_word' id='word_1_326' title='bbox 1536 2614 1640 2647; x_wconf 83' lang='lat' dir='ltr'>posse</span> <span class='ocrx_word' id='word_1_327' title='bbox 1667 2602 1832 2638; x_wconf 78' lang='lat' dir='ltr'>Canisius</span> 
     </span>
     <span class='ocr_line' id='line_1_37' title="bbox 76 2657 1347 2708; baseline -0.006 -10"><span class='ocrx_word' id='word_1_328' title='bbox 76 2675 189 2708; x_wconf 89' lang='lat' dir='ltr'>usque</span> <span class='ocrx_word' id='word_1_329' title='bbox 216 2663 259 2697; x_wconf 85' lang='lat' dir='ltr'>ad</span> <span class='ocrx_word' id='word_1_330' title='bbox 286 2674 316 2696; x_wconf 85' lang='lat' dir='ltr'>a.</span> <span class='ocrx_word' id='word_1_331' title='bbox 347 2662 436 2695; x_wconf 81' lang='lat'>1566</span> <span class='ocrx_word' id='word_1_332' title='bbox 462 2659 653 2705; x_wconf 82' lang='lat' dir='ltr'>putaverit,</span> <span class='ocrx_word' id='word_1_333' title='bbox 680 2659 762 2693; x_wconf 79' lang='lat' dir='ltr'>vide</span> <span class='ocrx_word' id='word_1_334' title='bbox 793 2660 877 2693; x_wconf 74' lang='lat' dir='ltr'>Can.</span> <span class='ocrx_word' id='word_1_335' title='bbox 907 2659 955 2693; x_wconf 90' lang='lat' dir='ltr'>III</span> <span class='ocrx_word' id='word_1_336' title='bbox 983 2658 1188 2697; x_wconf 75' lang='grc'><strong>674-676;</strong></span> <span class='ocrx_word' id='word_1_337' title='bbox 1216 2657 1266 2690; x_wconf 76' lang='lat' dir='ltr'>IV</span> <span class='ocrx_word' id='word_1_338' title='bbox 1292 2657 1347 2690; x_wconf 83' lang='lat'>36.</span> 
     </span>
    </p>

    <p class='ocr_par' dir='ltr' id='par_1_7' title="bbox 196 2711 1155 2756">
     <span class='ocr_line' id='line_1_38' title="bbox 196 2711 1155 2756; baseline -0.005 -7"><span class='ocrx_word' id='word_1_339' title='bbox 196 2715 207 2734; x_wconf 73' lang='lat'>‘²</span> <span class='ocrx_word' id='word_1_340' title='bbox 233 2715 433 2749; x_wconf 84' lang='lat' dir='ltr'>Fridericus</span> <span class='ocrx_word' id='word_1_341' title='bbox 460 2725 480 2747; x_wconf 87' lang='lat' dir='ltr'>a</span> <span class='ocrx_word' id='word_1_342' title='bbox 507 2713 706 2756; x_wconf 84' lang='lat' dir='ltr'>Wirsberg.</span> <span class='ocrx_word' id='word_1_343' title='bbox 851 2713 863 2732; x_wconf 79' lang='lat'>3</span> <span class='ocrx_word' id='word_1_344' title='bbox 892 2712 907 2745; x_wconf 92' lang='lat'>1</span> <span class='ocrx_word' id='word_1_345' title='bbox 937 2711 1015 2746; x_wconf 85' lang='lat' dir='ltr'>Tim</span> <span class='ocrx_word' id='word_1_346' title='bbox 1042 2712 1073 2752; x_wconf 79' lang='lat'>5,</span> <span class='ocrx_word' id='word_1_347' title='bbox 1100 2711 1155 2744; x_wconf 78' lang='lat'>22.</span> 
     </span>
    </p>

    <p class='ocr_par' dir='ltr' id='par_1_8' title="bbox 195 2762 1633 2811">
     <span class='ocr_line' id='line_1_39' title="bbox 195 2762 1633 2811; baseline -0.004 -9"><span class='ocrx_word' id='word_1_348' title='bbox 195 2771 206 2789; x_wconf 76' lang='lat'><strong>⁴</strong></span> <span class='ocrx_word' id='word_1_349' title='bbox 234 2768 333 2809; x_wconf 86' lang='lat' dir='ltr'>Vide,</span> <span class='ocrx_word' id='word_1_350' title='bbox 361 2779 451 2811; x_wconf 84' lang='lat' dir='ltr'>quae</span> <span class='ocrx_word' id='word_1_351' title='bbox 478 2767 520 2800; x_wconf 84' lang='lat' dir='ltr'>dc</span> <span class='ocrx_word' id='word_1_352' title='bbox 547 2766 612 2799; x_wconf 79' lang='lat' dir='ltr'>hae</span> <span class='ocrx_word' id='word_1_353' title='bbox 640 2765 864 2809; x_wconf 79' lang='lat' dir='ltr'>expeditione</span> <span class='ocrx_word' id='word_1_354' title='bbox 891 2765 956 2799; x_wconf 83' lang='lat' dir='ltr'>sub</span> <span class='ocrx_word' id='word_1_355' title='bbox 983 2765 1097 2808; x_wconf 82' lang='lat' dir='ltr'>ipsam</span> <span class='ocrx_word' id='word_1_356' title='bbox 1125 2763 1216 2797; x_wconf 86' lang='lat' dir='ltr'>hanc</span> <span class='ocrx_word' id='word_1_357' title='bbox 1243 2762 1432 2806; x_wconf 84' lang='lat' dir='ltr'>epistulam</span> <span class='ocrx_word' id='word_1_358' title='bbox 1460 2762 1633 2796; x_wconf 87' lang='lat' dir='ltr'>dicentur.</span> 
     </span>
    </p>

    <p class='ocr_par' dir='ltr' id='par_1_9' title="bbox 196 2819 550 2855">
     <span class='ocr_line' id='line_1_40' title="bbox 196 2819 550 2855; baseline -0.006 0"><span class='ocrx_word' id='word_1_359' title='bbox 196 2823 208 2841; x_wconf 63' lang='lat'>5</span> <span class='ocrx_word' id='word_1_360' title='bbox 233 2820 360 2855; x_wconf 86' lang='lat' dir='ltr'>Daniel</span> <span class='ocrx_word' id='word_1_361' title='bbox 387 2819 550 2854; x_wconf 84' lang='lat' dir='ltr'>Brendel.</span> 
     </span>
    </p>

    <p class='ocr_par' dir='ltr' id='par_1_10' title="bbox 77 2867 1831 3182">
     <span class='ocr_line' id='line_1_41' title="bbox 196 2867 1830 2914; baseline -0.002 -6"><span class='ocrx_word' id='word_1_362' title='bbox 196 2875 208 2894; x_wconf 58' lang='grc' dir='ltr'><strong><em>ὃ</em></strong></span> <span class='ocrx_word' id='word_1_363' title='bbox 238 2875 421 2908; x_wconf 76' lang='lat' dir='ltr'>Galeatiets</span> <span class='ocrx_word' id='word_1_364' title='bbox 449 2873 623 2914; x_wconf 61' lang='lat' dir='ltr'>Cassum,</span> <span class='ocrx_word' id='word_1_365' title='bbox 650 2870 887 2904; x_wconf 80' lang='lat' dir='ltr'>Maximiliani</span> <span class='ocrx_word' id='word_1_366' title='bbox 905 2871 948 2904; x_wconf 85' lang='lat' dir='ltr'>II.</span> <span class='ocrx_word' id='word_1_367' title='bbox 977 2871 1184 2914; x_wconf 77' lang='lat' dir='ltr'>procurator</span> <span class='ocrx_word' id='word_1_368' title='bbox 1210 2880 1386 2908; x_wconf 82' lang='lat' dir='ltr'>romanus,</span> <span class='ocrx_word' id='word_1_369' title='bbox 1414 2868 1526 2901; x_wconf 81' lang='lat' dir='ltr'>Roma</span> <span class='ocrx_word' id='word_1_370' title='bbox 1544 2868 1599 2901; x_wconf 77' lang='lat'>24.</span> <span class='ocrx_word' id='word_1_371' title='bbox 1618 2867 1830 2904; x_wconf 83' lang='lat' dir='ltr'>Novembris</span> 
     </span>
     <span class='ocr_line' id='line_1_42' title="bbox 79 2921 1829 2966; baseline -0.003 -4"><span class='ocrx_word' id='word_1_372' title='bbox 79 2927 169 2962; x_wconf 74' lang='lat'>1563</span> <span class='ocrx_word' id='word_1_373' title='bbox 196 2928 238 2961; x_wconf 88' lang='lat' dir='ltr'>de</span> <span class='ocrx_word' id='word_1_374' title='bbox 264 2927 327 2961; x_wconf 87' lang='lat' dir='ltr'>Pio</span> <span class='ocrx_word' id='word_1_375' title='bbox 354 2927 414 2960; x_wconf 89' lang='lat' dir='ltr'>IV.</span> <span class='ocrx_word' id='word_1_376' title='bbox 441 2925 599 2959; x_wconf 83' lang='lat' dir='ltr'>rettulit:</span> <span class='ocrx_word' id='word_1_377' title='bbox 640 2923 851 2965; x_wconf 73' lang='lat' dir='ltr'>„Essendosi</span> <span class='ocrx_word' id='word_1_378' title='bbox 887 2935 955 2957; x_wconf 90' lang='lat' dir='ltr'>uno</span> <span class='ocrx_word' id='word_1_379' title='bbox 990 2923 1024 2956; x_wconf 87' lang='lat' dir='ltr'>di</span> <span class='ocrx_word' id='word_1_380' title='bbox 1059 2923 1175 2966; x_wconf 86' lang='lat' dir='ltr'>questi</span> <span class='ocrx_word' id='word_1_381' title='bbox 1212 2921 1325 2964; x_wconf 87' lang='lat' dir='ltr'>giorni</span> <span class='ocrx_word' id='word_1_382' title='bbox 1357 2921 1477 2954; x_wconf 81' lang='lat' dir='ltr'>andati</span> <span class='ocrx_word' id='word_1_383' title='bbox 1504 2932 1524 2954; x_wconf 84' lang='lat' dir='ltr'>a</span> <span class='ocrx_word' id='word_1_384' title='bbox 1551 2921 1668 2955; x_wconf 86' lang='lat' dir='ltr'>dolere</span> <span class='ocrx_word' id='word_1_385' title='bbox 1694 2923 1779 2956; x_wconf 83' lang='lat' dir='ltr'>tutti</span> <span class='ocrx_word' id='word_1_386' title='bbox 1806 2923 1829 2956; x_wconf 87' lang='lat' dir='ltr'>li</span> 
     </span>
     <span class='ocr_line' id='line_1_43' title="bbox 77 2975 1829 3022; baseline -0.003 -8"><span class='ocrx_word' id='word_1_387' title='bbox 77 2979 221 3014; x_wconf 84' lang='lat' dir='ltr'>officiali</span> <span class='ocrx_word' id='word_1_388' title='bbox 248 2979 341 3014; x_wconf 85' lang='lat' dir='ltr'>della</span> <span class='ocrx_word' id='word_1_389' title='bbox 367 2978 592 3013; x_wconf 83' lang='lat' dir='ltr'>cancellaria.</span> <span class='ocrx_word' id='word_1_390' title='bbox 619 2977 747 3022; x_wconf 75' lang='lat' dir='ltr'>perche</span> <span class='ocrx_word' id='word_1_391' title='bbox 773 2976 935 3021; x_wconf 86' lang='lat' dir='ltr'>spedisce</span> <span class='ocrx_word' id='word_1_392' title='bbox 961 2975 1043 3018; x_wconf 76' lang='lat' dir='ltr'>ogni</span> <span class='ocrx_word' id='word_1_393' title='bbox 1062 2986 1144 3009; x_wconf 83' lang='lat' dir='ltr'>cosa</span> <span class='ocrx_word' id='word_1_394' title='bbox 1171 2975 1295 3017; x_wconf 73' lang='lat' dir='ltr'>gratis,</span> <span class='ocrx_word' id='word_1_395' title='bbox 1323 2986 1385 3017; x_wconf 86' lang='lat' dir='ltr'>per</span> <span class='ocrx_word' id='word_1_396' title='bbox 1403 2975 1622 3018; x_wconf 84' lang='lat' dir='ltr'>compiacere</span> <span class='ocrx_word' id='word_1_397' title='bbox 1640 2975 1665 3008; x_wconf 91' lang='lat' dir='ltr'>li</span> <span class='ocrx_word' id='word_1_398' title='bbox 1684 2977 1829 3010; x_wconf 83' lang='lat' dir='ltr'>vescovi</span> 
     </span>
     <span class='ocr_line' id='line_1_44' title="bbox 79 3027 1828 3077; baseline -0.003 -10"><span class='ocrx_word' id='word_1_399' title='bbox 79 3035 114 3066; x_wconf 82' lang='lat' dir='ltr'>et</span> <span class='ocrx_word' id='word_1_400' title='bbox 139 3043 225 3067; x_wconf 84' lang='lat' dir='ltr'>anco</span> <span class='ocrx_word' id='word_1_401' title='bbox 252 3032 276 3066; x_wconf 92' lang='lat' dir='ltr'>li</span> <span class='ocrx_word' id='word_1_402' title='bbox 301 3032 465 3077; x_wconf 86' lang='lat' dir='ltr'>principi,</span> <span class='ocrx_word' id='word_1_403' title='bbox 492 3042 575 3065; x_wconf 85' lang='lat' dir='ltr'>cosa</span> <span class='ocrx_word' id='word_1_404' title='bbox 601 3030 710 3063; x_wconf 89' lang='lat' dir='ltr'>molto</span> <span class='ocrx_word' id='word_1_405' title='bbox 737 3030 894 3063; x_wconf 84' lang='lat' dir='ltr'>dannosa</span> <span class='ocrx_word' id='word_1_406' title='bbox 920 3040 982 3073; x_wconf 87' lang='lat' dir='ltr'>per</span> <span class='ocrx_word' id='word_1_407' title='bbox 1009 3028 1032 3062; x_wconf 92' lang='lat' dir='ltr'>li</span> <span class='ocrx_word' id='word_1_408' title='bbox 1052 3028 1138 3061; x_wconf 84' lang='lat' dir='ltr'>detti</span> <span class='ocrx_word' id='word_1_409' title='bbox 1167 3027 1323 3065; x_wconf 79' lang='lat' dir='ltr'>officiali,</span> <span class='ocrx_word' id='word_1_410' title='bbox 1351 3027 1416 3061; x_wconf 86' lang='lat' dir='ltr'>che</span> <span class='ocrx_word' id='word_1_411' title='bbox 1443 3027 1559 3061; x_wconf 87' lang='lat' dir='ltr'>hanno</span> <span class='ocrx_word' id='word_1_412' title='bbox 1586 3028 1758 3072; x_wconf 73' lang='lat' dir='ltr'>compl-ati</span> <span class='ocrx_word' id='word_1_413' title='bbox 1778 3028 1828 3072; x_wconf 86' lang='lat' dir='ltr'>gli</span> 
     </span>
     <span class='ocr_line' id='line_1_45' title="bbox 78 3080 1831 3130; baseline -0.002 -12"><span class='ocrx_word' id='word_1_414' title='bbox 78 3085 184 3120; x_wconf 87' lang='lat' dir='ltr'>officii</span> <span class='ocrx_word' id='word_1_415' title='bbox 210 3097 273 3130; x_wconf 86' lang='lat' dir='ltr'>per</span> <span class='ocrx_word' id='word_1_416' title='bbox 297 3085 361 3119; x_wconf 83' lang='lat' dir='ltr'>tali</span> <span class='ocrx_word' id='word_1_417' title='bbox 388 3084 637 3119; x_wconf 88' lang='lat' dir='ltr'>emolumenti:</span> <span class='ocrx_word' id='word_1_418' title='bbox 665 3084 698 3117; x_wconf 69' lang='lat' dir='ltr'>S.</span> <span class='ocrx_word' id='word_1_419' title='bbox 719 3082 857 3116; x_wconf 72' lang='lat' dir='ltr'>Santita</span> <span class='ocrx_word' id='word_1_420' title='bbox 883 3081 908 3115; x_wconf 89' lang='lat' dir='ltr'>li</span> <span class='ocrx_word' id='word_1_421' title='bbox 935 3081 1040 3121; x_wconf 79' lang='lat' dir='ltr'>disse,</span> <span class='ocrx_word' id='word_1_422' title='bbox 1060 3107 1067 3115; x_wconf 88' lang='lat'><strong>.</strong></span> <span class='ocrx_word' id='word_1_423' title='bbox 1088 3108 1093 3114; x_wconf 93' lang='lat'><strong>.</strong></span> <span class='ocrx_word' id='word_1_424' title='bbox 1114 3108 1121 3114; x_wconf 89' lang='lat'>.</span> <span class='ocrx_word' id='word_1_425' title='bbox 1141 3080 1204 3114; x_wconf 86' lang='lat' dir='ltr'>che</span> <span class='ocrx_word' id='word_1_426' title='bbox 1231 3083 1350 3124; x_wconf 83' lang='lat' dir='ltr'>presto</span> <span class='ocrx_word' id='word_1_427' title='bbox 1378 3080 1529 3114; x_wconf 85' lang='lat' dir='ltr'>ridurria</span> <span class='ocrx_word' id='word_1_428' title='bbox 1556 3080 1588 3114; x_wconf 87' lang='lat' dir='ltr'>le</span> <span class='ocrx_word' id='word_1_429' title='bbox 1614 3093 1695 3115; x_wconf 88' lang='lat' dir='ltr'>cose</span> <span class='ocrx_word' id='word_1_430' title='bbox 1713 3081 1747 3114; x_wconf 87' lang='lat' dir='ltr'>al</span> <span class='ocrx_word' id='word_1_431' title='bbox 1765 3092 1831 3114; x_wconf 89' lang='lat' dir='ltr'>suo</span> 
     </span>
     <span class='ocr_line' id='line_1_46' title="bbox 78 3132 1827 3182; baseline -0.003 -10"><span class='ocrx_word' id='word_1_432' title='bbox 78 3138 227 3182; x_wconf 86' lang='lat' dir='ltr'>pristino</span> <span class='ocrx_word' id='word_1_433' title='bbox 261 3141 365 3179; x_wconf 85' lang='lat' dir='ltr'>stato,</span> <span class='ocrx_word' id='word_1_434' title='bbox 403 3141 437 3171; x_wconf 84' lang='lat' dir='ltr'>et</span> <span class='ocrx_word' id='word_1_435' title='bbox 467 3137 532 3171; x_wconf 86' lang='lat' dir='ltr'>che</span> <span class='ocrx_word' id='word_1_436' title='bbox 558 3136 581 3170; x_wconf 93' lang='lat' dir='ltr'>li</span> <span class='ocrx_word' id='word_1_437' title='bbox 609 3139 832 3181; x_wconf 83' lang='lat' dir='ltr'>prometteva</span> <span class='ocrx_word' id='word_1_438' title='bbox 867 3134 947 3168; x_wconf 85' lang='lat' dir='ltr'>nell’</span> <span class='ocrx_word' id='word_1_439' title='bbox 976 3135 1120 3167; x_wconf 82' lang='lat' dir='ltr'>avenirc</span> <span class='ocrx_word' id='word_1_440' title='bbox 1154 3145 1223 3166; x_wconf 87' lang='lat' dir='ltr'>non</span> <span class='ocrx_word' id='word_1_441' title='bbox 1250 3132 1273 3166; x_wconf 93' lang='lat' dir='ltr'>li</span> <span class='ocrx_word' id='word_1_442' title='bbox 1300 3133 1435 3167; x_wconf 83' lang='lat' dir='ltr'>levaria</span> <span class='ocrx_word' id='word_1_443' title='bbox 1462 3133 1486 3166; x_wconf 90' lang='lat' dir='ltr'>li</span> <span class='ocrx_word' id='word_1_444' title='bbox 1512 3134 1589 3167; x_wconf 87' lang='lat' dir='ltr'>suoi</span> <span class='ocrx_word' id='word_1_445' title='bbox 1617 3134 1725 3168; x_wconf 87' lang='lat' dir='ltr'>debiti</span> <span class='ocrx_word' id='word_1_446' title='bbox 1750 3145 1827 3178; x_wconf 91' lang='lat' dir='ltr'>pro-</span> 
     </span>
    </p>
   </div>
   <div class='ocr_carea' id='block_1_5' title="bbox 79 3185 1827 3278">
    <p class='ocr_par' dir='ltr' id='par_1_11' title="bbox 79 3185 1827 3278">
     <span class='ocr_line' id='line_1_47' title="bbox 79 3185 1827 3232; baseline -0.002 -8"><span class='ocrx_word' id='word_1_447' title='bbox 79 3191 176 3224; x_wconf 83' lang='lat' dir='ltr'>venti</span> <span class='ocrx_word' id='word_1_448' title='bbox 196 3193 231 3224; x_wconf 91' lang='lat' dir='ltr'>et</span> <span class='ocrx_word' id='word_1_449' title='bbox 249 3190 508 3224; x_wconf 55' lang='lat' dir='ltr'>emolumentiff‘</span> <span class='ocrx_word' id='word_1_450' title='bbox 551 3191 601 3223; x_wconf 81' lang='lat' dir='ltr'>Ac</span> <span class='ocrx_word' id='word_1_451' title='bbox 620 3190 773 3232; x_wconf 64' lang='lat' dir='ltr'>Prosper</span> <span class='ocrx_word' id='word_1_452' title='bbox 791 3189 834 3221; x_wconf 76' lang='lat' dir='ltr'>ab</span> <span class='ocrx_word' id='word_1_453' title='bbox 855 3189 962 3231; x_wconf 70' lang='lat' dir='ltr'>Arcu,</span> <span class='ocrx_word' id='word_1_454' title='bbox 989 3197 1178 3220; x_wconf 77' lang='lat' dir='ltr'>caesareus</span> <span class='ocrx_word' id='word_1_455' title='bbox 1201 3186 1293 3230; x_wconf 86' lang='lat' dir='ltr'>apud</span> <span class='ocrx_word' id='word_1_456' title='bbox 1312 3185 1431 3220; x_wconf 85' lang='lat' dir='ltr'>sedem</span> <span class='ocrx_word' id='word_1_457' title='bbox 1450 3186 1681 3230; x_wconf 83' lang='lat' dir='ltr'>apostolicam</span> <span class='ocrx_word' id='word_1_458' title='bbox 1700 3188 1827 3221; x_wconf 84' lang='lat' dir='ltr'>orator.</span> 
     </span>
     <span class='ocr_line' id='line_1_48' title="bbox 1478 3245 1544 3278; baseline 0 0"><span class='ocrx_word' id='word_1_459' title='bbox 1478 3245 1544 3278; x_wconf 74' lang='lat'>12*</span> 
     </span>
    </p>
   </div>
  </div>
 </body>
</html>
