2045 3471
174 204 258 244 784
371 199 465 232 Mon.
485 197 552 231 850
578 196 656 230 sive
684 194 758 228 wis.
780 193 844 236 (3).
888 192 942 226 Ab
970 191 1108 225 aestate
1135 201 1165 223 a.
1186 187 1276 222 1566
1303 187 1345 220 ad
1374 186 1549 219 aestatem
1575 195 1607 218 a.
1629 183 1731 217 1567.

174 318 316 374 potuit
347 331 416 358 res
449 317 587 358 latere
620 313 837 355 subditos:
880 309 1102 365 spargitur
1133 320 1293 355 rumor,
1336 305 1550 345 mutatam
1584 316 1609 344 a
1642 299 1806 342 Comite
1838 297 1935 340 reli-

175 385 359 438 gionem,
394 384 438 423 et
470 395 564 422 cum
597 379 749 420 melior
782 378 933 419 auctor
964 389 1049 416 non
1082 373 1305 420 existeret,
1341 383 1416 423 per
1438 368 1603 409 vicinas
1625 365 1812 417 vndique
1835 362 1939 404 ciui-

175 452 292 492 tates
324 447 441 489 fama
475 445 736 497 diuulgatur,
771 440 1043 484 JESVITAS
1066 438 1157 480 eius
1184 433 1436 478 mutationis
1459 435 1672 474 auctores.
1722 429 1814 471 Nec
1835 441 1940 469 vero

176 518 341 557 temere
372 512 416 553 in
448 512 558 552 hanc
590 508 874 563 suspicionem
899 508 1077 547 ventum
1111 505 1176 544 est
1201 517 1209 543 ε
1234 499 1442 553 siquidem
1466 498 1517 540 R.
1542 497 1587 539 P.
1611 494 1805 538 Canisius
1827 491 1942 547 apud

179 578 360 621 eundem
394 575 615 625 Comitem,
651 569 977 626 aliquoties³[?]
1012 572 1114 611 ante
1148 567 1405 614 diuersatus,
1440 566 1570 615 atque
1603 559 1833 602 honorifice
1865 558 1943 599 ha-

180 644 309 693 bitus,
333 644 542 695 quantum
565 637 816 687 Caluiniani,
849 634 1098 684 Lutherani,
1133 626 1551 674 Schwenckfeldiani
1574 626 1702 679 (quae
1725 622 1942 665 hominum

183 710 378 751 monstra
419 706 571 748 Comes
613 703 725 746 domi
767 716 871 744 suae
912 700 1076 751 alebat)
1117 701 1166 740 vt
1207 696 1251 738 in
1291 693 1503 743 moribus,
1546 691 1608 733 ita
1649 693 1693 732 et
1735 687 1943 735 doctrina,

183 772 415 816 Catholicis
456 770 682 812 inferiores
724 770 882 816 essent,
927 762 1178 807 clarissimis
1220 758 1488 813 argumentis
1525 756 1858 803 demonstrarat,
1902 754 1947 793 et

184 840 247 881 ita
279 837 425 879 multis
458 837 623 888 egerat,
658 848 754 875 cum
785 832 877 886 ipso
911 830 1089 879 Comite,
1125 831 1175 870 vt
1206 826 1242 867 is
1274 826 1360 866 iam
1392 827 1485 866 tum
1518 818 1812 863 conuersionis
1843 829 1947 859 suae

187 903 399 957 quaedam
431 900 569 952 initia,
603 901 648 941 et
680 897 802 951 quasi
834 893 1098 950 praenuncia
1130 892 1256 945 signa
1289 890 1393 931 dare
1415 888 1535 929 visus
1557 886 1627 928 sit.
1681 884 1841 936 Jtaque
1862 894 1948 923 non

189 968 323 1010 multo
365 968 476 1020 post,
520 978 648 1017 quam
689 960 887 1014 religioni
928 958 1177 1002 Catholicae
1218 969 1264 997 se
1306 953 1588 1001 reddidisset,
1634 949 1853 1001 Dilingam
1894 945 1950 987 ad

190 1030 612 1074 Reuerendissimum
635 1027 919 1074 Cardinalem,
953 1024 1052 1065 inde
1075 1023 1128 1064 ad
1151 1019 1329 1073 Collegij
1354 1017 1492 1060 nostri
1515 1014 1774 1057 Rectorem1
1795 1011 1950 1054 missus

191 1098 244 1140 ab
278 1111 328 1139 eo
362 1095 554 1144 nuncius,
588 1093 716 1135 facile
749 1092 803 1133 ab
836 1090 986 1132 eodem
1018 1085 1282 1141 impetrauit,
1318 1086 1366 1125 vt
1399 1082 1453 1124 ad
1476 1080 1684 1123 Comitem
1708 1076 1952 1132 proficisce-

192 1165 313 1204 retur
344 1175 455 1202 vnus
488 1174 542 1201 ex
574 1157 735 1200 nostris
748 1158 777 1206 2,
821 1155 892 1208 qui
926 1152 1176 1207 Apostolica
1209 1148 1471 1192 auctoritate
1512 1146 1763 1193 instructus,
1805 1139 1953 1195 poeni-

192 1229 359 1269 tentem
391 1228 435 1267 et
468 1239 523 1266 ex
555 1223 696 1265 animo
728 1221 814 1263 iam
847 1232 1115 1266 conuersum,
1149 1213 1431 1268 solempniter
1463 1215 1508 1254 et
1531 1209 1744 1252 Canonice
1766 1205 1952 1248 fidelium

195 1290 483 1334 communioni
514 1289 779 1336 restitueret,
814 1288 944 1337 atque
968 1281 1189 1325 Ecclesiae
1212 1278 1458 1321 Catholicae
1480 1274 1784 1318 reconciliaret
1795 1273 1824 1313 3.
1858 1271 1955 1324 Ipse

196 1358 348 1399 Comes
381 1358 430 1397 vt
461 1353 633 1408 synceri
666 1351 795 1393 animi
829 1362 1037 1404 expressa
1070 1347 1194 1388 daret
1235 1344 1508 1397 argumenta,
1550 1340 1750 1394 paratum
1793 1349 1840 1378 se
1871 1348 1956 1376 non

197 1421 331 1464 semel
364 1419 533 1467 obtulit,
566 1418 695 1459 immo
728 1414 914 1468 rogauit,
948 1416 996 1455 vt
1028 1412 1217 1454 sanitate
1249 1409 1520 1461 recuperata,
1553 1405 1729 1446 indutus
1755 1414 1881 1443 sacco
1912 1399 1956 1440 in

199 1486 415 1542 publicum
457 1483 642 1538 prodire,
686 1485 729 1524 et
766 1479 993 1522 denudatis
1025 1476 1228 1524 humeris,
1271 1472 1384 1527 quod
1417 1469 1644 1514 Germanis
1675 1466 1863 1509 maxime
1893 1463 1959 1505 in—

200 1553 339 1594 uisum
363 1553 443 1600 est,
468 1563 518 1591 ac
539 1561 648 1602 pene
670 1545 923 1594 inauditum,
957 1557 1004 1585 se
1026 1543 1166 1596 ipsum
1191 1538 1377 1593 flagellis
1399 1536 1592 1585 caedere,
1625 1531 1959 1588 professionem-

203 1631 284 1670 que
317 1615 415 1657 fidei
448 1628 592 1656 coram
627 1611 821 1654 omnibus
852 1608 1036 1651 subditis
1067 1606 1238 1661 publica
1271 1602 1474 1646 concione
1495 1612 1706 1643 renouare
1738 1594 1961 1651 permitte-

204 1682 373 1724 retur4:
416 1677 672 1722 Conuocatis
713 1676 847 1729 igitur
887 1672 1129 1728 praecipuis
1173 1668 1441 1713 Officialibus
1482 1665 1592 1715 suis,
1638 1663 1802 1705 vxore5
1842 1660 1960 1707 item,

204 1746 351 1788 liberis
365 1747 392 1796 6,
426 1744 606 1793 1131167,
640 1742 827 1790 sororess,
861 1739 1043 1793 alijsque
1075 1737 1234 1778 lectum
1265 1731 1559 1776 decumbentis
1582 1729 1862 1771 circumstare
1893 1737 1964 1765 so-

205 1812 307 1862 litis,
342 1813 622 1864 posteaquam
657 1806 781 1860 graui
814 1805 1008 1847 oratione
1031 1802 1215 1857 priorem
1240 1798 1496 1841 coecitatem
1525 1808 1645 1837 suam
1680 1790 1962 1846 deplorasset,

206 1877 397 1920 rationes
429 1877 623 1916 mutatae
657 1870 876 1924 religionis
909 1867 1162 1923 aperuisset,
1204 1865 1398 1916 filiosque
1431 1862 1485 1903 ad
1525 1855 1890 1914 perseuerandum
1921 1853 1965 1895 in

327 1969 354 2000 a)
376 1969 440 1999 Sic;
466 1966 667 1997 corrigrendum
694 1972 753 1989 esse
770 1967 857 1995 picto:
878 1960 1052 1994 aliquanto;
1083 1967 1145 1984 nam
1168 1957 1304 1983 Canisins
1323 1955 1409 1980 semel
1429 1956 1541 1979 tantum
1562 1951 1691 1976 comitem
1712 1949 1809 1973 adisse
1830 1946 1965 1975 videtur,-

210 2021 232 2037 v.
253 2020 344 2043 snpra
361 2019 392 2042 p.
411 2012 463 2034 317
483 2011 543 2033 781.

333 2129 343 2148 ¹
370 2127 537 2161 Ottonem
564 2125 763 2159 Truchsess
790 2127 825 2157 et
852 2123 889 2157 P.
909 2121 1169 2155 Theodoricum
1196 2117 1377 2152 Canisium
1404 2113 1500 2148 dicit.

330 2182 343 2202 2
370 2181 408 2214 P.
436 2181 587 2214 Ioannes
614 2190 633 2212 3
660 2176 898 2215 Rabenstein;
927 2175 1009 2208 vide
1035 2183 1143 2217 supra
1170 2183 1201 2216 p.
1228 2170 1308 2204 452.
1354 2168 1442 2201 Eum
1471 2166 1567 2208 (cum
1594 2163 1748 2206 Georgio
1775 2171 1795 2194 a
1820 2158 1967 2192 Rinder-

214 2235 303 2270 bach
330 2237 366 2268 et
392 2232 646 2277 Christophoro
673 2231 775 2275 Frey‚
812 2229 854 2263 de
881 2228 1009 2272 quibus
1036 2236 1145 2270 supra
1171 2236 1205 2268 p.
1231 2224 1316 2265 454)
1355 2221 1411 2254 22.
1438 2219 1574 2264 Aprilis
1599 2214 1882 2256 XVisensteigam
1909 2211 1967 2245 ad-

212 2289 355 2323 venisse
380 2287 538 2321 affirmat
563 2287 803 2327 I‘eesenmeyer
827 2283 851 2316 1.
878 2293 906 2315 c.
937 2281 989 2314 19.

333 2343 345 2361 ³
370 2341 422 2374 De
449 2340 516 2373 hac
542 2338 762 2372 absolutione
790 2336 871 2369 vide
896 2345 1005 2379 supra
1031 2345 1063 2377 p.
1083 2330 1280 2365 452—454.

334 2396 346 2414 ⁴
374 2393 419 2427 Et
443 2393 543 2432 haec,
579 2394 615 2425 et
640 2402 731 2435 quae
758 2392 966 2432 sequuntur.
1003 2398 1023 2419 a
1049 2385 1178 2419 comite
1213 2394 1282 2416 non
1317 2381 1351 2414 in
1387 2379 1502 2424 prima
1536 2376 1597 2410 1113
1633 2372 1865 2411 absolutione,
1900 2380 1970 2413 qua

219 2448 405 2483 Udalricus
432 2445 646 2490 gravissime
673 2445 865 2486 aegrotans
891 2453 910 2474 a
936 2438 1091 2484 parocho
1118 2432 1446 2470 drachensteinensi
1473 2431 1625 2464 donatus
1651 2428 1717 2468 est,
1753 2424 1970 2462 acciderunt,

216 2502 278 2535 sed
297 2512 376 2534 611111
395 2501 426 2534 is
444 2511 464 2533 a
482 2500 520 2532 P.
541 2496 758 2531 Rabenstein
784 2494 1005 2529 sollemniter
1031 2492 1065 2525 in
1085 2490 1273 2524 ecclesiam
1293 2485 1506 2521 catholicam
1533 2482 1769 2525 reciperetur,
1798 2488 1839 2511 ac
1865 2474 1971 2510 facile

218 2566 263 2588 ex
288 2555 366 2598 ipsa
392 2553 459 2586 1136
484 2552 656 2585 relatione
675 2548 907 2591 intellegitur,
926 2543 1221 2579 Rabensteinium
1240 2541 1315 2574 eius
1334 2537 1471 2572 auctori
1489 2547 1546 2570 res
1560 2531 1829 2574 Wisensteigae
1847 2530 1971 2572 gestas

219 2610 386 2642 accurate
412 2616 589 2639 narrasse.
734 2603 747 2622 ⁵
774 2600 967 2635 Catharina
994 2597 1177 2632 comitissa
1204 2607 1224 2629 a
1250 2593 1444 2631 Montfort;
1472 2590 1553 2623 vide
1579 2598 1688 2632 supra
1713 2597 1746 2630 p.
1765 2583 1860 2618 3181.

340 2661 352 2679 ⁶
379 2659 584 2697 Barbaram,
604 2656 821 2693 Udalricum,
840 2652 1044 2689 Rudolfum,
1072 2661 1160 2693 quos
1186 2659 1294 2692 supra
1321 2645 1405 2685 dixi,
1433 2641 1629 2686 significari
1655 2641 1759 2684 puto;
1786 2636 1972 2681 praeterea

222 2713 341 2747 comiti
367 2713 456 2746 (11136
484 2714 585 2745 erant
610 2710 725 2743 filiae:
753 2707 866 2741 Maria
892 2703 1118 2747 Magdalena,
1144 2703 1228 2735 nata
1255 2711 1285 2733 a.
1307 2698 1407 2738 1562,
1434 2699 1470 2730 et
1488 2693 1693 2733 Catharina,
1718 2693 1804 2724 nata
1830 2700 1860 2722 a.
1883 2685 1972 2721 1563

224 2767 369 2807 (Κεφ-ΖΘΓ
394 2766 415 2798 l.
444 2777 471 2798 c.
502 2764 596 2805 153).

342 2820 354 2838 ⁷
382 2819 435 2851 Ex
460 2819 536 2851 eius
562 2815 735 2849 fratribus
760 2815 943 2858 superstes
969 2822 1038 2844 non
1057 2810 1134 2843 erat
1152 2807 1220 2840 nisi
1238 2808 1324 2839 natu
1350 2803 1540 2841 maximus,
1568 2798 1744 2841 Georgius
1767 2795 1811 2829 ab
1828 2792 1974 2828 Helfen-

224 2872 316 2905 stein
356 2869 646 2913 (1518-1573);
687 2867 745 2911 qui
785 2869 819 2900 et
854 2863 1067 2908 compluries
1103 2859 1309 2895 cohortibus
1348 2857 1500 2890 militum
1539 2853 1714 2887 adversus
1739 2848 1875 2882 Turcas
1912 2856 1974 2890 pu-

227 2924 411 2966 gnantium
430 2923 595 2967 praefuit,
622 2924 656 2954 et
675 2931 806 2963 graves
824 2919 961 2961 aliquot
986 2928 1048 2960 pro
1066 2915 1279 2958 imperatore
1305 2909 1503 2952 legationes
1521 2906 1618 2945 obiit,
1645 2906 1680 2937 et
1698 2914 1729 2936 a.
1743 2898 1975 2936 1557—1570

227 2977 425 3020 Oeniponte
448 2974 649 3017 „regimini“
673 2972 840 3006 Austriae
866 2968 1060 3014 superioris
1090 2965 1233 3009 (Tirolis
1260 2975 1339 2998 cum
1366 2961 1511 2995 Austria
1537 2958 1670 3000 antica)
1698 2966 1776 2989 cum
1804 2951 1976 2998 praefecti

231 3029 522 3071 („Statthalter“)
551 3027 692 3060 nomine
718 3025 874 3069 praefuit
903 3023 1048 3065 (Kerler
1073 3021 1094 3054 l.
1115 3032 1143 3054 c.
1167 3016 1360 3052 137—138.
1405 3015 1503 3048 Hirn
1527 3012 1549 3048 l.
1570 3023 1599 3045 6.
1626 3010 1640 3043 1
1665 3006 1881 3047 461—462).

348 3082 360 3101 ⁸
387 3081 615 3114 Catharinam
643 3090 662 3112 a
689 3077 900 3119 Bemelberg
927 3075 993 3108 dici
1021 3072 1206 3109 existimo;
1243 3069 1344 3103 euius
1379 3069 1507 3110 rogatu
1534 3065 1573 3098 P.
1599 3060 1818 3096 Rabenstein
1837 3057 1976 3091 Wisen-

230 3135 382 3176 steigam
409 3133 538 3165 missus
565 3134 637 3165 est:
666 3131 746 3163 vide
773 3141 881 3173 supra
908 3140 940 3172 p.
959 3128 1038 3161 454.
1089 3125 1141 3159 De
1167 3122 1315 3166 reliquis
1342 3121 1478 3154 duabus
1504 3115 1662 3152 Udalrici
1689 3111 1869 3148 sororibus
1894 3109 1977 3143 vide

229 3197 337 3230 supra
363 3198 396 3229 p.
416 3185 509 3218 780³.
