2077 3461
204 216 298 247 XXII
750 217 794 252 ΙΙ.
821 218 1047 253 Prooemium
1074 218 1266 254 voluminis
1292 221 1420 264 quinti.

324 332 404 368 Alio
431 345 572 379 quoque
606 335 827 370 incommodo
853 335 909 370 his
936 337 1039 372 annis
1066 336 1220 372 ecclesia
1244 338 1452 381 germanica
1479 349 1647 382 magnam
1673 341 1813 384 partem
1847 339 1969 375 levata

206 387 281 428 est3
318 386 476 422 studium
511 387 598 423 illud
624 388 703 423 dico
741 389 910 424 calicis
948 391 1078 424 sacri
1117 390 1248 435 populo
1273 391 1478 436 praebendi.
1529 391 1864 436 Salisburgensibus
1889 404 1968 428 eam

202 439 408 474 libertatem
449 440 703 476 detrimentum
746 442 912 477 attulisse
955 442 1248 489 archiepiscopus
1290 444 1464 478 cardinali
1503 444 1704 479 Truchsess
1745 445 1838 480 dixit
1877 446 1967 490 (75).

204 491 347 527 canisio
381 494 573 529 cardinalis
601 494 732 530 Hosius
759 508 804 530 ex
830 496 979 530 Varmia
1014 496 1181 542 scripsit:
1217 496 1490 532 Concessionem
1526 497 1626 532 illam
1652 497 1742 532 nihil
1777 498 1966 544 prodesse;

202 545 271 580 sibi
305 547 491 582 molestias
525 560 570 583 ex
601 560 642 582 ea
677 549 796 594 parari
824 549 939 593 (138).
991 549 1107 591 Quare
1133 550 1262 584 mirum
1297 562 1367 585 non
1402 553 1459 586 est
1493 551 1668 586 electores
1703 551 1968 588 ecclesiasticos

202 598 326 634 calicis
351 601 582 645 permittendi
609 604 789 647 potestate
807 613 828 636 a
847 602 911 637 Pio
930 602 991 637 IV.
1010 603 1078 637 sibi
1104 603 1202 637 facta
1228 603 1280 638 uti
1307 603 1465 638 noluisse
1487 604 1577 648 (75).
1615 604 1654 638 In
1673 604 1850 650 epistulis,
1875 616 1968 650 quae

202 652 245 687 de
271 652 379 688 rebus
403 654 581 690 Bavariae
607 657 701 697 sunt,
727 655 822 690 calix
849 656 912 690 vix
938 667 1006 690 uno
1033 656 1142 691 verbo
1169 659 1477 692 commemoratur.

321 706 612 751 Synodorum
647 708 854 743 institutum
884 709 1007 743 eodem
1043 711 1204 754 tempore
1236 712 1403 755 coeptum
1438 712 1494 745 est
1529 722 1575 745 ex
1606 710 1748 745 concilii
1782 710 1968 746 tridentini

201 760 423 805 praescripto
450 761 485 795 in
513 773 615 796 usum
643 761 775 796 reduci.
816 761 1045 796 Cardinalem
1062 762 1262 797 Truchsess
1288 764 1323 797 in
1350 763 1487 809 synodo
1505 765 1718 808 augustana,
1745 775 1838 808 quae
1856 763 1967 799 Dilin-

201 823 284 855 gam
312 816 532 858 congregata
551 816 614 855 est,
642 817 718 848 tum
737 815 994 859 praeparanda,
1021 817 1097 849 turn
1117 816 1332 851 celebranda
1351 816 1518 852 Canisius
1543 816 1654 852 multo
1680 817 1802 852 labore
1828 817 1968 852 adiuvit

205 864 241 908 (8
267 866 336 900 492
362 867 468 911 497);
505 868 548 901 de
585 868 803 902 catechismo
838 868 1021 910 tradendo,
1058 869 1168 904 verbo
1193 869 1258 904 Dei
1294 870 1519 915 explicando,
1555 870 1793 905 sacramentis
1819 871 1967 905 admini-

199 919 358 954 strandis
383 920 497 955 multa
521 921 715 955 salubriter
739 921 880 956 sancita
905 924 1010 963 sunt;
1037 934 1177 957 morum
1203 923 1412 958 reformatio
1439 936 1484 958 ex
1510 924 1665 958 decretis
1691 923 1897 958 tridentinis
1915 923 1966 958 in-

198 972 347 1014 stituta;
383 973 546 1018 inprimis
581 974 839 1009 concubinatus
874 975 1003 1009 vitium
1038 976 1298 1022 proscriptum;
1338 977 1486 1022 parochi
1520 977 1721 1022 reliquique
1756 977 1966 1012 confessarii

199 1025 342 1060 Bullam
362 1026 511 1069 Coenae,
538 1039 607 1072 qua
634 1039 807 1062 censurae
833 1028 1102 1064 ecclesiasticae
1129 1032 1166 1064 et
1190 1032 1419 1075 peccatorum
1446 1031 1711 1066 reservationes
1738 1030 1965 1076 comprehen-

199 1077 386 1122 debantur,
412 1080 534 1123 legere
560 1083 596 1115 et
622 1081 835 1126 expendere,
862 1082 1009 1126 parochi
1035 1083 1144 1117 etiam
1162 1083 1312 1118 eandem
1329 1083 1485 1128 singulis
1503 1085 1606 1119 annis
1624 1083 1754 1129 populo
1772 1083 1966 1129 explanare

198 1131 289 1166 iussi
314 1135 417 1173 sunt:
453 1133 646 1169 cardinalis
672 1135 1055 1170 excommunicationis
1080 1148 1195 1181 poena
1221 1137 1404 1182 proposita
1438 1137 1636 1179 interdixit,
1671 1149 1716 1171 ne
1741 1137 1822 1181 quis
1856 1136 1966 1171 libros

198 1185 394 1229 prohibitos
420 1186 558 1230 legeret
574 1187 634 1221 vel
651 1199 773 1222 secum
791 1188 973 1231 retineret,
1000 1189 1070 1223 nisi
1088 1190 1285 1235 praepositi
1310 1191 1367 1225 sui
1392 1190 1575 1225 licentiam
1599 1191 1831 1236 impetrasset
1851 1189 1964 1234 (635).

199 1238 297 1272 Idem
315 1240 507 1275 cardinalis
525 1240 560 1275 S.
575 1240 766 1276 Francisco
779 1241 934 1285 Borgiae
953 1242 1109 1287 scripsit,
1128 1254 1337 1288 prosperum
1357 1243 1485 1289 synodi
1503 1255 1709 1279 successum
1727 1243 1963 1288 potissimum,

198 1294 371 1335 quantum
398 1293 442 1327 ad
467 1293 624 1328 humana
649 1294 810 1329 subsidia
835 1295 1016 1338 attineret,
1044 1296 1142 1330 Petri
1169 1296 1304 1331 Canisii
1330 1298 1367 1331 et
1389 1297 1565 1342 Alphonsi
1591 1297 1712 1331 Pisani
1739 1296 1965 1331 sacerdotum

198 1344 388 1380 Societatis
414 1347 625 1391 prudentiae
651 1359 694 1382 ac
719 1348 927 1392 diligentiae
953 1348 1222 1384 attribuendum
1245 1361 1325 1385 esse
1354 1350 1470 1395 (638).
1513 1349 1798 1385 Constantiensis
1824 1360 1965 1394 quoque

197 1398 390 1434 cardinalis
416 1400 592 1444 synodum
618 1402 860 1447 praeparabat
885 1402 968 1446 (451
999 1402 1097 1447 528).

317 1452 403 1487 Pius
429 1453 490 1488 IV.
526 1454 646 1488 fidei
681 1455 1036 1499 professionem
1072 1467 1093 1490 a
1127 1455 1278 1491 concilio
1309 1457 1505 1491 tridentino
1530 1456 1792 1502 praescriptam
1819 1458 1855 1490 et
1879 1467 1901 1490 a
1925 1467 1964 1490 se

198 1507 296 1539 certa
330 1506 485 1541 formula
511 1519 719 1553 expressam
758 1508 803 1543 ab
841 1509 1006 1544 omnibus
1044 1509 1162 1543 emitti
1199 1509 1373 1552 iusserat,
1411 1510 1472 1554 qui
1510 1510 1546 1543 in
1582 1508 1882 1544 universitatibus
1906 1509 1965 1543 vel

197 1558 367 1593 docerent
392 1559 451 1594 vel
476 1564 635 1595 rectores
654 1561 826 1596 decanive
853 1561 1073 1606 eligerentur
1090 1562 1150 1597 vel
1176 1563 1221 1597 ad
1247 1563 1382 1606 gradus
1408 1562 1632 1598 academicos
1658 1564 1963 1607 promoverentur.

196 1611 296 1646 Haec
321 1612 404 1647 fidei
433 1613 608 1658 professio
642 1615 838 1650 tridentina
872 1615 908 1649 in
942 1615 1217 1650 universitatem
1254 1616 1475 1661 dilinganam
1510 1616 1608 1651 facili
1643 1615 1787 1659 negotio
1812 1627 1844 1650 a.
1873 1615 1963 1650 1565

196 1664 343 1700 inducta
380 1668 453 1707 est;
493 1667 637 1712 Dilinga
674 1668 769 1702 enim
807 1668 981 1703 cardinali
1007 1669 1209 1704 'l'ruchsess
1247 1672 1283 1704 et
1320 1670 1357 1704 in
1383 1670 1497 1704 sacris
1531 1671 1568 1704 et
1601 1669 1637 1703 in
1663 1668 1831 1704 civilibus
1856 1668 1963 1703 rebus

195 1718 358 1753 subiecta
395 1723 495 1761 erat,
538 1722 813 1756 universitatem
852 1721 1014 1757 Societas
1056 1723 1206 1766 regebat
1244 1723 1337 1767 (37).
1398 1723 1452 1757 Ab
1494 1722 1731 1757 universitate
1769 1721 1962 1756 coloniensi

195 1771 282 1806 Pius
308 1772 368 1807 IV.
395 1774 544 1808 eandem
579 1775 837 1820 professionem
873 1787 905 1810 a.
935 1776 1026 1811 1566
1060 1776 1206 1811 ineunte
1241 1780 1318 1811 tum
1354 1788 1418 1822 per
1442 1776 1560 1810 Breve
1586 1775 1820 1821 apostolicum
1850 1775 1964 1819 (645),

196 1827 273 1859 tum
299 1837 362 1870 per
388 1827 568 1862 Canisium
596 1829 760 1863 nuntium
786 1829 890 1874 petiit
911 1829 1029 1873 (682);
1058 1830 1224 1865 Canisius
1242 1830 1287 1864 ad
1305 1829 1439 1864 curiam
1458 1830 1594 1864 referre
1615 1829 1742 1874 potuit,
1768 1828 1964 1863 facultates

195 1877 399 1923 theologiae
434 1882 468 1914 et
503 1881 634 1916 artium
664 1882 787 1916 statim
812 1882 911 1917 illam
937 1882 1014 1917 suis
1040 1883 1260 1924 iniunxisse;
1295 1883 1456 1927 reliquas
1491 1882 1686 1917 facultates
1718 1881 1877 1916 eiusdem
1911 1882 1963 1916 in-

196 1931 396 1975 iungendae
422 1945 522 1979 spem
548 1935 678 1970 fecisse
703 1935 818 1979 (171).
868 1936 937 1970 Diu
963 1948 1048 1970 vero
1075 1936 1110 1970 in
1136 1936 1376 1971 universitate
1402 1935 1677 1980 ingolstadiensi
1708 1947 1750 1969 ea
1779 1935 1822 1969 de
1847 1947 1886 1970 re
1911 1935 1961 1969 in-

196 1986 364 2020 standum
400 1991 479 2022 erat
506 1988 566 2031 (37
594 1988 699 2032 493);
737 1989 805 2023 duo
840 1989 891 2023 illi
922 1989 1027 2030 Socii,
1063 1990 1124 2033 qui
1159 1989 1422 2034 philosophiam
1457 1989 1651 2031 docebant,
1687 1987 1882 2033 discipulos
1917 1988 1961 2023 ad

195 2039 452 2084 professionem
478 2041 561 2076 fidei
587 2042 755 2087 privatim
783 2044 867 2077 ante
891 2042 1148 2087 promotionem
1174 2043 1377 2077 faciendam
1404 2042 1632 2077 adduxerunt
1653 2042 1769 2085 (524);
1801 2041 1834 2076 S.
1854 2041 1961 2075 Fran·

197 2093 314 2127 ciscus
331 2093 483 2138 Borgias
508 2096 736 2140 praepositus
763 2095 944 2138 generalis
961 2107 1026 2141 per
1046 2095 1187 2130 litteras
1206 2096 1360 2130 Pfistero
1379 2096 1548 2130 canonico
1576 2094 1797 2139 frisingensi,
1824 2094 1962 2129 Alberti

196 2145 297 2181 ducis
323 2148 441 2191 gratia
467 2148 618 2189 florenti,
645 2149 829 2192 negotium
856 2149 944 2184 illud
971 2150 1237 2184 commendavit
1265 2149 1384 2193 (483);
1413 2160 1528 2193 neque
1555 2151 1675 2183 tamen
1701 2150 1785 2182 ante
1811 2159 1842 2183 a.
1870 2148 1960 2183 1568

196 2201 339 2234 conatui
365 2212 533 2246 prospere
559 2202 745 2236 successit.

316 2254 462 2288 Romam
501 2256 535 2289 in
571 2255 831 2298 collegium
867 2255 1193 2299 germanicum
1220 2255 1351 2297 Sociis,
1386 2255 1550 2301 inprimis
1576 2255 1728 2295 Canisio,
1753 2254 1961 2289 iuvantibus

197 2310 374 2342 venerunt
408 2308 609 2353 complures
643 2309 810 2350 iuvenes,
847 2309 907 2353 qui
941 2311 1066 2354 postea
1100 2309 1137 2343 in
1163 2308 1356 2343 Germania
1392 2309 1435 2343 de
1461 2308 1632 2352 religione
1662 2308 1852 2352 insigniter
1876 2310 1961 2342 sunt

196 2361 333 2395 meriti:
356 2362 518 2396 Andreas
543 2361 681 2396 lerinus
707 2362 741 2396 in
768 2362 963 2407 episcopali
987 2362 1073 2397 sede
1090 2361 1361 2397 vratislaviensi
1383 2362 1523 2407 positus
1541 2361 1732 2406 plurimum
1751 2373 1814 2406 pro
1832 2360 1959 2395 Silesia

196 2415 239 2448 ad
277 2414 360 2448 fidei
398 2415 598 2449 catholicae
635 2415 829 2460 puritatem
867 2415 1070 2450 reducenda
1107 2415 1302 2461 praestitit.
1360 2414 1491 2449 Petrus
1529 2414 1694 2449 Damiani
1732 2414 1768 2448 in
1805 2413 1960 2448 dioecesi

196 2468 405 2509 treverensi,
440 2469 595 2503 maxime
621 2468 658 2502 in
683 2471 779 2503 terra
805 2468 1051 2512 limburgensi,
1083 2468 1267 2513 egregiam
1294 2479 1437 2513 operam
1465 2467 1640 2503 ecclesiae
1665 2466 1816 2502 navavit
1845 2467 1958 2510 (328).

198 2521 353 2555 Eandem
379 2521 481 2556 libris
507 2521 611 2556 editis
630 2521 867 2556 defenderunt
889 2521 1078 2567 Philippus
1096 2521 1314 2556 Doberainer
1334 2521 1386 2565 (2)
1407 2524 1443 2556 et
1460 2521 1610 2556 Iacobus
1629 2521 1750 2555 Rabus
1774 2519 1957 2562 ulmensis,

197 2573 366 2609 Ludovici
392 2575 482 2609 Rabi
508 2575 663 2609 ministri
688 2574 869 2609 lutherani
894 2575 1002 2617 filius,
1031 2574 1196 2619 Dilingae
1221 2586 1285 2619 per
1303 2574 1493 2609 Societatis
1519 2574 1681 2609 homines
1705 2573 1742 2608 in
1768 2573 1956 2608 ecclesiam

196 2630 361 2672 receptus
390 2628 504 2672 (829).
556 2628 622 2663 His
651 2628 847 2672 „alumnis‘
876 2628 1095 2663 accedebant
1120 2627 1297 2673 praeclari
1331 2627 1441 2672 aliqui
1471 2627 1752 2670 „convictores“,
1786 2626 1847 2671 qui
1880 2627 1957 2661 suis

196 2681 363 2725 expensis
400 2681 436 2715 in
474 2681 624 2725 collegio
662 2682 830 2716 vivebant
865 2693 980 2726 neque
1015 2682 1060 2716 ad
1096 2680 1381 2716 ecclesiasticum
1408 2681 1505 2715 vitae
1539 2692 1654 2724 genus
1688 2680 1956 2725 suscipiendum

196 2733 450 2777 adigebantur;
488 2738 528 2769 ut
560 2734 749 2780 Philippus
784 2734 973 2770 Eduardus
1000 2735 1143 2778 Fugger
1178 2737 1422 2776 augustanus,
1461 2733 1521 2778 qui
1556 2736 1681 2778 postea
1715 2733 1955 2767 litteratorum

196 2797 383 2821 maecenas
418 2788 486 2821 fuit
521 2791 556 2822 et
590 2788 927 2823 mathematicarum
960 2788 1092 2822 artium
1127 2798 1295 2830 magnam
1329 2787 1398 2821 sibi
1433 2787 1656 2832 comparavit
1690 2787 1856 2831 peritiam
1886 2785 1954 2829 (5).

197 2840 270 2873 Iam
296 2840 433 2884 aliquot
458 2841 560 2875 annis
586 2843 669 2875 ante
695 2842 730 2875 in
765 2841 956 2885 collegium
985 2841 1118 2875 missus
1145 2842 1221 2874 erat
1249 2839 1471 2874 Octavianus
1497 2839 1653 2884 Philippi
1679 2839 1809 2878 frater;
1847 2840 1954 2882 atque

196 2892 252 2926 hic
279 2912 322 2916 —
350 2893 384 2926 id
419 2893 511 2936 quod
546 2905 677 2927 novum
714 2896 769 2928 est
795 2913 838 2917 —
871 2894 959 2939 ipsis
994 2893 1092 2928 hisce
1127 2893 1249 2934 annis,
1287 2904 1367 2927 cum
1406 2892 1548 2927 litteras
1584 2894 1620 2926 et
1653 2891 1824 2936 pietatem
1859 2890 1954 2925 haud

194 2946 354 2988 segniter
380 2946 549 2980 coluisset
578 2948 614 2988 (3
639 2947 684 2981 42
711 2947 809 2991 535),
845 2947 1060 2981 Societatem
1095 2946 1318 2990 ingrediendi
1343 2957 1444 2991 spem
1471 2945 1623 2981 Ursulae
1648 2944 1754 2978 matri
1790 2943 1955 2988 praebuit

198 2998 320 3042 (274);
348 3000 626 3044 exspectandum
654 3000 966 3045 adulescentisque
992 3000 1149 3034 animum
1185 2999 1320 3034 diutius
1345 2999 1556 3033 tentandum
1583 3008 1662 3032 esse
1689 2996 1782 3031 Socii
1808 3007 1952 3031 censue-

196 3054 278 3086 runt
316 3052 435 3096 (292),
474 3052 579 3097 idque
618 3055 735 3093 recte;
774 3065 856 3087 nam
895 3055 977 3098 post
1011 3053 1154 3097 aliquod
1192 3055 1335 3098 tempus
1376 3053 1408 3087 is
1445 3052 1602 3086 animum
1639 3050 1795 3084 mutavit
1834 3049 1952 3093 (386);

195 3107 353 3139 attamen
388 3107 574 3149 Augustae
608 3108 733 3150 postea
769 3117 972 3150 supremam
1012 3106 1062 3140 rei
1098 3105 1262 3151 publicae
1297 3105 1510 3148 dignitatem
1545 3103 1698 3148 adeptus
1732 3105 1787 3137 est
1822 3105 1857 3136 et
1892 3101 1950 3136 So-

195 3158 317 3192 cietati
342 3169 412 3192 una
438 3170 517 3192 cum
546 3157 708 3202 Philippo
735 3159 845 3192 fratre
880 3159 1034 3202 gratiam
1069 3159 1219 3203 largiter
1253 3157 1403 3199 rettulit,
1439 3157 1555 3202 amplo
1590 3155 1740 3199 collegio
1766 3156 1951 3199 Augustae

196 3211 354 3245 fundato.
