2045 3471
244 213 327 252 242
396 209 496 243 1316.
522 208 619 242 Hier.
639 207 790 249 Natalis,
808 207 904 242 Petr.
926 206 1023 247 Can„
1042 206 1111 240 Iac.
1132 205 1306 241 Ledesma
1323 206 1446 241 Ioanni
1464 206 1653 240 Francisco
1673 205 1945 242 Commendono.

240 326 510 370 Protestanti
524 327 551 378 1,
584 326 614 368 il
637 326 714 368 che
743 325 788 367 in
810 325 971 367 nissun’
995 324 1121 365 modo
1143 338 1284 378 puono
1306 323 1414 374 fare,
1449 324 1490 366 di
1513 327 1630 366 sorte
1653 323 1729 366 che
1751 324 1855 366 nihil
1878 324 1993 366 aliud

240 406 369 446 quam
401 391 671 445 suspendunt
712 389 990 433 authoritatis
1032 388 1353 431 ecclesiasticae
1391 391 1435 431 et
1474 388 1638 442 brachij
1679 389 1885 431 secularis
1917 390 1993 431 ad-

239 470 391 498 uersus
433 455 678 498 haereticos
720 454 1076 508 exequutionem,
1119 453 1161 495 la
1203 453 1330 506 quale
1372 453 1426 494 da
1467 467 1512 494 se
1546 455 1568 494 e
1600 466 1803 507 suspessa
1835 468 1911 507 per
1942 454 1993 495 1⁹³

238 521 506 575 impotentia.

357 586 478 628 Oltre
510 585 551 627 di
584 587 736 638 questo
769 587 802 626 s'
826 584 882 625 ha
914 584 968 625 da
1001 583 1274 625 considerare
1307 582 1370 624 ch’
1404 582 1446 624 in
1488 585 1639 635 questo
1672 583 1858 625 Recesso
1892 583 1992 637 ogni

237 651 356 693 uolta
380 651 457 692 che
479 650 515 692 si
537 643 642 700 dice,
676 664 761 691 non
795 649 921 690 debet
954 648 1032 690 hoc
1064 648 1170 699 fieri,
1204 662 1289 689 non
1321 647 1459 689 uuol'b
1482 647 1559 689 dir’
1584 647 1710 698 altro,
1743 648 1927 690 secondo
1950 649 1992 690 la

238 716 395 770 phrase
427 715 663 765 Thedesca‚
703 728 748 755 se
780 728 878 763 non,
922 712 999 754 che
1040 727 1125 754 non
1167 713 1201 754 si
1243 712 1382 754 faccia.
1424 715 1576 764 questo
1610 715 1633 753 o
1667 712 1850 765 quello2.
1913 713 1993 755 Etc

238 780 327 822 cosi
358 780 528 833 quando
570 779 606 821 si
647 778 739 820 dice
780 792 865 820 non
903 777 1053 831 possit,
1097 792 1182 819 non
1213 777 1250 819 si
1282 791 1394 830 nega
1434 778 1477 818 la
1508 779 1682 831 potesta
1721 776 1917 830 legitima
1948 780 1993 819 et

237 844 456 887 ordinaria
496 858 542 886 se
582 857 667 885 non
706 844 750 885 la
792 842 1069 895 essequution
1110 842 1152 883 di
1193 842 1349 896 quella,
1393 841 1577 883 secondo
1610 841 1652 882 la
1693 841 1849 895 phrase
1881 841 1992 883 The-

238 910 366 951 desca
382 910 410 959 3,
454 912 497 951 et
539 910 690 961 questo
734 907 769 948 si
802 907 910 949 uede
943 921 1020 960 per
1060 907 1102 948 la
1134 921 1245 961 pena
1279 906 1356 948 che
1389 906 1426 947 ci
1458 906 1494 947 si
1525 907 1660 948 mette
1691 906 1789 947 nell'
1814 906 1993 948 articolo

239 976 284 1016 3?
316 976 362 1015 4?
395 975 439 1015 et
474 974 579 1015 11‘.³4

354 1039 471 1081 Jtem
512 1039 556 1080 la
596 1037 821 1091 principal'
859 1036 1098 1079 intentione
1140 1036 1239 1078 delli
1272 1035 1481 1077 Catholici
1520 1035 1562 1077 in
1605 1038 1758 1088 questo
1790 1035 1990 1086 Recesso,

236 1117 320 1145 non
355 1105 376 1144 e
409 1102 493 1144 mai
535 1105 667 1153 stata,
711 1116 764 1143 ne
796 1101 992 1150 mancho,
1036 1103 1058 1142 e
1091 1101 1244 1142 adesso
1287 1100 1327 1141 di
1366 1102 1542 1142 trattar'
1577 1100 1628 1141 de
1660 1099 1896 1153 Religione,
1938 1115 1992 1141 ne

237 1167 279 1209 di
317 1167 561 1210 consentire
593 1167 735 1220 questi
772 1167 887 1208 nella
919 1165 1117 1218 Religion
1159 1165 1200 1206 di
1243 1165 1394 1218 quelli;
1437 1165 1509 1205 Ma
1550 1165 1593 1206 la
1626 1164 1848 1206 chiamano
1887 1179 1992 1218 pace

237 1233 289 1274 de
320 1232 558 1285 Religione,
602 1231 666 1273 cio
709 1234 744 1281 e,
786 1232 829 1273 la
871 1245 978 1285 pace
1020 1230 1071 1271 de
1113 1230 1243 1283 quelli
1286 1229 1363 1270 che
1404 1243 1507 1271 sono
1550 1229 1601 1271 de
1638 1230 1732 1270 Due
1764 1229 1990 1282 Religioni,

353 1324 381 1353 a)
403 1325 438 1349 In
458 1326 483 1349 Γ
497 1332 588 1356 supra
610 1332 722 1349 versum
743 1325 892 1356 scriptum.
965 1323 995 1353 b)
1021 1324 1062 1347 rol
1083 1324 1120 1349 X.
1192 1322 1217 1353 e]
1239 1329 1254 1346 e
1275 1323 1311 1347 X.

357 1445 366 1464 ¹
393 1444 444 1477 De
470 1443 630 1477 haeresis
657 1442 774 1483 exilio,
801 1442 970 1476 bonorum
999 1440 1260 1481 confiscatione,
1286 1442 1400 1473 morte
1424 1439 1659 1473 vindicandae
1685 1451 1781 1473 more
1807 1451 1849 1474 ea
1875 1442 1992 1474 aetate

235 1508 304 1530 non
339 1496 454 1530 solum
489 1496 581 1541 apud
619 1495 824 1536 catholicos,
859 1495 921 1529 sed
957 1495 1064 1528 etiam
1099 1494 1193 1538 apud
1229 1493 1462 1534 Lutheranos,
1499 1492 1738 1534 Calvinianos,
1773 1493 1992 1536 Anglicanos

236 1550 381 1593 vigente
407 1549 489 1583 vide
515 1561 606 1593 quae
631 1548 755 1583 notavi
785 1549 870 1582 Can.
898 1548 912 1580 Ι
938 1548 1033 1581 462¹.

354 1602 367 1622 2
393 1602 436 1636 V.
463 1614 517 1645 g:
543 1603 579 1636 in
605 1607 673 1637 art.
700 1603 740 1636 3:
773 1601 836 1643 „So
862 1600 976 1634 sollen
1001 1600 1055 1633 die
1082 1599 1159 1633 Kai.
1187 1598 1365 1639 Maiestet,
1392 1598 1466 1639 wir,
1494 1598 1584 1632 auch
1611 1599 1825 1639 curfi'irsten,
1852 1599 1988 1632 fiirsten

235 1656 306 1688 und
332 1655 458 1689 stende
492 1656 555 1689 des
580 1654 629 1690 hl.
655 1655 773 1689 reichs
798 1654 928 1688 keinen
963 1653 1069 1687 stand
1104 1653 1166 1686 des
1191 1652 1309 1686 reichs
1335 1664 1405 1685 von
1431 1663 1555 1695 wegen
1582 1652 1644 1685 der
1671 1652 1992 1696 Augspurgischen

236 1708 436 1742 confession
461 1708 526 1742 mit
552 1709 613 1742 der
638 1709 692 1742 tat
718 1707 929 1751 gewaltiger
947 1706 1032 1740 weis
1054 1705 1277 1745 iiberziehen,
1304 1705 1563 1748 beschedigen“
1585 1707 1651 1738 etc.
1674 1705 1992 1748 (DJ-affel-andi

235 1761 258 1796 l.
285 1773 315 1796 c.
342 1761 557 1804 725—726).
608 1761 649 1794 In
676 1760 919 1794 Grammatica
953 1759 1159 1802 germanica
1185 1758 1228 1792 ab
1255 1757 1402 1791 Alberto
1429 1757 1597 1801 Oelinger
1622 1758 1759 1791 notario
1785 1760 1990 1800 argentora-

235 1814 328 1848 tensi
366 1814 597 1857 Argentorati
635 1825 666 1847 a.
705 1812 937 1847 1573—1574
976 1811 1124 1855 vulgata
1162 1810 1284 1854 (quam
1322 1822 1429 1844 unam
1468 1822 1513 1844 ex
1550 1810 1674 1855 primis
1713 1821 1792 1844 esse
1826 1811 1988 1852 tradunt)

236 1867 398 1908 docetur,
439 1870 581 1912 tempus
622 1867 782 1900 futurum
820 1865 1010 1899 verborum
1051 1864 1301 1908 temporalium
1343 1875 1411 1896 non
1449 1863 1563 1896 solum
1599 1863 1719 1896 verbis
1757 1862 1990 1897 auxiliaribus

241 1919 406 1961 „wfflleff‘
436 1922 472 1954 et
501 1919 696 1961 „werden“,
723 1919 785 1953 sed
809 1919 915 1952 etiam
935 1918 1043 1952 verbo
1073 1917 1226 1959 „sollen“
1256 1916 1375 1950 addito
1402 1916 1552 1960 exprimi
1582 1916 1663 1959 (Fr.
1682 1917 1724 1949 L.
1743 1918 1790 1950 K.
1810 1918 1989 1960 Weiyand,

236 1973 438 2007 Deutsches
455 1972 697 2007 Worterbuch
714 1972 772 2013 112,
801 1971 950 2006 Giessen
972 1972 1073 2010 1871,
1101 1971 1178 2004 726.
1214 1971 1250 2004 J.
1269 1971 1344 2002 *mid
1362 1970 1411 2003 W.
1435 1971 1586 2012 Grimm,
1613 1968 1813 2003 Deutsches
1830 1969 1989 2003 XVUrter-

236 2026 329 2060 buch
354 2026 413 2068 X¹‚
438 2025 585 2071 Leipzig
612 2026 712 2066 1905,
750 2025 868 2067 1488).
921 2024 1137 2068 Saepissime
1171 2025 1292 2056 tamen
1328 2022 1436 2056 verbo
1476 2022 1628 2063 „sonem
1667 2022 1892 2065 significatur
1920 2034 1989 2056 non

234 2081 386 2120 tantum,
413 2078 496 2123 quid
523 2079 603 2122 quis
628 2078 696 2112 sibi
721 2079 905 2122 proponat,
933 2077 1018 2121 quid
1044 2076 1230 2121 promittat
1257 2079 1292 2109 et
1318 2076 1530 2119 paciscatur,
1558 2075 1620 2108 sed
1648 2075 1755 2108 etiam
1783 2075 1865 2119 quid
1891 2086 1990 2120 prae-

235 2134 332 2166 stare
358 2131 435 2165 sive
461 2131 625 2166 iubeatur
659 2130 737 2164 sive
763 2142 808 2164 ex
833 2130 910 2174 ipsa
936 2130 987 2163 rei
1021 2132 1151 2163 natura
1186 2129 1324 2162 debeat.
1374 2129 1526 2161 Ioannes
1553 2129 1744 2161 Slec'danus
1771 2127 1987 2172 (Philipson)

236 2184 511 2229 protestantium
544 2183 736 2218 historicus
774 2183 824 2216 ita
858 2184 987 2216 vertit:
1030 2182 1201 2226 „Propter
1236 2182 1471 2224 Augustanae
1509 2180 1744 2214 confessionis
1782 2181 1988 2221 doctrinam,

236 2238 445 2281 religionem
480 2241 588 2282 atque
621 2237 738 2277 fidem,
775 2236 916 2276 Caesar,
950 2235 1196 2269 Ferdinandus
1227 2246 1302 2274 reX,
1338 2235 1540 2277 caeterique
1566 2233 1745 2278 principes
1771 2244 1812 2267 ac
1838 2232 1988 2274 ordines,

235 2291 412 2324 neminem
446 2292 557 2325 totius
591 2289 734 2335 lmperij
770 2300 981 2333 quocunque
1015 2289 1117 2322 modo
1151 2287 1302 2328 uiolent,
1337 2298 1402 2321 nec
1436 2287 1480 2320 ad
1515 2287 1746 2320 deserendam
1780 2286 1988 2329 religionem

236 2355 337 2378 suam
364 2371 371 2378 .
394 2371 423 2378 ..
451 2344 631 2377 mandatis
666 2345 728 2377 aut
763 2343 832 2376 alia
867 2342 994 2385 quauis
1028 2341 1165 2375 ratione
1201 2342 1340 2383 cogant,
1376 2351 1464 2374 neue
1501 2341 1729 2373 contemnant
1763 2339 1890 2372 etiam“
1921 2341 1986 2372 etc.

239 2396 305 2437 (De
331 2399 429 2431 statu
454 2396 652 2439 Religionis
686 2398 722 2429 et
747 2395 988 2439 Reipublicae,
1024 2394 1150 2428 Carolo
1177 2392 1318 2434 Quinto,
1347 2392 1510 2434 Caesare,
1539 2392 1879 2426 Commentariorum
1906 2391 1986 2424 libri

236 2449 365 2489 XXVI,
392 2449 622 2493 Argentorati
650 2449 751 2489 1566,
777 2449 801 2481 f.
828 2446 924 2490 503.)

355 2507 368 2526 ³
393 2502 433 2536 In
458 2503 558 2547 pacis
592 2513 731 2535 summa
763 2500 863 2534 brevi
897 2511 1008 2543 eaque
1035 2510 1055 2533 a
1084 2500 1228 2535 Calcisio
1254 2498 1365 2532 latine
1391 2498 1525 2542 scripta
1551 2499 1586 2531 et
1611 2508 1632 2530 a
1656 2495 1785 2530 Natale
1811 2507 1881 2529 una
1907 2508 1985 2530 cum

236 2554 292 2589 his
329 2555 460 2590 litteris
485 2556 634 2590 Romam
672 2555 781 2588 missa
811 2554 907 2597 (vide
942 2564 1050 2597 supra
1085 2564 1118 2597 p.
1145 2552 1228 2595 233)
1270 2552 1312 2585 de
1350 2551 1511 2585 articulis
1550 2551 1581 2585 3.
1618 2551 1653 2583 et
1679 2550 1711 2583 4.
1749 2549 1800 2582 ita
1837 2548 1986 2583 dicitur:

242 2608 301 2649 „D.
328 2608 572 2643 Ferdinandus
608 2608 685 2642 Rex
711 2608 975 2641 Romanorum.
997 2633 1003 2640 .
1024 2634 1030 2640 .
1050 2608 1244 2639 tract-atum
1280 2607 1315 2638 et
1341 2604 1546 2638 conclusum
1574 2614 1652 2636 esse
1678 2602 1773 2643 dicit,
1808 2603 1847 2634 ut
1872 2613 1987 2645 neque

238 2661 445 2705 Imperator,
481 2664 543 2695 aut
568 2662 806 2695 Romanorum
833 2660 920 2699 Rex,
957 2662 1019 2692 aut
1053 2658 1182 2702 aliquis
1216 2658 1381 2703 princeps
1417 2658 1539 2701 posset
1572 2655 1727 2699 aliquem
1762 2665 1806 2688 ex
1832 2655 1987 2688 statibus

237 2713 378 2757 Imperii
413 2726 574 2759 premere
609 2714 713 2754 bello,
749 2715 812 2748 aut
844 2712 950 2746 alicui
977 2711 1182 2755 Principum
1217 2710 1464 2754 quoquomodo
1498 2708 1758 2742 incommodare
1784 2706 1826 2740 ob
1853 2707 1986 2751 profes-

238 2759 371 2800 sionem
397 2768 632 2810 Augustanae
667 2765 911 2800 confessionis.
933 2791 939 2798 .
960 2792 966 2798 .
987 2791 994 2798 .
1037 2764 1064 2798 E
1092 2764 1233 2797 diverso
1269 2763 1453 2807 Principes
1479 2763 1711 2804 Augustanae
1746 2759 1986 2793 Confessionis

238 2818 335 2851 nullo
361 2820 474 2860 modo,
501 2822 562 2853 aut
587 2819 690 2861 bello,
717 2819 776 2853 vel
803 2817 882 2852 aliis
908 2817 1022 2850 modis
1048 2819 1207 2861 possunt,
1236 2818 1297 2850 aut
1324 2815 1453 2849 debent
1478 2814 1550 2848 illis
1575 2824 1712 2853 nocere,
1740 2812 1799 2855 qui
1826 2815 1910 2845 sunt
1927 2824 1984 2846 ve-

238 2870 325 2903 teris
350 2870 564 2914 Religionis“
595 2874 661 2906 etc.
712 2872 752 2905 In
778 2872 854 2916 ipso
880 2872 1000 2904 tamen
1027 2881 1170 2903 recessu
1204 2868 1408 2912 germanico
1433 2878 1547 2911 neque
1572 2866 1628 2899 his
1652 2865 1739 2898 locis
1765 2876 1879 2908 neque
1906 2865 1985 2898 aliis

238 2922 385 2955 verbnm
424 2926 565 2968 „posse“
607 2925 778 2967 (konnen)
814 2924 1025 2967 usurpatur;
1063 2922 1193 2956 dicitur
1228 2933 1329 2955 vero:
1371 2919 1435 2962 „So
1469 2919 1584 2953 sollen
1616 2918 1671 2951 die
1701 2917 1780 2951 Kai.
1806 2917 1983 2958 Maiestet,

240 2974 323 3006 wir“
354 2977 419 3008 etc.

358 3029 370 3046 4
395 3028 435 3060 In
469 3028 629 3062 articulis
663 3029 740 3062 sive
775 3028 951 3072 capitibus
987 3028 1018 3062 3.
1055 3029 1090 3061 et
1123 3028 1157 3062 4.
1183 3027 1391 3072 proponitur
1424 3035 1546 3069 poena,
1582 3034 1673 3066 quae
1708 3022 1870 3066 publicae
1905 3023 1983 3067 paci

240 3078 394 3112 violatae
426 3081 619 3114 constituta
654 3084 707 3115 est
736 3081 830 3123 („bei
851 3108 856 3114 .
879 3108 884 3115 .
906 3107 913 3114 .
932 3092 1000 3125 pen
1036 3080 1098 3114 des
1133 3079 1408 3113 lantfriedens“:
1450 3077 1523 3118 „bei
1550 3075 1783 3118 vermeidung
1817 3075 1879 3108 der
1904 3086 1982 3119 pen,

239 3130 274 3163 in
302 3130 379 3164 dem
405 3132 629 3173 ufgerichten
654 3133 868 3167 lantfrieden
893 3133 1084 3175 begriffen“
1110 3131 1424 3175 [DruffeZ-Brandi
1448 3129 1470 3162 l.
1490 3140 1519 3162 c.
1539 3129 1605 3162 727
1625 3128 1742 3170 729]);
1770 3130 1806 3161 in
1832 3127 1982 3161 articulo

240 3194 324 3217 vero
351 3183 404 3217 11.
433 3182 525 3225 (sive
554 3185 613 3219 12:
642 3185 684 3218 cf.
712 3185 805 3218 infra
831 3197 862 3229 p.
890 3185 988 3218 246¹=
1007 3184 1034 3227 2)
1064 3196 1176 3229 poena
1201 3183 1317 3228 planis
1344 3181 1464 3216 verbis
1489 3192 1558 3214 non
1584 3182 1800 3225 proponitur.
