2077 3461
1113 725 1186 768 VI.

950 814 1346 871 EXPLICATIO

322 917 557 969 signorum
587 919 630 956 et
658 920 867 956 notarum
899 917 1389 971 („abb1·eviati0num“)
1420 919 1598 968 saepius
1629 920 1972 959 occurrentium.

388 1025 596 1074 Quoniam
638 1025 681 1065 in
721 1025 801 1067 1100
843 1039 973 1079 opere
1014 1025 1140 1067 multi
1180 1026 1263 1068 1001
1302 1027 1461 1068 Sacrae
1495 1027 1744 1081 Scripturae
1775 1052 1832 1055 ——
1864 1028 1906 1070 in
1947 1028 2027 1070 hoc

271 1095 489 1137 volumine
518 1095 667 1148 quinto
696 1095 788 1138 fere
812 1097 897 1138 620
920 1121 976 1125 -—
1000 1099 1404 1148 commemorantur,
1437 1097 1552 1151 iique
1584 1098 1699 1140 notis
1730 1098 2029 1152 significantur

268 1165 534 1207 brevissimis
556 1165 615 1217 (v,
639 1180 680 1219 g.
710 1167 818 1216 „Dt“
843 1185 896 1200 z
920 1167 1029 1209 liber
1050 1168 1407 1221 Deuteronomio,
1437 1168 1480 1209 in
1512 1172 1733 1222 posterum
1755 1169 1836 1211 hae
1859 1183 2027 1223 quoque

268 1238 398 1278 notae
429 1236 473 1277 in
504 1237 584 1278 hoc
618 1236 761 1291 capite
793 1237 867 1280 VI.
902 1238 1247 1291 explicabuntur.

387 1328 506 1364 Sicubi
543 1329 686 1372 signum
721 1331 739 1349 *
773 1329 809 1363 in
847 1330 1136 1364 adnotationibus
1175 1334 1210 1364 et
1245 1331 1543 1376 explicationibus
1582 1332 1807 1376 comparebit,
1846 1331 2029 1373 indicabit,

267 1387 440 1422 editorem
465 1387 564 1421 fonte
589 1389 643 1422 uti
673 1388 780 1432 (quod
806 1388 883 1433 ipse
910 1389 1052 1433 quidem
1077 1389 1188 1432 norit)
1215 1391 1371 1424 nonduin
1398 1391 1503 1424 edito.
1543 1390 1579 1425 Si
1606 1402 1696 1435 quae
1722 1393 1843 1425 autem
1869 1402 1914 1425 ex
1940 1391 2028 1436 ipsis

266 1446 399 1480 litteris
433 1446 743 1490 monumentisque
779 1447 971 1481 canisianis
1006 1460 1099 1482 nunc
1135 1448 1289 1493 primum
1314 1449 1350 1482 in
1379 1449 1495 1483 lucem
1522 1452 1627 1484 erunt
1652 1450 1793 1490 emissa,
1830 1450 1865 1484 id
1893 1462 1937 1484 ex
1962 1450 2028 1484 hoc

266 1505 344 1550 ipso
369 1504 532 1548 intellegi
558 1506 699 1550 poterit,
734 1506 828 1550 quod
854 1508 936 1551 post
961 1507 1124 1552 exempla
1150 1519 1259 1542 manu
1284 1508 1430 1552 scripta,
1458 1520 1503 1542 ex
1529 1509 1658 1553 quibus
1684 1511 1768 1543 sunt
1792 1509 1890 1554 typis
1915 1512 2028 1544 trans·

267 1563 413 1608 scripta,
440 1563 530 1597 liber
554 1575 623 1597 non
650 1564 718 1598 erit
743 1565 933 1607 indicatus,
960 1577 1028 1609 quo
1053 1566 1124 1599 iam
1152 1566 1210 1599 vel
1235 1567 1376 1610 integra
1402 1566 1461 1600 vel
1487 1579 1532 1601 ex
1558 1571 1659 1612 parte
1685 1568 1834 1611 vulgata
1859 1568 1941 1602 sint.

385 1622 595 1657 Notabitur:
623 1622 731 1666 Signo
757 1643 803 1646 —
829 1644 884 1664 -—,
922 1625 1056 1668 aliquid
1083 1625 1117 1658 in
1143 1625 1220 1669 ipso
1246 1625 1345 1659 fonte
1372 1626 1515 1667 deesse3
1551 1627 1694 1671 punctis
1720 1627 1893 1672 appositis
1922 1626 1945 1670 (.
1964 1654 1971 1662 .
1992 1628 2028 1669 .),

268 1681 402 1725 aliquid
437 1681 481 1715 ab
517 1682 651 1715 editore
681 1682 817 1722 omitti;
853 1684 954 1717 uncis
991 1684 1175 1728 quadratis
1212 1683 1272 1728 [].
1308 1684 1442 1728 aliquid
1478 1685 1521 1719 ab
1557 1686 1691 1720 editore
1728 1686 1934 1731 suppletum
1968 1686 2027 1720 vel

267 1740 428 1774 additum
455 1751 552 1781 esse3
580 1740 678 1786 typis
712 1741 865 1776 latius
900 1742 1185 1787 dispositis,
1224 1743 1405 1777 canisium
1429 1743 1565 1778 aliosve
1601 1756 1669 1778 non
1696 1745 1791 1786 suis,
1826 1745 1889 1779 sed
1916 1745 2028 1790 ipsius

269 1799 399 1833 Sacrae
425 1799 631 1843 Scripturae
658 1800 777 1834 verbis
803 1801 909 1844 loqui.

272 1881 584 1926 „Autographum“
616 1896 659 1910 z
687 1883 779 1925 quod
806 1886 930 1917 auctor
956 1895 1020 1917 sua
1046 1895 1153 1918 manu
1179 1884 1334 1928 scripsit.

273 1939 558 1984 „Archetypun1“
590 1955 634 1969 Ξ
661 1942 752 1984 quod
779 1944 924 1976 auctore
952 1943 1109 1976 dictante
1136 1942 1194 1976 vel
1219 1943 1411 1977 mandante
1438 1943 1611 1987 scriptum
1638 1945 1703 1977 est.

269 1997 572 2032 commentarium
599 2013 643 2027 z
669 2000 852 2044 scriptum,
881 2011 948 2044 quo
976 2001 1131 2045 epistula
1157 2001 1215 2035 vel
1243 2002 1359 2035 contio
1384 2004 1450 2036 etc.
1470 2002 1624 2046 primum
1650 2003 1705 2036 est
1730 2003 1943 2046 praeparata
1968 2001 2027 2035 vel

410 2057 621 2091 adumbrata
649 2058 837 2103 (Koncept,
864 2059 1048 2101 brouillon,
1081 2060 1248 2104 minuta).

268 2115 450 2150 Librarius
476 2131 520 2145 Ξ
547 2117 607 2160 qui
634 2117 825 2161 epistulam
853 2120 919 2152 etc.
947 2119 1005 2153 vel
1032 2120 1189 2153 auctoris
1215 2120 1385 2153 mandatu
1412 2120 1582 2153 eodemve
1608 2120 1765 2153 dictante
1787 2119 1941 2164 scripsit,
1967 2119 2026 2153 vel

408 2186 453 2208 ex
471 2175 704 2219 autographo,
724 2176 920 2221 archetypo
939 2180 1005 2211 etc.
1025 2178 1253 2222 transcripsit
1273 2178 1514 2220 (secretarius,
1533 2179 1694 2223 scriptor,
1712 2178 1840 2220 scriba,
1860 2177 2024 2222 copista).

268 2234 305 2267 2⁰
331 2248 375 2263 z
401 2233 436 2266 in
462 2233 558 2268 folio.

384 2315 499 2349 Notae
538 2315 712 2359 quaedam
751 2327 771 2349 a
807 2315 949 2350 Canisio
987 2316 1137 2360 aliisque
1173 2318 1217 2351 ad
1256 2318 1439 2362 complura
1477 2320 1512 2352 et
1549 2319 1638 2352 satis
1673 2318 1816 2352 diversa
1850 2317 2024 2351 voeabula

266 2373 502 2417 significanda
528 2374 760 2414 adhibentur;
798 2377 955 2408 attamen
984 2375 1067 2419 quid
1094 2376 1246 2419 singulis
1272 2376 1360 2410 locis
1386 2377 1600 2420 significent,
1633 2389 1677 2410 ex
1702 2377 1780 2422 ipsa
1806 2377 1964 2410 oratione
1989 2379 2024 2410 et

266 2432 423 2466 maxime
456 2444 500 2466 ex
535 2432 589 2474 iis,
628 2444 719 2476 quae
748 2436 853 2467 notas
879 2433 960 2467 illas
986 2434 1147 2478 proxime
1173 2437 1248 2468 tum
1275 2435 1489 2469 antecedent
1513 2437 1589 2469 tum
1615 2437 1828 2480 sequentur,
1863 2435 2023 2478 dignosci

265 2492 407 2535 poterit.
459 2491 630 2525 Similiter
655 2491 895 2534 intellegetur,
932 2495 1052 2526 utrum
1079 2505 1112 2527 v.
1131 2504 1164 2536 g.
1197 2493 1275 2535 „P.“
1305 2493 1485 2536 significet
1515 2495 1661 2536 „Pater“
1691 2506 1736 2528 an
1766 2494 1923 2537 „Patris“
1955 2495 2020 2528 etc.

266 2550 334 2584 Hic
359 2550 469 2585 verba
495 2551 571 2584 fere
597 2550 672 2584 solo
699 2561 785 2585 casu
809 2553 918 2593 recto,
946 2563 1051 2595 quem
1077 2563 1260 2594 vocamus,
1286 2554 1475 2596 ponuntur.

266 2654 298 2676 a.
326 2658 369 2671 z
396 2654 520 2677 annus.
1165 2645 1261 2678 arch.
1289 2659 1332 2674 z
1359 2645 1587 2690 archetypus.

266 2703 308 2735 A.
338 2716 379 2730 Ξ
406 2701 564 2743 Α11οΖΖ3,
592 2703 727 2736 Annus.
1144 2705 1230 2741 tart.
1258 2718 1302 2732 Ξ
1329 2703 1464 2744 article,
1491 2703 1676 2738 articulus.

266 2760 348 2794 Abt.
376 2775 420 2788 Ξ
446 2759 678 2804 Abtheilung.
1164 2773 1244 2805 aug.
1272 2777 1316 2791 z
1343 2765 1576 2806 augustanus.

268 2821 337 2852 Act
363 2833 407 2848 Ξ
434 2819 548 2852 Actus
574 2819 836 2863 Apostolorum.
1163 2822 1246 2861 aut,
1274 2822 1412 2864 autogr.
1440 2835 1484 2850 z
1510 2819 1766 2864 autographus.

266 2878 345 2910 Act.
374 2891 417 2905 :-
443 2876 558 2910 Act-io.
1144 2872 1145 2878 ¹

267 2934 359 2975 adn„
386 2934 506 2968 adnot.
534 2948 578 2963 Ξ
604 2935 797 2970 adnotatio.
1162 2937 1213 2978 B„
1240 2937 1272 2970 b.
1301 2951 1344 2966 :-
1371 2936 1514 2971 Beatus.

266 3004 322 3037 ap.
350 3007 394 3021 z
421 2992 678 3036 apographum.
1142 2995 1202 3030 ΞΒ.
1220 2996 1270 3029 M.
1288 2995 1331 3030 V.
1359 3009 1403 3023 Ξ
1428 2995 1542 3029 Beata
1567 2994 1682 3028 Maria
1700 2993 1821 3036 Virgo.

266 3051 343 3094 Ape
370 3065 413 3079 Ξ
439 3050 677 3096 Apocalypsis
713 3052 753 3086 B.
783 3052 924 3087 Ioannis
952 3053 1123 3098 Apostoli.
1162 3053 1234 3087 Bar
1259 3068 1303 3082 Ξ
1329 3053 1521 3097 Prophetia
1550 3052 1702 3086 Baruch.

266 3119 389 3153 apogr.
417 3123 461 3137 Ξ
488 3109 743 3154 apographum.
1162 3112 1214 3146 Bd
1242 3127 1285 3141 z
1312 3112 1422 3145 Band.

265 3166 390 3211 Apost.
418 3181 460 3195 z
486 3166 726 3211 Apostolicus.
1161 3170 1220 3203 ΒΓ.
1248 3184 1291 3198 z
1317 3169 1503 3212 Breisgau.
