2045 3471
187 203 272 245 830
540 199 634 233 Mon.
654 198 722 234 886
748 198 825 233 sive
852 209 927 233 var.
948 197 1014 242 (6).
1056 197 1173 232 Medio
1199 197 1274 232 fere
1300 209 1345 232 m.
1364 196 1461 242 Sept.
1484 196 1583 231 1565.

178 334 359 374 ¹suasum
393 333 491 373 esse,
527 323 571 360 ut
603 319 822 374 Dilinyam
854 323 1018 373 peteret.
1082 319 1149 360 Ibi
1181 318 1400 359 Societatis
1432 317 1631 366 homines,
1674 315 1784 371 quod
1815 328 1857 356 se
1890 315 1943 356 ab

188 385 451 426 adversariis
496 385 669 425 missum
714 397 799 424 esse
838 384 1169 438 suspicarentur,
1215 383 1377 437 „primo
1419 383 1560 422 statim
1601 394 1821 436 conyressu
1863 379 1943 420 ad·-

186 450 354 492 modum
389 446 609 503 difficiles“
641 447 791 502 fuisse,
836 453 957 502 atque
993 449 1158 502 Zonyam
1191 447 1271 488 sibi
1298 447 1461 500 factam
1496 460 1579 487 esse
1610 459 1770 487 moram
1804 444 1945 499 quoad

186 514 354 555 tcmdem
387 515 433 555 in
467 514 658 554 ecclesiae
690 513 915 554 catholicae
947 513 1274 554 communionem
1308 526 1333 552 α
1366 512 1499 554 Sociis
1531 511 1801 565 reciperetur.

304 599 356 633 De
390 598 459 633 hac
492 598 696 643 receptione
722 600 841 632 *Aeta
878 597 1127 632 universitatis
1165 597 1369 641 dilinganae
1406 596 1496 630 haec
1534 595 1686 630 habent:
1729 593 1945 637 „Tricesimo

187 651 298 685 eiusd.
325 651 460 686 mensis
487 650 715 695 [Novembris
742 650 907 695 a.1565],
933 651 1022 696 ipsis
1047 650 1148 695 ferijs
1174 650 1225 684 D:
1253 650 1416 684 Andreae
1444 649 1625 684 abiurauit
1650 648 1816 683 haeresin
1839 648 1943 681 Lute-

185 715 310 738 ranam
336 704 372 738 in
390 704 637 739 Vniuersitate
664 716 784 739 coram
811 704 1073 749 professoribus
1099 706 1135 737 et
1160 703 1283 737 multis
1309 703 1481 737 studiosis
1507 703 1664 737 Jacobus
1690 701 1821 742 Rabus,
1847 700 1945 734 filius

187 757 278 791 Rabi
315 757 645 802 superintendentis
681 756 850 792 Luterani
876 756 1013 798 Vlmae,
1052 761 1088 791 et
1127 756 1309 791 Ecclesiae
1344 756 1540 790 solenniter
1578 758 1634 789 est
1668 753 1941 789 reconciliatus“

188 810 289 854 (Cod.
316 810 375 844 dil.
406 811 520 853 „Acta
545 821 597 844 30.
624 809 713 844 Dil.“
744 822 777 855 p.
797 810 871 854 74).
906 810 1017 852 Addo,
1045 821 1137 854 quae
1164 810 1206 843 de
1233 809 1332 843 Rabo
1359 820 1380 843 a
1410 809 1662 852 Clzristophoro
1688 808 1830 852 Za'ylero
1856 806 1889 841 S.
1910 807 1944 841 J.

186 863 222 897 in
258 862 399 906 collegii
434 862 607 906 dilingani
642 862 818 898 =÷Litteris
854 864 991 904 annuis,
1031 863 1177 906 Dilinga
1203 863 1259 897 31.
1286 862 1443 906 Augusti
1471 863 1562 897 1566
1590 862 1695 902 datis,
1732 862 1943 899 narrantur;

187 916 275 950 haec
301 916 394 950 enim
421 928 588 960 magnam
615 918 764 961 partem,
803 917 873 950 nisi
898 916 1012 958 fallor,
1039 927 1152 960 usque
1179 915 1296 950 adhuc
1322 917 1446 959 ignota
1472 918 1593 950 erant:
1624 914 1732 958 „Tres
1758 914 1858 947 fuere
1884 913 1946 957 qui

186 969 393 1004 solemniter
427 976 464 1004 et
498 969 639 1014 publice
673 969 740 1004 hoc
774 969 852 1004 loco
886 969 1064 1011 haereses,
1103 970 1138 1003 in
1174 969 1303 1013 quibus
1338 980 1358 1003 3
1384 969 1572 1003 cunabulis
1609 966 1767 1002 instituti
1792 966 1946 1007 fuerant,

187 1022 408 1057 abiurarunt.
437 1050 443 1056 .
465 1049 472 1056 .
492 1049 499 1057 .
550 1021 602 1056 De
627 1034 697 1057 vno
733 1034 854 1056 eorum
890 1022 956 1057 hoc
992 1023 1122 1057 addere
1148 1022 1244 1064 libet,
1280 1022 1373 1066 quod
1400 1022 1496 1056 filius
1531 1022 1580 1056 sit
1604 1020 1734 1055 nobilis
1760 1019 1946 1054 cuiusdam

187 1074 383 1109 Lutherani
409 1075 688 1117 Concionatoris,
724 1075 784 1119 qui
818 1075 853 1109 in
891 1075 1038 1109 ciuitate
1064 1075 1244 1120 Imperiali
1270 1075 1476 1119 praecipua,
1513 1074 1679 1119 Episcopi
1713 1073 1791 1107 siue
1817 1072 1947 1116 Super-

188 1128 406 1162 intendentis
435 1128 491 1172 (vt
517 1128 585 1173 ipsi
611 1132 757 1171 uocant)
785 1140 915 1162 munus
934 1130 1084 1173 usurpat
1110 1131 1145 1162 et
1163 1140 1302 1162 nomen,
1340 1128 1542 1171 Diligenter
1567 1130 1687 1161 autem
1713 1126 1808 1160 hunc
1832 1124 1946 1158 filium

189 1181 225 1215 in
251 1180 472 1223 Haebraicis‚
500 1180 659 1222 Graecis,
686 1181 834 1223 Latinis,
871 1181 1148 1223 Mathematicis,
1175 1181 1404 1225 Theologicis
1438 1180 1699 1215 instituendum
1734 1181 1878 1213 curarat
1911 1180 1947 1211 et

190 1234 421 1268 concionandi
448 1233 586 1268 muneri
612 1245 691 1268 eum
717 1234 822 1279 plane
849 1235 1102 1275 destinauerat,
1134 1235 1276 1278 iamque
1301 1234 1468 1269 idoneum
1494 1234 1665 1268 censebat
1690 1232 1750 1277 qui
1777 1234 1813 1266 et
1838 1230 1947 1264 verbo

191 1290 227 1321 et
252 1287 386 1332 scripto
405 1287 627 1322 Catholicam
653 1287 760 1321 fidem
786 1299 992 1332 oppugnare
1017 1299 1058 1322 ac
1077 1287 1390 1322 Lutheranismum
1417 1298 1616 1333 propagare
1642 1287 1774 1331 posset.
1812 1284 1946 1318 Verum

190 1340 450 1383 benignissima
474 1340 541 1374 Dei
565 1340 788 1385 prouidentia
815 1341 944 1375 accidit
969 1344 1010 1375 vt
1034 1341 1091 1375 hic
1117 1341 1327 1375 adolescens
1352 1341 1388 1374 in
1407 1341 1583 1375 Catholici
1607 1339 1792 1374 cuiusdam
1817 1337 1947 1371 librum

193 1396 318 1427 contra
343 1393 544 1428 haereticos
570 1394 744 1438 scriptum
770 1394 941 1428 incideret
968 1397 1003 1428 et
1028 1394 1225 1439 pugnantia
1251 1394 1358 1428 simul
1384 1394 1477 1428 inter
1503 1405 1541 1428 se
1566 1393 1836 1428 lutheranorum
1863 1390 1949 1433 dog-

194 1449 291 1480 mata
317 1446 568 1488 consideraret,
595 1458 665 1490 qua
691 1458 728 1480 re
755 1447 789 1480 id
816 1450 1028 1482 consecutus
1054 1449 1108 1481 est
1127 1449 1167 1481 vt
1192 1448 1227 1481 in
1253 1450 1404 1492 paterna
1430 1447 1572 1482 haeresi
1597 1446 1825 1491 acquiescere
1851 1443 1948 1477 nullo

194 1500 297 1533 modo
323 1502 456 1544 posset,
492 1502 528 1533 et
552 1499 665 1544 varijs
691 1500 967 1543 cogitationibus
993 1500 1069 1534 eius
1095 1501 1236 1534 animus
1263 1500 1537 1535 distraheretur.
1586 1499 1696 1534 Venit
1720 1498 1865 1533 tandem
1890 1495 1949 1530 Di-

193 1552 339 1595 ]ingam,
367 1555 402 1586 et
427 1553 463 1586 in
489 1554 648 1587 nostram
674 1564 713 1587 se
739 1553 936 1587 insinuauit
961 1553 1256 1588 familiaritatem.
1307 1553 1381 1588 Nos
1407 1556 1488 1599 post
1512 1553 1643 1588 seriam
1670 1551 1823 1586 hominis
1848 1549 1950 1583 initio

193 1605 295 1640 nobis
321 1605 489 1650 suspecti,
516 1605 771 1650 probationem,
798 1607 942 1640 tandem
969 1619 1047 1640 eum
1075 1607 1367 1641 catechizandum
1386 1607 1621 1651 suscepimus,
1648 1607 1684 1639 et
1709 1614 1842 1650 paucos
1868 1604 1949 1648 post

192 1658 279 1700 dies,
305 1670 385 1692 cum
410 1658 471 1692 ille
497 1658 625 1699 cibum,
652 1661 735 1692 ante
761 1660 988 1704 impetratam
1014 1671 1093 1694 cum
1113 1659 1274 1694 Ecclesia
1299 1659 1623 1694 reconciliationem
1651 1669 1791 1692 sumere
1808 1655 1945 1690 nullum

193 1711 314 1752 vellet,
349 1711 605 1746 absoluendum
641 1723 720 1746 eum
755 1712 799 1746 ab
825 1712 976 1754 haeresi,
1012 1713 1217 1757 Apostolica
1243 1713 1436 1747 autoritate
1463 1713 1679 1747 curauimus.
1730 1711 1761 1744 A
1787 1708 1945 1754 peccatis

193 1764 301 1798 etiam
333 1767 414 1809 post
440 1764 646 1808 diligentem
673 1766 783 1799 totius
810 1766 906 1799 vitae
932 1766 1191 1800 confessionem
1218 1766 1403 1800 absolutus
1430 1770 1496 1808 est,
1532 1768 1568 1800 et
1601 1762 1838 1799 sacramentis
1863 1761 1945 1806 alijs

194 1817 357 1851 donatus.
403 1817 512 1851 Pater
537 1829 697 1851 summae
723 1818 951 1852 authoritatis
977 1819 1070 1864 apud
1097 1819 1306 1861 haereticos,
1333 1819 1564 1853 conuersione
1590 1818 1653 1863 filij
1679 1816 1874 1856 intellecta,
1900 1814 1945 1848 ad

191 1870 367 1904 insaniam
392 1882 481 1915 pene
507 1870 674 1904 redactus
700 1873 765 1905 est.
815 1872 915 1906 Misit
941 1872 1009 1906 huc
1035 1873 1300 1906 concionatores
1336 1875 1371 1906 et
1396 1873 1493 1907 viros
1519 1872 1608 1906 alios
1635 1869 1755 1914 magni
1780 1868 1944 1908 nominis,

194 1923 253 1967 qui
279 1923 390 1957 filium
418 1926 640 1967 quaererent,
676 1926 710 1957 et
736 1927 993 1968 peruerterent‚
1028 1925 1090 1959 sed
1125 1925 1258 1959 infecta
1292 1937 1329 1959 re
1355 1926 1453 1959 abire
1479 1925 1593 1959 coacti
1625 1927 1718 1958 sunt.
1769 1921 1945 1956 Audimus

193 1976 301 2010 etiam
326 1976 470 2021 publica
505 1976 556 2010 eis
590 1978 772 2021 proposita
805 1977 918 2011 fuisse
953 1978 1110 2022 praemia
1145 1978 1205 2022 qui
1231 1978 1343 2012 filium
1369 1978 1463 2013 hunc
1490 1978 1589 2012 Patri
1615 1977 1761 2011 reddere
1787 1975 1944 2019 possent.

194 2028 262 2064 Sed
297 2029 433 2064 frustra
466 2029 645 2063 laborauit
679 2029 853 2064 hactenus
889 2030 1034 2065 Sathan.
1087 2031 1274 2066 Abscessit
1308 2032 1402 2065 enim
1436 2031 1471 2065 in
1507 2031 1659 2071 Italiam,
1695 2032 1736 2063 vt
1769 2027 1943 2066 audimus,

192 2085 313 2117 noster
339 2083 395 2117 hic
413 2082 636 2127 Neophytus,
663 2086 703 2116 vt
728 2082 868 2127 plenius
893 2083 967 2117 illic
994 2087 1029 2118 et
1053 2085 1214 2118 securius
1232 2084 1408 2118 catholica
1427 2085 1594 2127 dogmata
1613 2082 1794 2128 percipere
1813 2082 1939 2124 queat*

195 2137 256 2178 (ex
282 2135 486 2180 apographo
513 2135 618 2180 paulo
644 2138 724 2180 post
752 2136 919 2170 Coloniae
945 2137 1089 2182 scriptO.
1133 2138 1216 2171 Cod.
1245 2138 1356 2172 colon.
1388 2138 1445 2179 ,L.
1465 2136 1551 2178 Qu.“
1581 2138 1606 2171 f.
1628 2136 1739 2178 18311).

310 2189 432 2223 Rabus
466 2192 590 2233 postea
624 2189 847 2223 contionator
881 2189 1018 2224 aulicus
1044 2190 1183 2224 Alberti
1210 2190 1252 2225 V.
1290 2190 1464 2224 Bavariae
1491 2191 1601 2231 ducis,
1637 2187 1828 2224 canonicus
1854 2196 1944 2220 mos-

193 2241 382 2284 burgensis
422 2241 667 2285 (Moosburg),
705 2242 883 2286 parochus
921 2243 1183 2287 canonicusque
1221 2242 1507 2287 straubingensis
1549 2245 1693 2277 creatus
1731 2243 1804 2280 est;
1843 2238 1945 2272 libris

193 2305 332 2338 quoque
367 2294 478 2328 latine
513 2297 548 2328 et
574 2295 776 2337 germanice
802 2295 946 2340 scriptis
972 2296 1182 2330 catholicam
1211 2296 1315 2330 fidem
1344 2297 1540 2331 illustravit
1579 2300 1614 2330 et
1640 2294 1809 2329 defendit.
1859 2292 1943 2326 Pro-

191 2349 369 2381 testantes
404 2347 604 2392 complures
629 2348 803 2381 adversus
829 2359 908 2381 eum
935 2349 1172 2393 scripserunt;
1210 2353 1244 2383 et
1270 2349 1494 2383 versificator
1518 2348 1578 2383 ille
1604 2349 1754 2382 Ioannes
1779 2344 1945 2380 Fischart

193 2411 224 2434 a.
253 2401 343 2434 1570
377 2400 535 2434 libellum
570 2400 746 2434 famosum
777 2401 978 2443 ⁷,Nachtrab
1013 2402 1096 2435 oder
1122 2402 1345 2437 Nebelkrah“
1380 2403 1501 2443 edidit,
1537 2414 1606 2446 quo
1641 2399 1944 2435 atrocissimorum

191 2453 390 2487 facinorum
416 2465 497 2487 eum
521 2452 752 2487 insimulabat
779 2455 1005 2497 (Steetnlzuber
1022 2455 1043 2489 l.
1063 2467 1091 2489 c.
1114 2455 1142 2488 [2
1161 2456 1309 2490 79—80.
1345 2458 1499 2489 Jsmssen
1518 2455 1539 2489 l.
1555 2454 1628 2489 c.V
1647 2455 1707 2474 ¹⁵—
1727 2454 1739 2473 ⁶
1757 2451 1943 2486 389—399

194 2506 412 2550 552—553).
447 2506 645 2540 indiculum
671 2506 841 2540 librorum
869 2518 888 2540 a
915 2507 1012 2541 Rabo
1039 2508 1213 2542 editorum
1239 2509 1359 2553 posuit
1386 2509 1550 2542 Albrecht
1575 2509 1818 2551 Weyermann,
1844 2503 1944 2538 Neue

193 2558 878 2603 historisch-biographisch-artistische
905 2559 1145 2594 Nachrichten
1170 2573 1239 2595 von
1267 2561 1460 2596 Gelehrten
1487 2562 1559 2595 und
1587 2559 1779 2594 Kiinstlern
1801 2587 1805 2591 .
1824 2586 1854 2592 ..
1878 2569 1944 2591 aus

193 2612 255 2646 der
283 2612 503 2655 vormaligen
529 2611 759 2646 Reichsstadt
785 2611 877 2646 Ulm.
927 2613 1174 2657 Fortsetzung,
1201 2615 1283 2648 Uim
1312 2616 1411 2656 1829,
1438 2615 1518 2649 397.

195 2731 304 2768 886
331 2733 408 2767 sive
434 2742 549 2768 var.
569 2732 669 2777 (6).
743 2731 856 2768 Medio
883 2732 961 2768 fere
987 2743 1033 2768 ni.
1054 2733 1257 2780 Septembri
1283 2734 1375 2770 1565.

310 2810 365 2843 Ex
391 2809 595 2854 apographo
623 2809 780 2843 eiusdem
806 2810 986 2854 temporis.
1042 2809 1180 2852 „Germ
1208 2811 1271 2844 65‘
1301 2811 1325 2844 f.
1355 2812 1533 2846 lob—11³.

315 2888 479 2922 canisius
505 2887 696 2919 Waltermn
727 2887 860 2919 Herium
889 2887 1003 2920 Sociis
1035 2887 1291 2929 parisiensibus
1321 2889 1409 2920 cedst
1444 2892 1473 2920 et
1509 2899 1530 2920 α
1566 2888 1700 2930 collegyii
1731 2887 1942 2929 parisiensis

194 2945 326 2973 rectore
344 2940 519 2982 pecunias
543 2940 701 2981 reposcit.

310 3010 349 3042 P.
378 3010 528 3042 Ioannes
553 3009 594 3040 de
622 3009 784 3051 Polcmeo,
812 3009 995 3041 Societatis
1019 3011 1239 3050 secretarius,
1276 3010 1389 3042 Roma
1416 3010 1497 3050 (ubi
1527 3010 1691 3042 Canisins
1717 3013 1801 3042 tunc
1825 3018 1942 3040 mora-

194 3062 318 3102 batur)
358 3064 410 3094 17.
439 3061 650 3103 Septembris
685 3062 776 3093 1565
813 3061 859 3092 ad
897 3060 936 3093 P.
964 3061 1192 3093 Edmzmdicm
1219 3062 1352 3094 Hainm
1382 3063 1418 3095 S.
1445 3063 1493 3105 J.,
1533 3063 1595 3105 qui
1630 3062 1694 3094 sub
1732 3065 1941 3093 (statuminum

195 3127 227 3149 a.
255 3117 345 3148 1564
372 3126 414 3147 cac·
440 3115 579 3157 eollvyio
606 3115 839 3156 oenikvontano
866 3115 903 3146 in,
923 3116 1121 3156 parisiense
1148 3115 1272 3147 missus
1297 3115 1470 3157 latiusque
1496 3120 1610 3147 rector
1636 3116 1841 3146 constitutus
1867 3117 1942 3144 erac

197 3170 245 3209 (c.
268 3169 353 3201 Can.
384 3168 434 3200 11²
459 3168 556 3210 692),
582 3167 666 3199 haee
690 3168 831 3209 scripsit
857 3168 897 3199 de
922 3166 1075 3199 lVaitero
1100 3167 1213 3208 ipsius·
1236 3168 1364 3209 fratre,
1391 3169 1452 3210 qni
1479 3169 1513 3200 in
1539 3168 1734 3200 Germania
1759 3166 1942 3208 superiore
