2045 3471
185 210 268 251 548
618 204 712 237 Mon.
731 202 799 237 643
826 202 903 236 sive
929 212 1010 245 aug.
1032 200 1067 244 (a
1088 199 1160 244 18).
1203 199 1258 234 526.
1278 198 1369 232 Nov.
1391 197 1492 231 1566.

185 337 299 371 posse,
327 324 369 357 de
395 322 457 356 illa
483 321 661 355 referatur
688 319 730 353 ad
751 318 1018 357 Prouintialem,
1045 319 1085 351 vt
1111 317 1188 361 ipse
1214 315 1357 355 iudicet,
1383 325 1467 347 uum
1492 324 1580 347 Vsus
1605 312 1702 346 illius
1728 311 1873 354 regulae
1899 310 1947 344 sit

183 376 487 415 intermittendus,
515 374 625 407 donec
651 372 795 417 plenum
822 371 870 405 sit
889 370 1098 413 Collegium.
1119 397 1126 403 .
1143 397 1150 403 .
1167 396 1174 403 .
1210 369 1368 411 Legatur
1393 367 1437 401 ad
1456 377 1626 407 mensam,
1653 365 1715 399 sed
1742 365 1792 399 ita
1810 366 1849 398 vt
1875 363 1946 397 sin-

186 431 280 476 gulis
307 429 431 464 diebus
457 427 492 461 id
518 427 654 460 faciant
680 436 802 460 omnes
829 425 888 468 qui
915 424 1036 467 legere
1061 425 1203 463 norunt,
1231 423 1338 456 etiam
1365 420 1606 465 praefectus¹.
1653 417 1752 459 Quod
1779 417 1809 452 si
1835 428 1947 459 graue

186 485 253 519 hoc
279 483 392 523 fieret,
419 479 608 515 consulant
634 477 923 513 Prouintialem.“
971 476 1047 510 Hoc
1074 476 1116 510 de
1142 475 1295 509 lectione
1321 474 1552 518 praeceptum
1579 483 1599 506 a
1626 471 1769 506 Canisio
1794 471 1947 515 primuni

185 538 235 571 ita
270 535 445 579 scriptum
480 534 576 567 erat:
617 531 794 574 „Legatur
829 530 871 564 ad
905 540 1076 569 mensam,
1115 528 1178 562 sed
1216 539 1278 572 pro
1313 525 1496 571 paucitate
1530 524 1710 569 praesenti
1744 525 1886 568 patrum
1911 524 1947 556 et

186 590 337 624 fratrum
363 588 454 622 satis
481 586 558 627 erit,
592 585 622 619 si
649 587 755 629 caput
782 595 892 617 vnum
918 583 1001 616 noui
1026 580 1247 621 testamenti,
1283 579 1340 613 uel
1367 577 1537 613 Gen-souis
1550 578 1574 619 ‘-’‚
1609 577 1664 611 ue]
1693 588 1738 610 ex
1763 576 1832 610 alio
1857 575 1948 610 libro

185 642 395 677 tantundem
430 639 564 673 lectum
599 638 708 672 fuerit
743 637 788 671 ab
824 636 943 680 aliquo
970 638 1071 680 patre
1098 634 1155 668 uel
1182 634 1305 674 fratre,
1342 632 1402 676 qui
1428 634 1549 665 tamen
1576 642 1655 665 cum
1687 629 1767 674 alijs
1801 628 1948 673 incipiet

186 696 309 731 statim
337 695 441 729 edere
467 693 525 727 uel
552 703 712 726 coenare.
758 690 855 732 Quod
892 690 923 724 si
950 688 1248 733 Martyrologium
1276 685 1546 730 germanicum³
1572 684 1615 718 ad
1642 693 1788 717 coenam
1815 681 1947 725 legant,

186 761 256 784 non
283 759 371 793 opus
398 747 466 781 erit
492 743 561 779 alio
588 745 736 790 capite.“
792 743 890 777 Haec
926 743 1054 783 onmia,
1092 739 1291 785 incipiendo
1326 750 1345 772 a
1376 737 1458 780 „sed
1484 749 1547 782 pro
1573 737 1789 781 paucitate‘,
1824 736 1947 779 postea

186 803 290 837 lineis
316 799 540 835 transmissis
567 798 628 841 (ab
654 798 731 842 ipso
761 798 917 839 Cani-sio,
946 795 1047 840 puto)
1076 794 1285 828 oblitterata
1310 794 1404 826 sunt.

305 854 358 888 De
394 852 582 887 mulierum
617 851 653 884 in
680 851 822 884 domum
857 849 1023 892 ingressu
1058 848 1210 892 primum
1246 846 1297 879 ita
1329 847 1505 879 statutum
1533 845 1629 877 erat:
1668 841 1796 885 „Nulla
1821 840 1948 874 mulier

188 909 330 943 domurn
365 905 600 949 ingrediatur,
635 916 679 937 ne
705 903 749 937 ad
775 902 926 948 primam
954 901 1097 945 quidem
1124 901 1277 940 ianuam,
1314 900 1349 932 et
1374 898 1409 931 in
1435 897 1501 931 hoc
1527 896 1625 930 nulla
1657 895 1705 929 sit
1729 893 1948 939 dispensatio

187 973 232 996 ne
267 972 330 1006 per
355 958 633 993 Prouintialem“
666 955 858 1001 [quidem];
895 955 931 988 id
966 954 1059 999 quod
1095 953 1221 987 deinde
1248 953 1360 997 ipsius
1390 952 1528 985 Canisizss
1552 961 1660 983 manu
1694 949 1745 981 ita
1770 949 1947 981 mutatum

189 1017 263 1049 est:
296 1012 421 1056 „Nulla
447 1011 577 1046 mulier
603 1011 745 1044 domum
771 1008 1005 1052 ingrediatur,
1031 1018 1075 1040 ne
1102 1007 1144 1040 ad
1173 1008 1311 1051 portam
1337 1005 1516 1050 priorem4
1542 1003 1716 1047 quidem.⁴‘

308 1066 469 1100 Positum
497 1066 575 1098 erat
600 1064 709 1098 etiam
735 1063 802 1096 hoc
827 1063 1079 1107 praeceptum:
1121 1058 1363 1101 „Mantellum,
1399 1057 1513 1101 quoda
1539 1056 1675 1090 factum
1702 1057 1757 1089 est
1782 1055 1818 1088 in
1844 1065 1948 1088 vsum

190 1121 298 1155 alium
327 1120 558 1153 conuertatur
577 1145 585 1152 .
613 1118 649 1150 et
675 1116 737 1150 fiat
774 1127 819 1149 ex
845 1127 885 1148 eo
912 1114 1027 1148 vestis
1053 1113 1226 1147 interior.
1256 1114 1291 1146 et
1326 1111 1356 1145 si
1383 1110 1439 1144 cui
1475 1112 1530 1144 est
1555 1108 1809 1152 egrediendum
1845 1109 1948 1141 extra

189 1175 324 1214 urbem,
350 1174 474 1206 utatur
499 1171 593 1205 filtro
619 1169 677 1203 uel
701 1168 771 1203 alia
789 1172 900 1208 ueste,
927 1168 1021 1201 sicut
1047 1166 1159 1200 nostri
1185 1164 1302 1200 solent
1327 1164 1362 1197 in
1381 1162 1739 1208 peregrinationibus
1774 1160 1810 1194 Si
1828 1162 1948 1194 autem

189 1225 395 1272 prouintiali
429 1225 596 1258 uideatur
631 1221 912 1256 conseruandum
938 1219 1174 1264 [mantellum
1201 1216 1446 1259 conseruetur]
1475 1215 1534 1260 [Ῥ].
1586 1215 1662 1249 Erit
1688 1225 1772 1248 uero
1798 1224 1949 1247 commo-

190 1281 283 1321 dum,
310 1282 352 1313 vt
376 1279 441 1312 fiat
466 1276 675 1311 mantellum
704 1288 748 1309 ex
776 1274 950 1308 crassiore
976 1285 1104 1318 pauno,
1139 1284 1206 1306 non
1234 1275 1307 1305 tam
1334 1271 1479 1313 longum
1516 1271 1551 1302 et
1577 1268 1770 1312 pretiosum
1796 1269 1837 1300 ut
1861 1266 1949 1300 illud

189 1335 258 1367 iam
286 1334 433 1372 factum,
469 1330 598 1374 idqueb
624 1330 671 1363 sit
698 1339 883 1362 commune
910 1327 1076 1366 omnium,
1112 1326 1164 1359 uti
1191 1335 1377 1358 necessum
1406 1324 1491 1357 est.“
1547 1322 1675 1355 Postea
1703 1332 1788 1354 vero
1815 1319 1880 1353 hoc
1907 1319 1950 1353 de

189 1385 360 1420 mantello
397 1385 625 1429 praeceptum
664 1381 767 1415 lineis
803 1380 1027 1414 transmissis
1063 1379 1218 1412 deletum
1257 1380 1330 1411 est:
1371 1377 1463 1420 quod
1503 1388 1546 1408 ne
1586 1376 1619 1408 in
1658 1374 1770 1408 altero
1806 1372 1948 1417 quidem

191 1440 382 1474 eorundem
410 1440 681 1482 praeceptorum
708 1434 862 1468 indiculo
890 1436 1082 1477 comparet,
1110 1433 1181 1475 qui.
1209 1443 1315 1464 manu
1343 1430 1381 1463 P.
1409 1430 1541 1463 Didae&
1558 1430 1718 1462 Jimenez
1743 1426 1820 1460 SJ.
1840 1426 1950 1470 scrip-

190 1496 261 1533 tus,
288 1494 323 1526 et
350 1492 426 1536 ipse
452 1490 603 1524 Romam
630 1489 762 1522 missus
790 1490 855 1521 est.
897 1488 1016 1530 Atque
1043 1486 1078 1519 in
1105 1485 1171 1518 hoc
1197 1484 1352 1517 indiculo
1378 1486 1455 1516 tum
1481 1482 1531 1515 ilii
1559 1483 1761 1526 praecepto,
1788 1479 1879 1523 quod
1907 1479 1950 1512 de

196 1545 351 1588 „ratione
379 1542 681 1587 gubernati011is“‚
708 1543 784 1574 tun]
810 1540 874 1579 illi.
902 1540 993 1583 quod
1021 1540 1063 1572 de
1093 1538 1299 1581 ⁷‚seruandis
1326 1536 1481 1579 regulis*
1512 1538 1576 1575 est,
1604 1546 1707 1568 manu
1736 1534 1774 1566 P.
1802 1533 1952 1566 Ioannis

191 1601 232 1633 de
258 1599 412 1632 Polanco
438 1596 621 1631 secretarii
650 1594 838 1628 Societatis
865 1593 1060 1636 ascriptum
1089 1591 1246 1625 cernitur
1272 1590 1440 1623 verbum:
1473 1588 1589 1631 „fiat“.

309 1652 347 1685 In
374 1650 491 1695 priore
517 1649 578 1682 illo
604 1647 759 1681 indic-ulo
786 1658 805 1680 a
837 1647 979 1680 canisio
1006 1645 1178 1689 scriptum
1197 1646 1288 1694 test:
1329 1642 1561 1684 ‚Sacerdotes
1588 1640 1745 1684 quotidie
1771 1639 1952 1673 celebrent

191 1704 385 1739 secundum
414 1701 707 1737 consuetudinem
733 1699 948 1734 societatis.“
1004 1699 1099 1732 idem
1128 1698 1162 1731 in
1190 1697 1302 1730 altero
1328 1695 1483 1729 indiculo
1511 1706 1531 1728 a
1553 1696 1712 1728 Jc'menez
1737 1692 1903 1737 positum,
1930 1702 1951 1725 a

192 1757 349 1792 Polanco
368 1768 452 1789 vero
479 1755 583 1788 lineis
609 1753 833 1788 transmissis
859 1752 1103 1786 oblitteratum
1124 1754 1197 1790 est;
1226 1750 1259 1783 iu
1287 1750 1448 1792 margine
1467 1751 1586 1782 autem
1607 1747 1782 1780 Polancus
1806 1745 1952 1789 scripsit

195 1810 341 1854 (Sancto
375 1809 565 1843 Francisco
602 1806 732 1850 Borgia
772 1805 973 1850 praeposito
1013 1804 1170 1847 generali
1207 1802 1437 1845 mandante):
1480 1800 1648 1843 „tollatur
1682 1799 1850 1843 quotidie,
1889 1797 1952 1831 sed

191 1863 402 1909 prouinciali
429 1861 607 1896 scribatur
626 1862 666 1894 vt
685 1859 968 1893 commendatam
995 1858 1126 1891 habeat
1151 1857 1243 1890 hanc
1262 1855 1554 1890 consuetudinem
1574 1852 1730 1897 quotidie
1749 1850 1952 1885 celebrandi

192 1917 278 1951 licet
313 1928 381 1950 non
409 1918 449 1949 vt
483 1915 541 1948 lex
578 1914 749 1958 ponatur⁶²
783 1912 842 1954 (ex
870 1911 1036 1945 indiculis
1062 1909 1306 1954 autographis,
1343 1919 1433 1952 quae
1470 1908 1616 1940 exstant-
1649 1906 1684 1938 in
1712 1905 1794 1939 Cod.
1826 1903 1949 1946 „NlG“

194 1972 218 2005 f.
241 1969 409 2004 19³—2011
436 1968 497 2002 29³
532 1970 568 2001 et
596 1966 775 2010 [magnam
803 1964 955 2010 partem]
984 1975 1117 1998 excusa
1144 1965 1226 1997 sunt
1253 1963 1289 1996 in
1317 1961 1404 2006 Epp.
1433 1961 1554 1994 Nadal
1581 1959 1629 1992 IV
1657 1958 1872 1999 255—256).

196 2097 300 2135 643
327 2099 404 2133 sive
433 2106 554 2140 aug.
583 2095 639 2139 (a
659 2092 764 2138 18).
841 2093 896 2128 26.
917 2091 1126 2128 Novembris
1154 2090 1246 2125 1566.

290 2176 343 2209 Ex
370 2175 640 2219 praeceptorum
666 2170 808 2204 Natalis
844 2169 1007 2210 indiculo,
1045 2180 1064 2202 a
1091 2168 1130 2202 P.
1158 2168 1291 2202 Didaco
1319 2167 1478 2201 Jimenez
1506 2165 1539 2199 S.
1564 2165 1596 2199 J.
1623 2164 1735 2207 ipsius
1761 2162 1953 2197 secretario

197 2229 342 2274 scripto.
378 2227 461 2262 Cod.
485 2226 607 2268 „N1G“
630 2224 654 2258 f.
674 2224 736 2258 671³
755 2224 809 2257 68.
847 2223 963 2256 Etiam
992 2223 1053 2264 (ex
1072 2222 1194 2255 eodem
1213 2220 1384 2263 indiculo)
1413 2219 1449 2252 in
1469 2219 1556 2263 Epp.
1575 2218 1696 2251 Nadaz
1713 2217 1761 2250 IV
1781 2216 1848 2250 322
1873 2215 1952 2250 323.

317 2299 484 2332 Canisizts
504 2297 734 2339 praepositus·
753 2294 992 2337 procineialz's
1017 2304 1157 2335 curare,
1187 2297 1221 2324 nt
1250 2293 1430 2334 Auyustae
1455 2301 1475 2322 a
1505 2290 1617 2322 Sociis
1643 2290 1736 2321 ratio
1762 2288 1956 2320 eommunis

197 2353 265 2385 cibi
298 2351 460 2385 sumendi
495 2353 525 2382 et
551 2349 671 2392 requla
700 2344 829 2391 „soeii“
857 2351 1049 2385 serventur,
1086 2357 1107 2377 a
1133 2345 1264 2378 Natale
1288 2345 1468 2376 visitatore
1493 2343 1643 2383 iubetur,
1679 2342 1731 2373 ita
1756 2345 1883 2383 tamen,
1920 2344 1956 2372 ut

199 2407 233 2438 in
263 2405 442 2448 aliquibus
467 2403 571 2435 rebus
596 2403 801 2444 dispensare
823 2402 943 2442 possib

316 2482 534 2535 Hei-bipolc'
567 2480 606 2521 d.
631 2481 700 2521 26.
719 2477 964 2519 Novembris
998 2479 1111 2518 1500·
1147 2476 1194 2518 P.
1212 2476 1498 2528 Hieronymus
1521 2472 1706 2523 Natalis,
1740 2472 1956 2512 Soeietatis

197 2563 273 2602 per
319 2547 560 2602 provincias
606 2544 863 2585 Germaniae
915 2547 951 2583 et
995 2542 1163 2583 Galliae
1216 2542 1426 2591 visitator,
1482 2538 1653 2579 Canisio
1699 2537 1956 2577 Germaniae

200 2613 429 2667 superioris
462 2610 703 2665 praeposito
740 2608 1016 2662 prouinciali,
1059 2608 1179 2658 haec,
1222 2609 1392 2660 praeter
1434 2604 1519 2644 alia
1555 2603 1687 2642 dixit:
1733 2601 1788 2642 Jn
1830 2601 1955 2642 domo

202 2679 458 2730 Augustana
498 2674 752 2716 instituatur
791 2671 903 2714 ratio
946 2671 1087 2713 victus
1129 2669 1392 2723 quotidiana,
1436 2680 1544 2720 quae
1577 2666 1618 2707 in
1658 2665 1849 2718 collegijs
1882 2665 1957 2706 ob-

202 2744 412 2788 seruatur,
453 2753 530 2781 nec
562 2738 747 2779 maiores
780 2737 1022 2791 portiones⁰
1054 2735 1244 2777 carnium
1280 2734 1347 2774 uel
1380 2732 1557 2786 piscium
1590 2731 1710 2779 fiant,
1755 2743 1881 2782 quam
1914 2730 1956 2770 in

322 2827 349 2857 a)
370 2828 414 2851 Ita
431 2828 498 2851 Can.
515 2827 575 2856 ipse
595 2824 721 2849 correrii
741 2831 793 2848 ex:
814 2821 1063 2854 Quandoquidem
1082 2821 1229 2846 hactenus
1250 2826 1323 2845 vsus
1343 2817 1479 2844 mantelii
1499 2816 1599 2842 nullus
1619 2815 1686 2845 fuit,
1707 2815 1797 2848 quod.
1858 2815 1888 2846 b)
1909 2817 1957 2841 Se-

206 2869 305 2899 quitur
325 2867 448 2897 seruiat,
468 2867 672 2891 oblitteratmn.
746 2864 772 2895 c)
794 2864 932 2896 Sequitur
951 2862 1035 2894 fiant,
1054 2862 1260 2887 oblitteratmn.

207 3024 254 3058 IV
286 3025 303 3057 2
330 2973 440 3057 ¹5Hoc
466 2971 605 3004 nomine
631 2969 771 3003 Natalis
804 2969 843 3002 P.
872 2967 1083 3011 Grregoriuin
1110 2966 1306 3001 Roseffium
1333 2954 1564 3007 designabat:
1606 2962 1686 2996 vide
1722 2962 1809 3006 Epp.
1838 2963 1960 2996 Nadal

246 3033 249 3045 ⁶
284 3032 291 3040 ·
308 3025 327 3057 5
356 3050 362 3056 .

327 3075 340 3093 ²
366 3075 595 3117 Significatur
608 3075 764 3108 Thomas
791 3085 812 3108 a
831 3074 978 3117 Kempis
1005 3072 1147 3106 libellus
1172 3072 1225 3106 De
1243 3071 1442 3105 imitatione
1460 3069 1610 3108 Christi:
1639 3080 1672 3100 v.
1692 3069 1776 3101 Can.
1796 3067 1845 3101 IV
1864 3067 1959 3100 251⁴.

329 3128 341 3147 ³
366 3127 672 3171 Martyrologium,
709 3127 800 3169 quod
833 3127 934 3159 initio
960 3137 990 3159 a.
1018 3125 1107 3159 1562
1133 3125 1311 3167 Dilingae,
1339 3123 1479 3157 Canisio
1506 3123 1660 3162 auctore,
1694 3132 1758 3165 per
1784 3120 1960 3153 Adamum

210 3181 395 3214 VValasser
420 3179 552 3212 editum
581 3182 633 3212 est
664 3180 768 3221 (Can.
794 3179 843 3211 ΠΙ
871 3178 968 3221 797).
1113 3179 1125 3197 4
1152 3177 1243 3211 Vide
1273 3178 1358 3210 Cari.
1386 3175 1435 3209 IV
1461 3175 1529 3209 564
1556 3175 1592 3207 et
1617 3184 1726 3218 supra
1751 3185 1784 3218 p.
1808 3173 1887 3207 356.
