2045 3471
225 205 310 245 488
518 201 620 235 1451.
647 200 798 235 Ioannes
824 199 866 234 de
893 199 1047 234 Polanco
1075 199 1228 234 Canisio.
1279 199 1391 232 Roma
1419 197 1683 233 7.11111111567.

224 320 268 354 ad
304 330 425 354 sacros
460 318 602 352 ordines
636 317 897 364 promovendos
934 328 1012 352 esse
1048 329 1108 351 eos
1142 318 1294 357 tantum,
1333 327 1421 360 quos
1460 317 1641 350 constaret
1676 314 1734 349 vel
1771 314 1982 349 beneficium

225 372 511 407 ecclesiasticum
537 371 596 405 vel
630 371 884 417 patrimonium
911 370 970 404 vel
1005 370 1212 414 pensionem
1246 369 1389 410 habere,
1425 380 1538 413 eaque
1577 368 1695 410 „talia‚
1731 380 1822 412 quae
1849 368 1900 402 eis
1939 368 1983 402 ad

224 426 337 459 vitam
365 424 638 459 sustentandam
665 424 755 459 satis
783 424 924 458 essent⁴⁴
958 422 1069 466 (Sess.
1096 423 1191 461 XXI,
1219 434 1248 456 c.
1277 423 1297 456 2
1324 422 1367 456 (19
1393 422 1488 463 ret).
1523 423 1627 455 Anno
1652 424 1773 455 tamen
1801 421 1892 455 1566
1917 421 1984 455 sub

224 478 390 512 natalitia
409 477 549 511 Domini
567 477 754 511 sollemnia
773 476 804 511 S.
825 477 912 511 Pius
924 475 967 510 V.
994 487 1057 510 suo
1084 476 1119 509 in
1146 475 1232 509 urbe
1258 486 1405 509 romana
1430 474 1603 509 cardinali
1622 474 1755 508 vicario
1781 473 1983 518 imperavit,

223 543 267 565 ne
304 543 408 574 quem
443 530 662 574 religiosum,
698 542 742 564 ne
778 530 821 564 de
847 530 1026 564 Societate
1062 529 1217 573 quidem,
1252 528 1321 562 nisi
1353 528 1541 562 sollemnia
1577 529 1662 561 vota
1693 527 1903 572 professum,
1939 527 1984 560 ad

225 585 366 618 ordines
391 595 514 618 sacrus
541 583 738 628 reciperet:
774 595 815 617 ea
842 582 970 626 gratia,
1006 593 1049 616 ne
1075 583 1211 627 postea,
1248 581 1277 615 si
1313 581 1405 615 forte
1432 580 1570 614 dimissi
1596 585 1726 620 essent,
1762 581 1825 614 aut
1850 580 1985 613 mendi-

224 637 377 671 candum
404 636 661 675 sacerdotibus,
689 639 752 670 aut
776 636 941 670 sordidus
968 635 1190 669 exercendus
1209 636 1382 678 quaestus
1401 636 1508 676 esset,
1536 645 1615 668 cum
1642 633 1814 667 dedecore
1840 632 1985 667 ordinis.

224 690 324 725 Adiit
350 690 384 724 S.
402 690 616 724 Franciscus
634 689 784 733 Borgias
811 688 1010 723 cardinales
1036 688 1142 722 rebus
1169 687 1309 722 concilii
1337 687 1522 721 tridentini
1541 687 1798 730 cognoscendis
1824 687 1861 720 et
1879 685 1985 730 privi-

223 743 368 786 legium,
399 755 488 787 „que
514 755 578 788 por
603 743 710 777 breue
735 754 760 787 y
785 741 884 776 bulla
910 741 1091 775 tenemos“
1125 741 1190 783 (ita
1214 742 1369 783 Bor-9503
1394 741 1471 785 ipse
1496 739 1617 774 Natali
1643 738 1789 784 scripsit
1814 738 1836 773 l.
1856 738 1915 782 c.),
1941 739 1985 773 iis

225 797 392 830 ostendit.
444 795 510 838 Qui
537 807 659 829 omnes
686 815 729 819 —
757 797 859 828 erant
885 796 1003 828 autem
1032 794 1153 828 decem
1180 813 1225 817 —
1252 795 1470 828 censuerunt
1505 792 1718 827 Societatem
1751 802 1855 836 posse
1881 802 1985 826 suum

224 849 429 883 institutum
456 852 590 890 tenere,
629 848 679 882 ita
714 850 845 889 tamen,
884 850 934 889 ut,
974 858 1063 891 quos
1090 847 1167 892 ipsa
1202 858 1266 881 suo
1303 846 1480 881 arbitratu
1517 845 1738 885 amandaret,
1775 844 1807 878 si
1844 844 1986 888 quando

224 902 437 937 mendicitas
462 904 621 945 urgeret.
646 902 721 936 suis
748 900 916 945 expensis
935 902 1167 934 sustentaret.
1203 900 1300 942 Quae
1326 900 1484 934 condicio
1511 911 1576 933 nec
1602 898 1761 943 pontifici
1786 909 1852 932 nec
1869 897 1986 932 Socie-

224 957 292 990 tati
318 956 462 1000 placuit.
498 955 581 988 Ideo
608 954 642 989 S.
663 955 749 988 Pius
766 953 810 988 V.
829 956 905 988 tum
932 953 988 988 26.
1008 953 1094 987 Maii
1115 953 1203 988 1567
1223 965 1286 997 per
1303 953 1533 987 Franciscum
1560 951 1777 986 cardinalem
1796 950 1985 992 Alciatum,

223 1011 301 1043 tum
328 1011 451 1053 postea
476 1008 554 1052 ipse
573 1007 724 1050 Borgiae
750 1007 980 1051 significavit,
1007 1018 1077 1040 non
1103 1006 1218 1040 solum
1245 1007 1388 1047 Romae,
1415 1007 1478 1041 sed
1504 1006 1635 1050 ubique
1661 1007 1838 1039 terrarum
1865 1004 1986 1038 Socios

224 1062 445 1106 professione
471 1061 580 1106 prius,
607 1072 713 1104 quam
741 1061 853 1094 sacris
880 1059 1063 1094 ordinibus
1089 1059 1299 1102 obligandos
1325 1071 1405 1093 esse
1435 1059 1656 1103 (Sacc-himas,
1690 1058 1784 1092 Hist.
1812 1057 1844 1092 S.
1864 1058 1897 1092 J.
1924 1057 1986 1098 111,

224 1116 247 1149 1.
274 1115 306 1153 3,
344 1127 378 1148 11.
405 1115 556 1149 26-29.
607 1114 696 1158 Epp.
736 1115 859 1147 Naclal
896 1112 1176 1147 111481-482.
1229 1114 1382 1146 Astraia
1416 1113 1439 1147 1.
1466 1125 1496 1147 0.
1534 1112 1566 1146 II
1602 1110 1817 1154 321-325).
1868 1112 1987 1154 Atque

227 1168 280 1202 14.
301 1167 466 1202 Octobris
486 1168 577 1201 1568
596 1167 682 1200 Pius
696 1167 737 1201 V.
765 1167 809 1200 ad
836 1177 959 1200 omnes
986 1165 1135 1200 clericos
1166 1177 1280 1207 „more
1300 1165 1517 1209 regularium
1544 1165 1580 1198 in
1599 1165 1776 1199 communi
1796 1164 1982 1197 viventes‘

224 1221 406 1255 decretum
433 1221 520 1254 illud
547 1220 780 1254 tridentinum
807 1219 970 1253 extendit
997 1219 1238 1261 (Laderchins
1263 1219 1285 1253 1.
1305 1219 1388 1253 0.111
1408 1219 1542 1253 a.1568
1568 1230 1602 1252 n.
1624 1219 1666 1252 14
1687 1218 1740 1251 15.
1782 1217 1986 1251 Baliarium

225 1273 423 1308 Romanum
451 1273 518 1307 VII
545 1273 761 1317 723—724).
813 1272 1015 1315 Quaerebat
1048 1272 1159 1314 igitur
1185 1272 1219 1306 S.
1245 1272 1459 1306 Franciscus
1484 1271 1646 1314 Borgias,
1681 1282 1787 1314 quam
1813 1270 1987 1304 rationem

226 1326 387 1361 Societas
413 1327 503 1360 inire
529 1327 684 1367 deberet,
711 1330 752 1360 ut
778 1326 956 1371 pontificis
982 1324 1162 1359 voluntati
1188 1325 1418 1359 satisfaceret
1432 1325 1452 1359 ¹.

347 1380 377 1414 3.
406 1380 600 1414 Praeterea
627 1392 672 1413 ex
699 1379 781 1414 Cod.
805 1379 926 1421 „Def.“
958 1379 996 1420 (l.
1024 1378 1069 1420 c.)
1099 1381 1135 1412 et
1161 1390 1206 1412 ex
1232 1379 1374 1411 Vinclcii
1400 1377 1632 1422 provincialis
1658 1376 1805 1410 rhenani
1834 1375 1988 1421 epistula

227 1433 412 1477 Moguntia
439 1434 470 1467 5.
499 1432 719 1477 Septembris
748 1433 837 1467 1567
865 1433 910 1466 ad
937 1432 1104 1475 Borgiam
1132 1431 1216 1466 data
1245 1431 1327 1474 („G.
1356 1430 1543 1476 Ep.V111“
1573 1430 1597 1465 f.
1626 1430 1723 1473 321a)
1753 1429 1987 1473 intellegitur,

228 1486 369 1520 Oanisio
397 1498 467 1520 una
494 1498 574 1520 cum
601 1486 767 1530 epistulis
793 1485 1079 1530 praeceptisque,
1116 1496 1207 1528 quae
1234 1484 1318 1525 dixi,
1354 1484 1502 1518 missam
1529 1495 1608 1518 esse
1638 1482 1797 1526 „Bullam
1826 1482 1983 1517 Coenae⁴⁴

227 1542 264 1573 et
288 1540 506 1584 ÷÷epistulam
542 1540 594 1573 ita
629 1540 704 1573 fere
739 1539 968 1583 inscriptam:
1011 1539 1169 1581 „Ordine
1195 1549 1374 1572 commune
1409 1549 1471 1582 per
1505 1536 1530 1570 li
1557 1536 1813 1576 Prouintiali“;
1853 1536 1887 1569 in
1918 1546 1989 1580 qua

229 1593 330 1627 varia
355 1592 667 1637 praecipiebantur
694 1593 736 1626 de
762 1592 907 1633 scholis,
934 1592 977 1626 de
1003 1591 1090 1625 hora
1116 1603 1236 1631 cenae,
1264 1591 1306 1625 de
1336 1590 1528 1633 „exercitio
1554 1589 1765 1635 corporali“,
1792 1589 1834 1623 de
1864 1588 1989 1630 „Bulla

229 1645 402 1686 Coenae“,
430 1646 472 1679 de
498 1645 630 1680 tabulis
657 1645 868 1690 quibusdam
896 1645 974 1679 sive
1000 1644 1145 1689 scriptis
1169 1644 1316 1678 Romam
1344 1643 1541 1678 mittendis.
1592 1644 1644 1677 Ac
1670 1643 1763 1687 quod
1790 1642 1834 1676 ad
1860 1653 1987 1675 novam

226 1699 325 1733 illam
365 1698 507 1733 Bullam
543 1700 578 1733 in
608 1699 747 1741 „Coena
772 1698 935 1733 Domini‘
965 1698 1230 1743 promulgatam
1266 1697 1407 1737 attinet,
1442 1698 1477 1730 in
1517 1696 1687 1730 Bullariis
1723 1694 1988 1735 cherubiniano,

227 1751 532 1795 luxemburgensi,
569 1752 767 1786 taurinensi
794 1764 835 1785 ea
861 1763 930 1785 non
956 1754 1158 1795 comparet;
1196 1753 1342 1785 exstant
1368 1753 1487 1784 autem
1515 1750 1583 1783 duo
1610 1749 1687 1783 eius
1714 1748 1878 1793 exempla
1903 1747 1986 1782 Tre-

227 1805 324 1839 veris
351 1805 386 1838 in
413 1805 630 1839 bibliotheca
656 1805 765 1846 urbis,
794 1804 877 1839 Cod.
905 1815 989 1839 mss.
1019 1804 1107 1838 1237
1141 1805 1251 1846 (num.
1279 1803 1344 1837 loc.
1373 1803 1457 1846 603)
1486 1803 1510 1837 f.
1534 1802 1707 1841 261264;
1735 1804 1926 1845 utrumque
1952 1801 1988 1834 in

226 1858 312 1892 folio
337 1860 504 1903 separato
531 1869 643 1901 eoque
670 1858 859 1891 admodum
886 1869 1016 1900 magno
1035 1868 1206 1891 excusum
1227 1859 1282 1890 est
1299 1856 1417 1900 idque,
1443 1858 1483 1890 ut
1501 1855 1642 1889 omnino
1662 1855 1814 1896 videtur,
1834 1854 1986 1893 Romae;

227 1923 319 1955 quae
346 1910 520 1956 exempla,
556 1911 586 1945 si
622 1911 822 1945 excudendi
857 1910 1032 1944 rationem
1067 1912 1220 1954 spectes,
1259 1909 1352 1943 inter
1386 1921 1424 1943 se
1451 1909 1630 1943 differunt.
1681 1907 1784 1941 Bulla
1811 1907 1895 1942 data
1932 1909 1989 1940 est

228 1965 282 1999 27.
311 1964 433 1998 Martii
465 1965 572 2004 1567;
613 1975 704 2008 quae
743 1976 783 1997 eo
818 1975 911 1998 anno
945 1966 1023 1997 erat
1062 1963 1171 2005 „feria
1204 1963 1329 2006 quinta
1366 1962 1401 1996 in
1429 1962 1547 1996 Coena
1574 1961 1749 1995 Domini“.
1799 1960 1839 1994 In
1875 1960 1988 1994 altero

228 2017 392 2062 exemplo
428 2017 494 2051 hoc
528 2028 669 2061 quoque
704 2017 803 2062 typis
838 2017 1058 2061 descriptum
1094 2019 1168 2051 est:
1206 2015 1344 2050 Bullam
1382 2016 1437 2050 27.
1465 2014 1586 2049 Martii
1616 2014 1704 2048 1567
1731 2013 1865 2047 Romae
1899 2013 1988 2047 locis

228 2071 409 2104 consuetis
444 2069 594 2104 affixam
630 2081 719 2103 esse.
769 2069 809 2104 P.
838 2071 1060 2103 Laurentius
1085 2070 1239 2112 Μαρίας,
1276 2067 1482 2113 provinciae
1521 2067 1722 2101 austriacae
1758 2066 1791 2100 S.
1819 2066 1851 2100 J.
1887 2077 1986 2110 prae-

227 2124 377 2168 positus,
403 2123 614 2157 Vindobona
643 2123 696 2157 11.
722 2122 809 2156 Maii
837 2123 927 2157 1567
956 2121 1108 2165 Borgiae
1135 2121 1326 2166 *scripsitz
1365 2120 1487 2163 „Nella
1512 2120 1611 2154 bulla
1637 2119 1775 2153 Coenae
1802 2119 1836 2153 di
1862 2121 1989 2162 questo

228 2187 320 2210 anno
347 2176 377 2210 si
405 2176 616 2210 commanda
642 2176 677 2209 in
695 2175 830 2209 uirtute
856 2178 1003 2209 sanctae
1022 2175 1255 2216 obedientiae,
1283 2174 1348 2208 che
1367 2174 1449 2217 ogni
1468 2173 1664 2214 sacerdote,
1692 2172 1799 2206 etiam
1823 2171 1988 2214 regulare

228 2241 271 2263 ne
298 2229 428 2263 habbia
455 2240 536 2263 una.
564 2229 726 2263 desidero
744 2240 880 2273 sapere,
907 2240 946 2262 se
964 2228 1022 2262 noi
1041 2228 1197 2262 anchora
1223 2228 1335 2261 siamo
1360 2226 1477 2261 tenuti
1503 2228 1523 2261 a
1541 2228 1678 2271 questo,
1705 2227 1742 2260 et
1766 2225 1802 2258 in
1828 2225 1879 2259 tal
1905 2235 1988 2259 caso

228 2282 487 2325 bisognerebbe
524 2282 695 2315 mandare
722 2282 782 2325 qui
809 2293 900 2324 gran
938 2281 1040 2326 copia
1079 2281 1113 2315 di
1140 2283 1266 2324 queste
1292 2279 1396 2321 bolle,
1436 2279 1502 2313 che
1537 2281 1607 2323 qua
1642 2290 1711 2312 non
1745 2279 1776 2312 si
1814 2277 1983 2312 trouano“

229 2334 291 2378 (ex
309 2337 467 2378 autogr.;
500 2334 561 2377 „Gn
582 2335 645 2379 Ep.
659 2334 762 2368 VIw
785 2334 810 2368 f.
834 2335 920 2377 19²¹).
949 2334 1013 2369 Cui
1032 2335 1186 2377 Boryias
1204 2333 1316 2367 Roma
1335 2334 1390 2367 31.
1411 2333 1496 2366 Maii
1517 2333 1606 2367 1567
1627 2331 1859 2375 *respondit:
1890 2330 1989 2373 „Non

228 2388 359 2422 accade
386 2387 451 2422 che
478 2388 564 2431 ogni
591 2387 777 2421 confessor
811 2387 854 2421 de
880 2388 994 2421 nostri
1020 2389 1130 2430 tenga
1166 2387 1201 2420 la
1228 2386 1329 2420 Bolla
1355 2386 1391 2419 in
1418 2397 1528 2420 coena
1555 2384 1705 2424 Domini,
1740 2395 1798 2417 ma
1833 2383 1898 2417 che
1935 2384 1989 2417 sia

228 2452 300 2475 una
325 2440 361 2474 in
387 2441 471 2484 ogni
490 2440 649 2484 Collegio
675 2441 711 2474 in
737 2441 845 2484 luogo
872 2441 937 2474 che
963 2440 1045 2483 ogni
1072 2440 1256 2474 confessor
1281 2439 1316 2473 la
1342 2450 1448 2483 possa
1474 2438 1603 2472 uedere
1629 2449 1736 2472 senza
1762 2436 1990 2481 prettendere

229 2494 441 2537 ignorantia,
481 2494 573 2528 cossi
612 2505 651 2528 ce
690 2494 722 2528 lo
758 2494 804 2527 ha
840 2493 1038 2527 dichiarato
1078 2494 1101 2527 il
1136 2493 1236 2537 Papa
1274 2492 1424 2526 istesso“
1465 2491 1526 2535 (ex
1561 2502 1683 2536 apogr.
1720 2489 1832 2523 eiusd.
1867 2490 1988 2533 temp,

235 2547 374 2589 „Germ.
401 2547 466 2581 67⁴⁴
497 2547 521 2581 f.
548 2547 644 2590 ⁴24³).

354 2599 525 2642 „Ordines
560 2600 785 2634 communes“
824 2599 904 2633 illos
939 2611 1030 2644 pono
1066 2611 1111 2632 ex
1147 2598 1322 2643 exemplo,
1360 2597 1452 2641 quod
1488 2596 1611 2631 eodem
1646 2596 1720 2629 fere
1756 2597 1915 2639 tempore
1952 2593 1988 2627 in

232 2652 424 2686 Societatis
459 2652 610 2695 collegio
636 2652 910 2695 ingolstadiensi
937 2652 1108 2696 scriptum
1146 2654 1182 2685 et
1217 2652 1269 2685 sic
1294 2651 1506 2695 inscriptum
1533 2652 1606 2683 est:
1645 2648 1804 2691 „Puncta
1832 2648 1991 2681 Romana

230 2705 442 2740 Rectoribus
469 2705 712 2739 obseruanda“
745 2704 931 2748 („Antiqu.
958 2704 1126 2748 Ingolst.“
1157 2704 1182 2738 f.
1210 2705 1313 2746 101):

354 2813 365 2832 ¹
391 2812 429 2845 P.
463 2812 701 2845 Uzeodorz'cus
738 2811 905 2844 Canisius
942 2809 1192 2844 universitatis
1230 2811 1266 2843 et
1303 2809 1445 2852 collegii
1483 2806 1655 2850 dilingani
1692 2808 1811 2839 rector
1844 2805 1990 2847 Dilinga

236 2865 265 2896 1.
293 2863 513 2908 Septembris
541 2864 630 2898 1567
658 2863 692 2898 S.
719 2863 911 2897 Francisco
937 2863 1091 2906 Borgiae
1118 2862 1311 2906 *scripsitz
1351 2861 1424 2904 „De
1449 2860 1555 2894 rebus
1581 2859 1773 2900 Pontificis,
1807 2858 1842 2892 in
1874 2857 1989 2892 literis

232 2915 382 2958 publicis
418 2928 508 2959 quae
543 2916 832 2950 hebdomadatim
867 2916 903 2949 in
937 2915 1004 2949 has
1037 2917 1159 2960 partes
1195 2915 1434 2959 perferuntur,
1472 2913 1573 2947 varia
1607 2911 1743 2955 aliquot
1777 2909 1989 2955 septimanis

234 2967 346 3001 allata
372 2972 464 3009 sunt,
499 2970 714 3013 praesertim
750 2969 845 3003 circa
880 2969 1123 3002 ordinationes
1148 2968 1321 3011 quasdam
1360 2967 1402 3000 de
1427 2967 1550 2999 nostro
1576 2964 1742 2998 instituto
1767 2963 1988 2997 nominatim.

233 3019 391 3053 Tandem
416 3020 492 3054 heri
517 3021 619 3055 nobis
655 3021 898 3064 significatum
926 3023 991 3062 est,
1018 3020 1113 3054 velle
1140 3031 1287 3064 prorsus
1314 3030 1491 3053 summum
1517 3017 1736 3062 pontificem,
1764 3019 1804 3050 vt
1830 3015 1990 3050 Societas

234 3071 339 3105 IESV
366 3074 401 3105 et
427 3073 601 3115 quaedam
627 3073 719 3108 aliae
746 3074 1044 3117 congregationes
1071 3073 1239 3117 deinceps
1265 3072 1523 3117 professionem
1550 3070 1690 3103 faciant
1714 3081 1811 3103 more
1838 3068 1989 3103 aliarum

233 3124 456 3166 religionum.
506 3124 696 3160 Nescimus
733 3130 837 3171 pater
876 3127 959 3170 quid
999 3126 1088 3160 haec
1125 3125 1193 3159 sibi
1233 3124 1355 3158 velint.
1415 3123 1588 3157 Dominus
1625 3122 1660 3156 in
1699 3134 1800 3156 suam
1838 3121 1987 3165 gloriam

235 3177 370 3210 omnia“
405 3177 464 3218 (ex
492 3181 649 3220 autogr.;
682 3177 744 3219 „G.
772 3178 835 3222 Ep.
851 3178 956 3211 17111*ι
987 3178 1011 3212 f.
1034 3177 1146 3221 137³).
