2077 3461
216 200 299 241 108
721 197 821 231 1249.
848 196 1089 231 Theodoricus
1117 196 1281 231 Canisius
1308 196 1461 231 Canisio.

213 318 476 367 Rhenenses‚
511 317 582 370 qui
616 316 746 358 etiam
779 315 944 358 faciunt
976 317 1031 357 30
1055 315 1235 357 ducatos
1266 314 1310 357 in
1343 329 1460 364 auro,
1495 315 1590 369 plus
1623 315 1775 358 minus,
1839 315 1971 357 Prae-

212 385 333 425 terea
374 381 486 423 idem
528 381 573 425 P.
609 380 853 424 Stanislaus
893 380 1068 434 pallium
1113 379 1319 434 optimum
1362 380 1460 421 hinc
1501 393 1646 421 secum
1687 380 1808 429 tulit,
1858 379 1971 433 quod

213 446 408 489 constitit
451 448 474 487 8
509 446 677 488 ducatis
719 445 810 488 siue
846 447 898 487 12
930 444 1105 486 florenis
1121 446 1147 487 1.
1210 445 1372 486 Factae
1413 447 1514 487 sunt
1554 447 1782 498 praeterea
1823 446 1970 486 vestes

212 525 350 553 nouae
391 525 469 565 pro
502 511 558 553 M.
592 511 751 561 Luca2,
794 512 966 564 emptae
1007 522 1161 551 ocreae
1200 513 1244 551 et
1275 509 1431 551 similia
1463 509 1515 551 ad
1549 509 1632 551 iter
1665 513 1864 562 equestre
1896 522 1971 550 ne-

212 575 401 618 cessaria
433 590 510 630 pro
533 578 558 617 4
583 575 751 618 ducatis
783 575 874 616 siue
908 576 931 616 6
955 574 1129 616 florenis
1154 574 1463 616 Rhenensibus.
1516 574 1573 615 Jn
1599 588 1766 616 summa
1797 577 1972 628 praeter

214 643 268 683 30
292 641 472 683 ducatos
504 640 719 693 Monachij
753 642 967 693 acceptos,
1001 639 1043 680 in
1077 639 1260 693 pecunia
1292 641 1337 681 et
1368 638 1562 681 vestibus
1594 653 1620 680 a
1652 639 1774 680 nobis
1806 638 1973 693 accepit

213 706 259 749 P.
294 705 536 748 Stanislaus
582 708 635 747 64
677 706 863 746 florenos
907 704 1171 746 Rhenenses.
1247 704 1412 746 Habuit
1464 706 1692 758 praeterea
1743 706 1973 756 Vtrumque

213 784 368 823 equum
402 770 545 812 album
569 784 624 812 ex
646 770 751 811 vrbe
774 769 1020 818 adductum,
1055 783 1236 822 quorum
1269 769 1380 811 alter
1406 769 1457 810 18
1481 769 1648 811 ducatis
1681 770 1725 810 et
1751 770 1770 809 1
1795 769 1970 819 floreno,

213 836 325 878 alter
356 849 460 877 vero
497 837 548 877 19
583 834 751 876 ducatis
783 834 948 875 Romae
990 836 1160 887 emptus
1191 834 1287 877 fuit.
1352 833 1455 875 Heri
1488 833 1586 875 hinc
1619 833 1815 875 discessit
1846 846 1973 887 prae-

215 901 355 943 dictus
378 901 508 942 Pater
530 899 851 952 Jngolstadium
885 913 979 940 cum
1003 898 1059 941 M.
1083 899 1212 949 Luca,
1248 901 1296 941 vt
1321 899 1436 940 illhic
1460 898 1733 940 Guilielmum
1757 898 1973 951 Anglumss

215 965 294 1007 sibi
337 964 559 1018 adiungat.
623 964 825 1006 Arbitror
855 963 1232 1016 Jngolstadienses
1274 963 1404 1006 etiam
1445 966 1619 1006 nostros
1659 963 1865 1005 nonnulla
1896 977 1973 1017 pro

213 1029 410 1085 patribus
441 1029 536 1071 istis
568 1029 735 1083 polonis
768 1042 1048 1082 expensuros‚
1083 1028 1195 1081 quod
1227 1028 1346 1070 breui
1378 1028 1682 1082 intelligemus.

332 1094 543 1136 Discessit
584 1094 681 1135 hinc
714 1093 843 1136 etiam
884 1093 977 1135 heri
1009 1093 1279 1147 Moguntiam
1311 1093 1592 1135 Reuerendus
1624 1094 1669 1136 P.
1704 1093 1846 1134 Vinck
1879 1107 1973 1134 cum

215 1160 345 1201 Patre
377 1158 569 1209 Costem,
612 1159 743 1200 Patre
775 1158 951 1200 Andrea
984 1158 1261 1200 Auantiano4
1302 1160 1346 1200 et
1377 1158 1435 1200 M.
1468 1158 1666 1200 Johanne
1698 1158 1840 1199 Leone
1872 1157 1973 1198 His-

214 1238 326 1278 pano
340 1225 368 1265 5.
433 1223 692 1265 Humaniter
723 1223 782 1264 illi
817 1237 842 1264 a
875 1223 1250 1265 Reuerendissimo
1283 1224 1461 1264 nostro6
1494 1223 1665 1276 excepti
1701 1222 1890 1273 fuerunt,
1931 1224 1975 1264 et

215 1290 257 1330 in
291 1289 390 1330 aula
422 1302 499 1342 per
530 1291 681 1330 noctes
715 1288 821 1330 duas
854 1287 1025 1330 retenti.

334 1353 465 1395 Pater
497 1353 695 1395 Andreas
728 1352 1000 1395 Auantianus
1032 1355 1209 1406 praeter
1240 1366 1394 1406 equum
1428 1352 1589 1402 rufum,
1624 1352 1697 1405 qui
1732 1354 1782 1393 12
1808 1350 1975 1394 ducatis

216 1418 378 1460 Romae
420 1421 589 1472 emptus
629 1417 724 1468 fuit,
769 1420 998 1460 4tantun1
1040 1418 1220 1461 ducatos
1261 1418 1353 1459 siue
1395 1419 1420 1459 6
1453 1418 1638 1459 florenos
1680 1431 1706 1460 a
1744 1417 1865 1458 nobis
1897 1430 1974 1470 pro

216 1483 375 1526 viatico
409 1483 605 1537 accipere
637 1482 788 1525 voluit.

335 1548 549 1602 Scriptum
582 1548 636 1589 ad
669 1562 737 1590 me
767 1547 939 1589 nomine
973 1548 1213 1590 Reuerendi
1246 1548 1293 1591 P.
1329 1547 1551 1590 Generalis
1584 1561 1640 1589 ex
1671 1547 1776 1588 vrbe
1809 1546 1891 1589 fuit
1923 1546 1975 1588 de

215 1613 487 1667 suscipienda
519 1616 613 1655 tota
645 1613 892 1667 prouinciae
927 1627 1030 1655 cura
1062 1627 1158 1655 cum
1190 1613 1360 1655 nomine
1394 1612 1790 1666 Viceprouincialis‚
1824 1611 1975 1654 relicto

212 1677 386 1719 interim
418 1678 521 1719 mihi
554 1678 736 1732 duplicis
758 1678 1019 1721 Rectoratus
1051 1692 1180 1720 onere
1194 1679 1222 1720 7.
1276 1678 1370 1731 Ego
1403 1677 1504 1730 quid
1538 1677 1730 1730 cogitare
1752 1677 1822 1718 vel
1845 1689 1975 1730 agere

214 1743 391 1784 debeam
426 1746 552 1796 pater
583 1742 740 1793 nescio,
775 1743 1008 1797 perplexus
1041 1757 1146 1791 sum,
1181 1743 1340 1785 iratum
1374 1742 1475 1784 mihi
1499 1743 1635 1784 Deum
1667 1744 1812 1783 metuo
1845 1741 1975 1783 Vehe-

216 1809 397 1857 menter,
432 1807 694 1849 Debiliorem
726 1807 769 1849 in
803 1807 957 1861 spiritu
991 1808 1183 1860 quotidie
1216 1821 1284 1849 nie
1317 1807 1529 1861 experior,
1563 1807 1771 1848 Crescunt
1802 1805 1975 1848 interim

214 1886 357 1922 onera,
392 1875 436 1914 et
469 1872 638 1925 quidem
672 1873 926 1921 animarum,
962 1872 1047 1914 Vix
1079 1872 1122 1914 in
1155 1872 1401 1915 obedientia
1432 1872 1610 1925 respiro.
1673 1871 1796 1914 Fiat
1828 1873 1975 1913 tamen

213 1936 256 1978 in
290 1936 485 1978 omnibus
519 1937 731 1978 Domini
764 1938 1075 1987 voluntas&
1110 1952 1219 1990 quae
1242 1937 1357 1979 mala
1380 1951 1475 1978 esse
1496 1951 1581 1978 non
1612 1939 1771 1991 potest,
1805 1935 1975 1978 etiamsi

214 2015 291 2055 pro
323 2001 512 2055 peccatis
545 2001 652 2043 meis
683 2002 790 2044 haec
822 2002 925 2043 mihi
957 2002 1132 2056 flagella
1160 2002 1360 2045 cumulet.
1415 2001 1576 2055 Scripsi
1599 2001 1653 2043 ad
1675 2001 1973 2043 Reuerendum

216 2066 260 2110 P.
303 2067 558 2108 Generalem
602 2080 761 2120 rogans
806 2070 864 2109 vt
908 2067 1121 2109 animae
1169 2081 1318 2109 meae
1361 2066 1740 2115 misereatur⁹‚
1785 2079 1863 2107 nec
1907 2079 1974 2107 me

217 2145 347 2185 supra
387 2131 429 2173 id
463 2131 575 2185 quod
607 2131 722 2172 ferre
754 2145 929 2185 possum
961 2146 1148 2184 grauare
1180 2132 1301 2183 velit,
1343 2146 1397 2173 ne
1428 2133 1557 2186 plane
1589 2131 1863 2172 succumbam
1897 2130 1974 2172 ali-

216 2196 399 2248 quando,
433 2200 476 2238 et
499 2197 604 2246 Deo,
639 2196 740 2238 mihi
772 2199 904 2249 atque
938 2197 1034 2250 alijs
1066 2196 1224 2238 reddar
1251 2196 1426 2240 inutilis.
1484 2195 1769 2238 Reuerentiae
1792 2196 1839 2238 T.
1864 2209 1973 2248 quae

215 2275 354 2302 meam
395 2261 735 2303 imbecillitatem
777 2264 821 2303 et
862 2260 1003 2302 oneris
1045 2262 1307 2314 grauitatem
1350 2265 1567 2314 utcunque
1608 2260 1749 2310 nouit,
1799 2274 1973 2302 causam

338 2378 347 2398 ¹
379 2377 419 2411 In
446 2377 746 2422 *„Instructione“
775 2378 815 2411 P.
841 2377 1083 2412 Rosdracevio
1110 2377 1221 2411 Roma
1256 2378 1451 2412 discedenti
1487 2377 1571 2411 data
1605 2377 1693 2411 haec
1727 2379 1830 2411 sunt:
1866 2375 1972 2417 „Cum

214 2430 419 2474 peruenerit
444 2431 646 2474 Augustam
680 2432 852 2465 uiaticum
888 2432 922 2464 et
960 2431 1047 2464 duos
1074 2431 1161 2465 alios
1188 2442 1298 2475 equos
1324 2443 1387 2476 pro
1412 2431 1588 2473 Magistro
1615 2430 1710 2464 Luca
1736 2431 1771 2463 et
1798 2428 1974 2463 Gulielmo

215 2483 394 2527 accipiens
430 2486 466 2517 et
500 2484 633 2528 palium
669 2496 737 2528 quo
771 2485 824 2518 uti
859 2484 975 2518 solent
1001 2483 1211 2518 Sacerdotes
1238 2484 1447 2525 Societatis,
1482 2487 1523 2518 ut
1554 2484 1597 2518 ad
1625 2484 1701 2517 eius
1727 2483 1876 2516 formam
1903 2481 1973 2515 alia

214 2536 335 2577 fiant“,
362 2535 618 2571 Vratislaviani
647 2549 774 2572 versus
808 2537 1065 2582 proficiscetur.
1120 2537 1191 2579 (Ex
1217 2548 1360 2582 apogr.‚
1394 2549 1488 2571 saec.
1516 2537 1609 2570 XVI.
1661 2536 1794 2570 Romae
1827 2534 1972 2579 scripto.

219 2589 390 2630 „Decreta
417 2591 451 2623 et
478 2590 659 2625 Instructi.
690 2590 941 2625 1540—1573“
972 2590 996 2624 f.
1023 2590 1134 2633 2162.)

333 2643 346 2663 2
372 2642 544 2677 Cracovio
572 2643 835 2686 (Krasowski);
861 2643 943 2677 vide
969 2654 1078 2688 supra
1103 2655 1136 2688 p.
1167 2644 1182 2678 1
1211 2643 1266 2678 86.

335 2696 347 2715 ³
373 2695 598 2731 Stubbeum‘?
641 2696 732 2730 Vide
762 2697 848 2730 Can.
875 2697 925 2730 IV
952 2697 1056 2730 649¹.

334 2750 346 2768 ⁴
374 2748 412 2782 Ρ.
444 2748 621 2783 Antonius
655 2749 772 2783 Vinck
807 2750 1012 2794 provinciae
1046 2749 1225 2783 rhenanae
1260 2749 1449 2783 Societatis
1483 2747 1707 2793 praepositus
1742 2746 1974 2791 provincialis

216 2803 303 2834 erat.
355 2801 392 2835 P.
420 2801 631 2836 Franciscus
659 2802 828 2836 Costerus
855 2802 1068 2837 Germaniae
1102 2802 1281 2836 inferioris
1315 2801 1645 2847 viceprovincialis,
1680 2800 1720 2834 P.
1747 2800 1972 2834 Avantianus

216 2852 356 2896 collegii
392 2854 620 2889 virdunensis
648 2855 827 2897 (verdun)
865 2856 1000 2900 primus
1035 2858 1153 2890 rector
1187 2867 1207 2889 a
1233 2855 1365 2898 Borgia
1400 2854 1578 2898 designati
1613 2855 1713 2887 erant
1751 2852 1972 2896 (Sacchznns,

218 2905 313 2939 Hist.
343 2905 375 2940 S.
397 2906 428 2940 J.
456 2907 518 2948 HI,
546 2907 568 2941 I.
591 2908 619 2947 1,
646 2919 679 2941 n.
699 2908 740 2941 51
770 2908 843 2950 86).

336 2959 348 2977 ⁵
374 2957 496 3000 Hunc,
535 2959 574 2993 P.
602 2960 744 2994 Ioannis
780 2960 901 2994 Leonii
937 2960 970 2994 S.
998 2961 1030 2995 J.
1070 2972 1100 2994 a.
1130 2961 1220 2995 1566
1255 2961 1419 3004 Trigueri
1458 2958 1587 2993 mortui
1624 2960 1809 3002 nepotem,
1848 2963 1972 3002 postea

217 3010 417 3055 complures
443 3022 554 3046 annos
580 3012 614 3046 in
641 3013 825 3057 provincia
851 3012 885 3047 S.
911 3014 943 3048 J.
975 3013 1134 3048 rhenana
1159 3013 1377 3057 theologiam
1404 3013 1567 3047 docuisse
1593 3011 1750 3045 affirmat
1777 3011 1972 3044 Saccmnus

217 3063 239 3097 1.
268 3074 295 3098 c.
324 3063 385 3103 ΙΙΙ,
411 3063 433 3097 1.
453 3064 484 3103 2,
511 3076 543 3098 n.
564 3065 618 3099 79.

336 3116 348 3135 ⁶
375 3115 554 3150 Cardinali
581 3117 791 3152 Truchsess.
937 3120 949 3139 ⁷
976 3118 1066 3152 Vide
1092 3119 1186 3153 infra
1211 3130 1364 3153 monum.
1392 3129 1502 3161 germ.
1530 3117 1552 3151 l.
1582 3117 1646 3159 (2).

338 3169 350 3189 ⁸
376 3170 445 3203 Act
471 3169 526 3210 21,
556 3170 617 3210 14;
645 3171 690 3204 cf.
716 3171 769 3204 Mt
797 3171 827 3212 6,
857 3172 918 3211 io:
947 3172 995 3205 Lc
1021 3172 1077 3211 22,
1103 3172 1148 3205 42
1175 3174 1241 3206 etc.
1386 3172 1399 3191 ⁹
1424 3172 1446 3205 4
1472 3171 1528 3214 Rg
1557 3172 1584 3211 1,
1614 3171 1666 3205 14.
