2045 3471
221 184 305 224 432
705 182 806 216 1424.
834 182 1000 217 Canisius
1026 183 1060 219 S.
1080 183 1270 218 Francisco
1297 184 1340 217 de
1367 184 1507 227 Borgia.

219 313 468 354 gereremus
484 301 511 343 1.
570 301 646 342 Jta
679 315 791 343 nunc
823 301 1049 355 impetrari
1082 316 1251 355 quoque
1283 315 1367 343 non
1399 304 1557 355 potest,
1592 304 1640 344 ut
1672 302 1980 345 Canonicorum

220 378 454 406 consensus
495 365 675 407 accedat
717 365 759 407 in
801 366 981 420 Collegij
1022 367 1225 409 instituto
1268 366 1575 409 confirmando.
1638 366 1827 409 Primum
1869 367 1980 409 enim

219 428 332 471 inter
373 428 797 472 Reuerendissimum
840 434 884 473 et
925 431 1163 473 Canonicos
1209 431 1321 472 male
1365 431 1592 480 conuenit,
1640 433 1688 473 ut
1731 430 1875 485 rogati
1920 431 1981 472 illi

220 507 379 546 augere
397 494 540 548 potius
557 495 655 537 odia
673 509 802 548 quam
822 496 1196 538 Reuerendissimo
1220 495 1450 549 suffragari
1473 495 1517 537 in
1538 496 1619 537 hac
1636 499 1761 550 parte
1777 497 1941 538 uellent
1951 498 1980 539 2.

220 558 385 600 Deinde
417 562 546 613 rogat
576 559 682 614 ipse,
726 574 780 602 ne
825 575 916 602 rem
949 574 1028 615 per
1059 575 1105 603 se
1138 575 1221 603 non
1266 560 1570 611 necessariam,
1609 560 1690 602 sibi
1723 574 1826 603 uero
1868 561 1981 615 peri-

219 623 423 674 culosam,
467 624 589 666 nobis
621 639 773 679 palum
806 625 955 668 utilem
988 640 1233 679 urg,eamus
1278 625 1390 677 quod
1424 639 1478 666 ex
1519 625 1659 667 ueteri
1695 639 1813 667 more
1844 625 1982 667 facul-

219 690 357 731 tatem
390 689 501 731 hanc
534 689 694 733 habeat
726 690 1130 733 Reuerendissimus
1163 691 1215 732 de
1247 690 1395 732 uacuis
1432 689 1675 732 huiusmodi
1705 690 1982 775 Monasterijs

219 752 353 795 libere
386 753 653 808 disponendi,
688 755 946 808 piaeseltim
981 770 1075 797 cum
1108 755 1313 797 Pontifex
1344 755 1463 797 Max.
1498 755 1779 797 consenserit.

338 818 459 868 Quod
491 820 545 861 ad
578 820 707 862 aedes
740 820 1044 862 Conuictorum
1077 821 1262 862 attinet³
1265 853 1273 870 ,
1317 820 1351 861 si
1384 822 1516 874 pacta
1548 820 1846 870 obseruentur,
1888 822 1981 863 toto

222 896 334 925 anno
376 884 462 926 illis
503 885 693 938 praeerit
725 884 834 926 alius
877 887 1115 927 externus3
1147 888 1191 928 et
1224 884 1378 927 deinde
1419 898 1554 938 penes
1587 887 1760 926 nostros
1792 885 1981 928 manebit

223 950 408 999 tantum,
433 963 561 1002 quam
584 952 755 1000 uocant,
790 949 1204 1004 superintendentia,
1228 950 1271 991 in
1296 949 1435 992 literis
1458 952 1503 992 et
1524 949 1727 999 moribus,
1751 953 1799 991 ut
1819 950 1981 992 nullam

225 1013 500 1055 oeconomiae
532 1017 609 1056 aut
640 1014 946 1068 temporalium
978 1028 1121 1056 rerum
1145 1029 1292 1056 curam
1325 1014 1629 1057 sustineamus.
1684 1014 1844 1056 Verum
1875 1014 1982 1056 haec

225 1077 331 1119 satis
364 1077 406 1118 in
439 1078 694 1132 utramqueb
716 1082 884 1133 partem
919 1094 944 1121 a
976 1093 1044 1121 me
1076 1079 1238 1133 scripta
1270 1078 1484 1121 uidentur.
1538 1079 1778 1133 Expediam
1811 1079 1982 1121 interim

227 1156 497 1195 responsum,
541 1144 653 1196 quod
687 1147 870 1198 expecto
903 1158 929 1186 a
961 1146 1086 1198 patre
1110 1144 1362 1194 Visitatore,
1405 1144 1441 1186 si
1473 1143 1588 1186 forte
1619 1143 1783 1186 scribat
1815 1147 1859 1186 et
1890 1144 1983 1198 ipse

223 1207 277 1249 ad
300 1207 723 1250 Reuerendissimum
747 1211 795 1251 ut
816 1209 983 1262 rogaui,
1019 1212 1062 1252 et
1084 1209 1190 1250 nihil
1223 1208 1438 1251 discedam
1463 1223 1489 1250 a
1512 1209 1779 1263 praescripto
1803 1212 1982 1251 sanctae

225 1272 509 1315 obedientiae.
574 1271 796 1328 Misere[t]
830 1287 899 1315 me
931 1273 1106 1316 interim
1141 1274 1425 1316 Germanicae
1457 1273 1623 1324 messis,
1665 1273 1708 1314 in
1741 1287 1825 1326 qua
1857 1273 1981 1315 uideo

223 1350 428 1390 magnam
469 1337 565 1380 fore
598 1338 902 1381 difficultatem
936 1339 1120 1392 collegia
1160 1338 1429 1388 instituendi,
1473 1341 1517 1380 et
1550 1337 1774 1380 societatis
1806 1341 1981 1380 nostrae

221 1402 413 1444 rationes
446 1402 566 1457 alijse
600 1403 907 1457 comprobandi
950 1418 1045 1446 cum
1079 1404 1131 1445 de
1163 1403 1278 1445 illius
1310 1404 1514 1446 libertate
1546 1403 1784 1456 loquemur,
1828 1406 1871 1445 et
1902 1417 1981 1458 pro

223 1467 345 1508 nobis
377 1470 467 1509 tam
501 1468 637 1510 multa
670 1469 999 1522 postulabimus,
1033 1469 1145 1511 sicut
1168 1469 1330 1511 dictum
1353 1468 1527 1510 memini
1559 1468 1602 1509 in
1634 1471 1806 1522 patrum
1829 1468 1980 1511 ultima

222 1531 581 1586 Congregatione.
630 1533 791 1576 Potens
815 1537 882 1576 est
914 1534 1086 1576 interim
1109 1534 1225 1575 Deus
1257 1533 1404 1576 facere
1435 1533 1594 1587 suprad
1617 1547 1745 1586 quam
1769 1533 1981 1575 credimus

223 1599 267 1638 et
307 1597 631 1651 intelligimus4‚
676 1599 933 1652 praesertim
978 1599 1199 1653 sacrificijs
1241 1602 1285 1641 et
1328 1598 1528 1653 precibus
1568 1599 1801 1641 multorum
1845 1598 1980 1642 inter-

222 1661 486 1704 cedentibus.

339 1726 421 1768 Hic
452 1727 538 1769 iam
561 1727 717 1769 addam
740 1728 869 1770 aliam
903 1730 947 1770 et
978 1743 1062 1771 non
1094 1729 1248 1779 leuem,
1282 1731 1331 1770 ut
1359 1728 1462 1770 mihi
1484 1727 1657 1770 uidetur
1679 1727 1978 1770 difficultatem

220 1790 263 1832 in
296 1791 375 1833 hoc
408 1791 596 1844 negotio.
652 1792 1054 1835 Reuerendissimus
1087 1793 1369 1846 quingentos⁰
1402 1806 1425 1834 e
1452 1795 1562 1835 1500
1596 1806 1620 1834 a
1653 1792 1876 1834 Canonicis
1909 1806 1979 1835 ac-

221 1855 363 1910 cipere
405 1857 570 1910 cogitat
610 1871 689 1912 pro
730 1858 891 1900 salario
934 1858 1281 1907 Concionatoris,
1326 1861 1370 1900 et
1410 1857 1488 1899 hos
1530 1857 1719 1910 Collegio
1761 1857 1979 1911 applicare

221 1921 327 1963 uult.
381 1920 438 1962 Jd
471 1921 583 1975 quod
615 1936 719 1963 sane
751 1922 975 1964 ferendum
1007 1937 1093 1964 non
1126 1925 1193 1965 est
1206 1924 1234 1965 5.
1289 1921 1454 1964 Deinde
1480 1921 1516 1964 si
1547 1922 1658 1964 idem
1691 1922 1782 1976 ipse
1814 1923 1855 1964 in
1889 1923 1979 1966 uita

221 1999 300 2027 sua
341 1985 606 2029 dotationem
649 2000 733 2028 non
774 1987 960 2038 auxerit,
1003 1991 1051 2030 ut
1091 1987 1348 2041 promissum
1392 1989 1472 2037 est,
1515 2000 1646 2040 aegre
1679 1989 1824 2029 autem
1857 1987 1979 2040 quin-

222 2052 378 2104 gentos
409 2050 507 2092 illos
541 2051 592 2092 de
624 2065 702 2093 suo
735 2051 922 2105 adijciet,
957 2052 1100 2094 nescio
1125 2066 1208 2104 quo
1230 2052 1322 2093 iure
1355 2065 1580 2093 successor
1601 2052 1715 2093 illius
1738 2052 1791 2093 ad
1815 2051 1978 2094 auctio—

223 2129 320 2156 nem
352 2115 470 2156 illam
502 2116 811 2169 praestandam
834 2116 1118 2170 astringatur,
1152 2116 1409 2170 praesertim
1434 2130 1518 2157 non
1544 2116 1839 2158 intercedente
1860 2116 1978 2170 prius

343 2196 370 2226 a)
394 2196 464 2220 Tria
492 2204 531 2221 rr.
552 2205 610 2228 sqq.
630 2204 721 2228 snpra
748 2204 861 2221 versum
887 2197 997 2228 scripta
1023 2200 1099 2221 sunt.
1191 2197 1221 2228 b)
1248 2196 1398 2229 utranque
1426 2198 1503 2222 arrh.
1597 2197 1622 2229 c)
1650 2198 1709 2222 Hoc
1735 2204 1759 2221 v.
1779 2205 1871 2228 supra
1906 2205 1977 2222 vers.

223 2237 364 2267 seriptum
392 2240 442 2262 est.
534 2236 562 2267 d)
592 2238 638 2262 Ita
667 2239 694 2262 in
725 2239 983 2263 [11·ae·}1.r·or›·ectum
1011 2242 1051 2263 es(
1084 2246 1119 2262 ex
1146 2237 1235 2263 ultra.
1315 2241 1340 2269 e)
1370 2239 1442 2263 Verb
1446 2247 1492 2262 ttttt
1520 2246 1640 2269 sequens
1666 2242 1691 2262 et
1717 2246 1857 2262 ‘numerus
1885 2246 1976 2270 supra

224 2285 335 2302 versam
357 2282 433 2303 sunt.

344 2369 352 2386 ¹
379 2367 636 2401 Monasterium
663 2367 696 2402 S.
716 2368 868 2411 Agnetis
895 2367 1048 2401 saeculis
1067 2367 1164 2401 XIII.
1192 2369 1227 2400 et
1245 2366 1340 2401 XIV.
1368 2367 1540 2412 plurimos
1567 2378 1684 2410 agros,
1711 2367 1844 2409 vineas,
1874 2367 1978 2401 villas

222 2419 311 2453 dono
338 2422 527 2464 acceperat
562 2424 597 2454 et
624 2422 820 2461 coemeram
857 2432 1008 2465 quorum
1042 2420 1235 2454 indiculum
1272 2421 1391 2465 posuit
1418 2422 1492 2464 19η.
1520 2421 1732 2462 Βεηείηῃεν,
1762 2419 1977 2454 Geschichte

222 2472 284 2506 des
311 2472 650 2507 Clarissenklosters
688 2486 731 2507 zu
757 2473 808 2507 St.
827 2474 949 2516 Agnes
985 2474 1019 2507 in
1046 2473 1251 2516 VViirzburg
1280 2472 1432 2516 (Archiv
1463 2473 1526 2506 des
1552 2472 1790 2506 historischen
1808 2472 1976 2507 Vereines

221 2537 290 2559 von
316 2526 584 2560 Unterfranken
610 2527 680 2560 und
708 2526 995 2569 Aschaffenburg
1021 2526 1116 2567 XlH,
1144 2526 1350 2569 Wi'irzburg
1376 2526 1476 2567 1855,
1502 2526 1518 2559 I
1544 2526 1712 2567 20-48).
1764 2524 1860 2566 Quae
1887 2526 1976 2560 bona

220 2579 364 2612 ineunte
399 2582 435 2612 et
468 2579 583 2613 medio
610 2580 752 2614 saeculo
780 2579 874 2613 XVI.
910 2579 1003 2613 male
1031 2582 1133 2612 erant
1158 2579 1410 2613 administrata
1439 2578 1476 2622 (l.
1505 2590 1533 2612 c.
1562 2578 1729 2620 51453).
1780 2579 1820 2612 In
1846 2578 1975 2613 *Rela-

220 2633 312 2665 tione
338 2631 490 2675 quadam
517 2643 537 2666 a
564 2631 676 2666 Sociis
711 2632 1020 2677 herbipolensibus
1046 2643 1148 2672 anno,
1184 2635 1223 2666 ut
1249 2632 1402 2673 videtur,
1441 2632 1532 2666 1574
1557 2630 1704 2665 Romam
1740 2632 1784 2665 ad
1819 2643 1976 2666 summos

221 2684 409 2718 Societatis
443 2685 687 2719 moderatores
722 2685 833 2719 missa
872 2685 1092 2719 affirmatur:
1135 2685 1305 2727 „Reditus
1333 2684 1481 2729 Collegij
1517 2686 1601 2718 sunt
1635 2683 1759 2718 maiori
1794 2696 1838 2717 ex
1873 2688 1976 2729 parte

219 2737 454 2782 frumentarij,
490 2739 595 2782 pauci
630 2738 825 2783 pecuniarij
863 2749 991 2772 census
1019 2738 1148 2782 partim
1178 2738 1406 2779 redimibiles,
1442 2737 1573 2782 partim
1607 2736 1867 2779 irreffimibiles,
1902 2738 1975 2772 Sol—

221 2792 352 2823 uuntur
386 2802 406 2824 a
441 2791 597 2832 rusticis,
632 2791 763 2835 partim
799 2791 977 2825 nobilibus
1013 2793 1048 2825 et
1082 2791 1163 2836 alijs
1199 2791 1371 2832 Dominis,
1406 2790 1537 2835 partim
1567 2789 1735 2823 Societati
1771 2789 1974 2824 immediate

220 2842 400 2877 subiectis.
449 2843 548 2878 Bona
573 2843 778 2884 immobilia,
806 2855 897 2887 quae
923 2856 993 2878 non
1019 2844 1091 2878 sint
1118 2845 1202 2878 data
1228 2844 1263 2878 in
1290 2843 1550 2888 emphiteosim,
1576 2841 1674 2875 nulla
1700 2841 1809 2876 habet
1835 2845 1975 2887 praeter

222 2894 289 2927 duo
324 2898 436 2939 prata,
473 2898 507 2930 et
542 2897 710 2940 exiguam
747 2897 907 2942 syluam⁴‘
948 2899 1009 2940 (ex
1036 2897 1243 2941 archetypo.
1298 2896 1430 2939 „Rhea
1459 2896 1540 2939 Sup.
1567 2894 1678 2928 Fund.
1707 2895 1793 2929 Coll.
1821 2896 1969 2929 A—W“

339 3000 352 3019 ‘⁴’
379 3000 581 3044 Capitulum
600 3013 701 3036 suam
724 3002 878 3036 habebat
897 3002 1075 3043 scholam;
1094 3002 1136 3036 de
1155 3014 1225 3046 qua
1243 3014 1277 3036 v.
1292 3003 1432 3045 Bramz,
1452 2999 1722 3043 Heranbildung
1743 3001 1755 3034 I
1778 3001 1970 3035 113—117.

341 3052 353 3071 ³
379 3052 509 3086 Doctor
535 3054 787 3095 Sebastianus;
814 3055 895 3088 vide
925 3066 1034 3099 supra
1060 3067 1091 3099 p.
1120 3055 1198 3089 366.
1344 3056 1357 3074 4
1384 3053 1436 3088 Cf.
1464 3052 1543 3097 Eph
1568 3052 1600 3093 3,
1626 3053 1682 3087 20.

342 3104 354 3122 ⁵
380 3104 448 3137 Per
475 3105 662 3141 Societatis
697 3108 969 3142 constitutiones
997 3107 1224 3141 interdictum
1252 3109 1338 3148 erat,
1374 3118 1418 3140 ne
1445 3105 1537 3140 Socii
1573 3117 1634 3150 pro
1662 3106 1885 3140 contionibus
1910 3106 1971 3140 sti·

223 3154 351 3199 pendia
377 3157 596 3200 acciperent:
628 3160 708 3192 vide
734 3171 842 3204 supra
868 3172 900 3204 p.
927 3160 1019 3194 194².
