2077 3461
249 217 389 247 XXVIII
798 215 842 250 II.
869 214 1095 250 Prooemium
1121 214 1314 249 voluminis
1340 213 1466 258 quinti.

250 336 359 378 atque
393 334 427 368 id
463 337 651 369 assecutus
689 336 763 376 est,
802 336 843 369 ut
869 333 1057 378 Philippus
1091 344 1190 378 spem
1226 332 1384 376 aliquam
1411 331 1872 377 abiurationispraeberet.
1922 331 2011 366 Cum

249 390 369 420 autem
397 387 598 432 complures
623 389 732 431 atque
757 386 921 431 inprimis
946 386 1101 430 Prosper
1127 386 1172 420 ab
1193 386 1289 420 Arcu
1315 387 1435 419 orator
1460 395 1650 419 caesareus
1678 385 1870 420 iuvenibus
1894 384 1967 419 illis
1993 395 2012 418 e

250 439 405 474 vinculis
442 440 636 474 liberandis
673 440 824 474 multam
862 450 1006 484 operam
1043 440 1241 473 navassent
1276 440 1311 471 et
1343 437 1569 472 Camerarius
1603 440 1791 482 aegrotare
1826 438 2013 483 coepisset,

250 493 406 534 tandem,
432 493 531 527 nulla
557 493 779 527 abiuratione
805 492 913 533 facta,
938 491 1080 526 liberati
1107 494 1192 525 sunt
1220 492 1303 533 (747
1323 489 1420 533 752).
1465 490 1574 525 Fama
1599 490 1823 535 loquebatur,
1850 491 2013 527 Camera-

251 546 342 580 rium
369 546 596 580 infirmiorem
625 558 663 580 se
689 545 899 586 simulasse,
935 556 1040 589 quam
1068 544 1198 578 fuisset
1226 543 1341 587 (752).
1391 544 1492 578 Haec
1518 555 1563 578 ex
1588 543 1752 588 epistulis
1777 545 1821 579 ab
1847 544 1943 579 Arcu
1969 543 2014 578 ad

251 599 535 633 Maximilianum
563 599 608 633 II.
634 599 884 644 imperatorem
912 598 1016 637 datis,
1053 608 1146 641 quae
1180 608 1275 631 nunc
1309 597 1464 641 primum
1495 596 1594 642 typis
1620 597 1881 637 exscribuntur,
1911 596 2014 631 intel-

252 651 421 695 leguntur
440 652 674 695 (751-752).
708 652 884 697 Suspecta
902 651 1013 694 igitur
1031 652 1124 687 sunt.
1152 661 1243 694 quae
1262 649 1450 695 Philippus
1471 650 1698 684 Camerarius
1716 651 1793 695 ipse
1810 650 1854 685 de
1870 650 2016 685 Iesuitis

253 716 361 748 aegre
387 707 527 740 tantum
553 706 588 739 in
615 705 722 739 aedes
748 704 989 748 inquisitionis
1023 715 1087 748 per
1113 703 1365 738 Dominicanos
1391 703 1568 744 admissis,
1604 703 1646 737 de
1673 703 1796 738 fabula
1825 703 2012 746 „Amudis”

253 769 316 803 per
343 758 524 793 Canisiuni
551 759 618 793 sibi
644 759 773 797 missa,
810 758 851 791 de
878 756 990 791 variis
1025 756 1275 801 inquisitorum
1303 759 1339 791 et
1365 757 1580 791 Iesuitarum
1607 756 1745 791 artibus
1779 755 1902 791 multis
1935 758 2018 801 post

255 812 358 845 annis
393 813 428 846 in
463 812 717 846 commentario
744 811 896 855 quodam
932 822 996 844 suo
1032 820 1199 844 narrasse
1225 810 1399 850 traditur,
1434 811 1495 854 qui
1521 810 1675 844 saeculis
1701 809 1832 844 XVIII.
1859 812 1895 844 et
1919 809 2015 844 XIX.

254 865 371 899 editus
397 868 462 906 est,
488 865 654 899 mutilate
680 867 799 899 tamen
828 866 864 897 et
890 863 1078 907 castigate,
1105 862 1232 897 deinde
1257 875 1343 897 vero
1369 863 1506 908 perisse
1531 863 1676 898 videtur
1704 863 1818 907 (741).

374 918 608 952 Contionandi
635 917 753 952 officio
780 916 970 951 Societatis
996 916 1201 950 sacerdotes
1227 915 1407 950 Monachii
1442 917 1477 950 in
1513 916 1652 951 duobus
1685 916 1847 951 tribusve
1872 915 2018 961 templis

257 971 488 1015 (324-325),
523 971 689 1014 Dilingae
718 970 770 1013 (8)
798 972 835 1004 et-
868 969 1068 1015 Oeniponte
1096 969 1180 1013 (278
1205 969 1292 1013 473)
1329 969 1364 1003 111
1395 969 1548 1004 ecclesia
1583 969 1796 1014 parochiali,
1832 970 2018 1013 Augustae

257 1024 342 1067 (559
369 1024 466 1068 573),
492 1023 675 1068 Herbipoli
703 1022 816 1066 (430),
850 1022 974 1067 Spirae
1002 1022 1084 1065 (181
1114 1022 1198 1066 356)
1225 1022 1261 1056 in
1297 1022 1444 1057 aedibus
1479 1022 1748 1057 cathedralibus
1782 1024 1845 1057 aut
1877 1033 2019 1067 semper

255 1079 317 1111 aut
344 1088 406 1122 per
432 1076 574 1121 aliquod
602 1080 744 1121 tempus
762 1076 877 1110 functi
903 1078 998 1110 sunt.
1032 1075 1214 1110 Monachii
1241 1076 1285 1110 ad
1310 1076 1348 1110 P.
1368 1074 1563 1110 Martinum
1581 1075 1856 1110 Stevordianum
1875 1075 2018 1109 audien-

257 1130 339 1163 dum
366 1129 549 1174 complura
574 1129 673 1163 milia
699 1129 878 1163 hominum
906 1129 942 1162 in
968 1128 1142 1173 templum
1171 1129 1304 1163 Beatae
1330 1128 1466 1162 Mariae
1492 1128 1653 1172 Virginis
1678 1128 1905 1163 confluebant
1933 1126 2020 1171 (324

255 1183 352 1226 439).
405 1183 570 1217 Canisius
595 1182 809 1226 Noviomagi
843 1182 899 1216 bis
933 1182 970 1216 in
996 1181 1149 1216 ecclesia
1174 1181 1331 1216 maxima
1357 1182 1401 1216 ad
1434 1181 1570 1226 aliquot
1596 1181 1695 1216 milia
1720 1181 1901 1216 hominum
1929 1180 2021 1215 dixit

257 1236 371 1280 (659),
395 1236 664 1277 Furstenaviae,
692 1247 782 1279 quae
801 1235 1047 1280 episcoporum
1066 1234 1388 1278 osnaburgensium
1411 1235 1514 1269 sedes
1533 1237 1620 1276 erat,
1642 1235 1684 1270 10
1701 1235 1777 1269 fere
1795 1234 2019 1270 contionibus

256 1301 336 1324 cum
363 1288 442 1331 alia,
469 1292 545 1323 tum
571 1289 769 1323 catholicae
794 1288 878 1323 fidei
904 1288 1022 1333 capita
1048 1289 1068 1322 a
1095 1287 1377 1333 protestantibus
1402 1288 1439 1322 in
1465 1288 1747 1323 controversiam
1773 1290 1903 1322 vocata
1927 1291 2019 1322 trac·

255 1343 351 1377 tavit
378 1342 462 1385 (157
491 1342 587 1386 168).
621 1343 676 1377 Ad
702 1342 926 1376 iuventutem
954 1341 1155 1375 litterarum
1182 1342 1381 1376 studiosam
1407 1341 1621 1385 Noviomagi
1647 1341 1683 1375 in
1713 1340 1856 1383 „schola
1882 1342 2018 1386 aposto—

256 1396 345 1431 lica⁴‘
378 1397 462 1439 (656
489 1396 588 1440 659),
623 1395 789 1430 Coloniae
824 1396 860 1429 in
896 1394 1084 1440 gymnasio
1119 1394 1226 1429 trium
1254 1406 1464 1429 coronarum
1497 1395 1695 1429 orationem
1719 1394 1868 1428 latinam
1894 1393 2022 1428 habuit

259 1449 373 1493 (678).
423 1449 514 1483 Eum
541 1449 722 1484 contiones
748 1447 1079 1493 quadragesimales
1105 1459 1136 1482 a.
1166 1448 1256 1482 1566
1282 1448 1489 1491 Augustae,
1527 1448 1615 1482 1567
1643 1447 1828 1492 Herbipoli
1854 1447 2022 1481 habuisse

258 1504 328 1537 iam
355 1504 411 1537 est
436 1505 632 1537 narratum.
683 1502 802 1537 Etiam
837 1514 868 1536 a.
897 1502 987 1536 1565
1014 1503 1142 1546 quater
1172 1513 1236 1546 per
1260 1500 1424 1545 singulas
1451 1500 1755 1544 Quadragesimae
1780 1499 2023 1535 hebdomadas

259 1568 304 1590 ex
330 1555 504 1590 ecclesiae
530 1554 746 1590 cathedralis
772 1558 810 1589 et
834 1554 959 1599 templi
983 1554 1017 1588 S.
1038 1554 1180 1588 Ioannis
1205 1554 1321 1588 eidem
1347 1554 1507 1598 contigui
1532 1554 1646 1588 sacris
1672 1553 1905 1598 suggestibus
1932 1553 2024 1588 dixit

263 1609 383 1653 (549);
411 1620 545 1643 morem
564 1608 687 1643 orandi
706 1620 825 1643 coram
843 1607 958 1642 sacris
980 1607 1197 1651 imaginibus
1216 1610 1251 1642 et
1269 1609 1416 1642 sanctos
1434 1607 1624 1642 invocandi
1641 1607 1884 1652 propugnavit
1904 1605 2022 1650 (550);

261 1663 475 1698 caelibatum
502 1664 537 1696 et
566 1662 810 1705 virginitatem
836 1661 1000 1695 laudavit
1027 1660 1146 1705 (551);
1182 1661 1373 1703 auditores,
1408 1663 1448 1695 ut
1482 1672 1503 1694 a
1537 1661 1660 1706 pravis
1690 1659 1791 1695 libris
1816 1660 1884 1694 sibi
1919 1670 2021 1694 cave-

261 1719 351 1757 rent,
388 1715 513 1750 sedulo
540 1715 751 1749 adhortatus
778 1716 834 1749 est
862 1714 981 1758 (557);
1015 1716 1159 1749 sextum
1195 1725 1336 1758 quoque
1362 1713 1534 1757 Decalogi
1567 1716 1799 1759 praeceptum
1829 1714 2021 1753 tractavit;

262 1770 305 1805 de
330 1769 546 1815 polygamia,
574 1768 761 1809 adulterio,
787 1768 941 1802 divortio
968 1768 1109 1812 copiose
1136 1767 1229 1802 dixit
1257 1766 1493 1811 (550-556);
1527 1767 1637 1811 aliqui
1664 1779 1708 1801 ex
1734 1766 1956 1801 auditoribus
1982 1766 2025 1800 de

261 1823 368 1858 rebus
394 1822 486 1857 sexti
514 1821 697 1867 praecepti
723 1833 769 1855 ex
794 1832 896 1855 sacro
922 1823 1098 1863 suggestu
1130 1820 1360 1863 „indiscrete“
1391 1820 1461 1854 dici
1487 1821 1697 1861 censebant;
1737 1831 1825 1863 „non
1860 1831 1949 1864 opus
1981 1819 2025 1853 de

260 1877 317 1912 his
340 1876 447 1910 rebus
472 1875 699 1920 praedicar&
730 1874 905 1909 dicebant.
953 1874 1127 1916 „Miseros
1153 1874 1452 1915 contionatores“‚
1480 1873 1707 1908 exclamabat
1733 1873 1916 1914 Canisius;
1955 1872 2025 1915 „nil

261 1929 445 1964 difficilius
471 1940 577 1973 quam
604 1928 766 1963 omnihus
792 1927 1024 1962 satisfacere“
1056 1927 1171 1971 (557).

380 1982 473 2017 Socii
499 1982 660 2026 germani
686 1992 755 2015 non
781 1980 898 2015 solum
923 1980 1057 2023 lingua,
1093 1980 1155 2014 sed
1183 1981 1291 2014 etiam
1327 1980 1511 2014 calamo
1546 1979 1720 2014 ecclesiae
1746 1979 2023 2014 famulabantur.

263 2036 427 2071 Canisius
453 2047 484 2070 a.
512 2035 603 2069 1565
629 2034 804 2079 epistulas
830 2033 863 2068 S.
892 2033 1101 2078 Hieronymi
1136 2033 1172 2067 in
1200 2045 1304 2068 usum
1336 2033 1541 2068 scholarum
1568 2044 1588 2067 a
1613 2044 1653 2067 se
1678 2032 1832 2067 selectas
1858 2032 2025 2076 Dilingae

261 2091 389 2124 iterum
417 2088 528 2123 edidit
547 2087 663 2132 (791).
698 2086 812 2121 Valde
839 2087 947 2121 etiam
973 2086 1168 2120 verisimile
1194 2089 1260 2127 est,
1286 2087 1400 2131 ipsius
1426 2097 1533 2131 opera
1558 2086 1694 2120 factum
1721 2097 1810 2127 esse,
1836 2088 1876 2120 ut
1902 2085 2024 2120 eodem

261 2155 292 2178 a.
322 2143 412 2177 1565
448 2141 613 2185 Dilingae
647 2140 860 2183 vulgaretur
896 2139 1119 2181 „Admonitio
1146 2139 1351 2174 Catholica“
1381 2139 1556 2174 adversus
1587 2139 1854 2174 Centuriatores
1879 2138 2024 2182 Magde-

263 2198 478 2240 burgenses,
514 2193 666 2228 Conradi
691 2193 802 2227 Bruni
828 2204 916 2238 opus
948 2192 1198 2237 posthumum;
1237 2192 1483 2227 commentarii
1520 2193 1564 2226 de
1599 2192 1710 2226 Bruni
1745 2193 1819 2226 vita
1852 2191 2025 2235 librisque

262 2248 473 2294 conscripti,
511 2248 572 2292 qui
608 2246 850 2281 Admonitioni
888 2247 1115 2291 praepositus
1151 2249 1224 2286 est,
1264 2245 1429 2280 Canisius
1464 2248 1589 2280 auctor
1623 2257 1703 2280 esse
1737 2245 1879 2279 videtur
1910 2244 2022 2288 (792).

262 2303 386 2338 Denuo
412 2302 508 2336 edita
532 2302 618 2334 sunt
643 2311 674 2334 a.
696 2300 785 2334 1566
813 2298 963 2333 Lovanii
989 2310 1096 2344 opera
1122 2298 1156 2333 S.
1176 2299 1304 2333 Leonis
1330 2299 1452 2342 Magni
1480 2310 1500 2333 a
1520 2298 1661 2333 Canisio
1687 2298 1838 2343 primum
1859 2296 2025 2332 Coloniae

263 2356 413 2391 collecta
450 2357 486 2389 et
522 2353 704 2388 illustrata
737 2352 849 2396 (803).
905 2352 978 2386 Iam
1005 2352 1064 2386 diu
1099 2351 1345 2386 Ferdinandus
1379 2353 1405 2386 1.
1444 2352 1638 2397 imperator
1674 2351 1838 2386 Materno
1877 2350 2025 2385 Cholino

263 2408 455 2444 coloniensi
482 2407 735 2447 mandaverat,
771 2408 811 2440 ut
836 2404 970 2440 Canisii
1000 2405 1204 2447 „Summam
1238 2405 1420 2439 doctrinae
1457 2404 1693 2439 christianae“
1723 2404 1767 2438 ab
1802 2406 1947 2439 auctore
1972 2415 2024 2438 re—

263 2460 544 2505 cognoscendam
571 2460 669 2505 typis
695 2459 809 2493 denuo
840 2458 1079 2498 exscriberet;
1117 2457 1282 2492 Canisius
1307 2457 1462 2501 negotiis
1488 2457 1548 2492 diu
1575 2458 1771 2498 distentus,
1805 2457 1950 2492 tandem
1974 2456 2025 2490 in-

263 2518 368 2550 eunte
395 2526 426 2548 a.
456 2514 545 2548 1566
571 2512 735 2546 ultimam
762 2523 904 2546 manum
933 2512 1030 2556 operi
1056 2511 1241 2556 apposuit;
1279 2514 1387 2555 atque
1422 2511 1474 2545 ita
1508 2511 1730 2556 praeclarum
1766 2509 1866 2544 illum
1894 2510 2024 2544 librum

263 2569 436 2603 ecclesiae
455 2567 553 2601 dedit
570 2566 620 2600 ita
639 2565 787 2610 politum
807 2566 843 2599 et
868 2565 1083 2605 absolutum,
1110 2566 1149 2598 ut
1168 2563 1334 2608 deinceps
1352 2564 1415 2597 vix
1433 2563 1568 2607 aliquid
1585 2563 1644 2598 vel
1670 2574 1833 2608 parvum,
1859 2563 2026 2598 assiduus

263 2621 469 2665 ceteroquin
494 2620 663 2653 librorum
691 2629 836 2653 suorum
864 2618 1080 2659 emendator,
1107 2617 1256 2651 haberet
1281 2617 1542 2650 immutandum
1572 2617 1685 2660 (804).
1736 2617 1833 2650 Idem
1860 2616 2026 2650 Canisius

268 2675 474 2717 ‚Lectiones
494 2676 530 2707 et
548 2672 795 2706 l‘recationes“
819 2682 904 2705 suas
929 2670 1060 2705 latinas
1079 2670 1212 2704 Romae
1233 2670 1440 2704 emendatas
1458 2681 1538 2704 cum
1557 2681 1621 2703 suo
1642 2670 1781 2712 „Parvo
1800 2668 2025 2704 Catechismo

263 2726 547 2763 Catholicorum⁴⁴
577 2726 612 2759 in
639 2736 745 2759 unum
773 2724 902 2759 librum
929 2724 1108 2764 confudit;
1137 2735 1241 2767 quem
1268 2724 1344 2767 ipse
1375 2723 1643 2765 „Institutiones
1673 2725 1709 2756 et
1735 2722 2026 2756 Exercitamenta

263 2781 480 2816 christianae
505 2779 669 2824 pietatis“
700 2778 911 2823 inscriptum
946 2778 1101 2822 primum
1134 2788 1166 2811 a.
1196 2776 1285 2810 1566
1318 2776 1539 2820 Antverpiae
1575 2787 1619 2809 ex
1653 2775 1894 2820 typographia
1925 2774 2024 2819 plan-

263 2835 400 2868 tiniana
425 2833 460 2866 in
486 2832 600 2866 lucem
637 2831 811 2865 edendum
839 2830 981 2865 curavit
1008 2830 1123 2873 (815).
1172 2829 1385 2869 Praeterea,
1420 2831 1460 2862 ut
1494 2831 1569 2862 tres
1601 2828 1680 2862 illos
1707 2827 1943 2862 catechismos
1970 2839 2023 2862 ca-

263 2888 422 2921 nisianos
446 2896 515 2919 uno
544 2884 792 2927 „catechismi“
823 2884 963 2918 nomine
990 2883 1216 2928 complectar,
1243 2882 1346 2916 annis
1375 2882 1604 2916 1565—1567
1626 2880 1759 2915 Canisii
1784 2880 2024 2915 catechismus

262 2939 373 2974 latine
408 2938 592 2972 minimum
627 2937 787 2972 sedecies
824 2936 1071 2981 (Antverpiae,
1108 2935 1286 2974 Coloniae,
1321 2935 1532 2975 Cracoviae,
1570 2934 1799 2977 Ingolstadii,
1834 2933 2024 2975 Novariae‚

264 2991 424 3030 Parisiis.
440 2991 599 3030 Parmae,
615 2990 803 3033 Venetiis),
829 2989 958 3033 gallice
976 2988 1086 3023 semel
1107 2988 1304 3032 (Parisiis),
1322 2987 1526 3031 germanice
1543 2985 1654 3020 semel
1674 2986 1885 3029 (Coloniae),
1904 2986 2023 3020 italice

265 3044 374 3079 semel
403 3044 580 3086 (Romae),
608 3043 759 3077 vlamice
785 3042 895 3077 semel
926 3042 1179 3087 (Antverpiae)
1207 3041 1325 3075 editus
1352 3042 1407 3074 est
1427 3039 1660 3083 (798—825).
1698 3038 1839 3073 Natalis
1859 3038 2025 3072 visitator

265 3099 307 3132 de
334 3097 547 3132 Germaniae
573 3096 735 3139 collegiis
762 3096 968 3137 constituit,
1006 3098 1045 3129 ut
1072 3094 1204 3129 Canisii
1237 3094 1476 3128 catechismus
1503 3092 1627 3126 diebus
1653 3091 1804 3126 Veneris
1829 3091 1865 3125 in
1891 3091 2024 3126 scholis

263 3151 477 3187 traderetur,
504 3149 698 3183 Dominicis
718 3149 749 3182 in
770 3148 932 3182 ecclesiis
951 3148 1206 3193 explicaretur,
1232 3149 1268 3181 et
1286 3148 1326 3180 ut
1349 3145 1481 3189 singuli
1499 3145 1700 3179 litterarum
1718 3144 1867 3179 studiosi
1895 3143 2023 3178 saltem

266 3204 418 3238 medium
445 3203 543 3236 illum
570 3202 648 3236 sive
670 3202 847 3244 „Parvum
869 3200 1132 3235 Catechismum
1154 3199 1438 3235 Catholicoru1n⁴‘
1460 3198 1652 3232 memoriae
1677 3198 1889 3232 mandarent
1909 3196 2023 3240 (791).
