2045 3471
494 191 588 226 Mon.
609 191 676 226 720
701 191 779 226 sive
805 190 864 225 dil.
885 190 975 235 (24).
1016 190 1141 225 Mense
1166 190 1252 225 Dec.
1271 201 1302 225 a.
1324 190 1425 225 1566.
1749 191 1832 233 631

77 310 212 349 fratris,
249 312 410 344 extrema
445 309 603 354 corporis
637 308 815 354 pericula:
851 308 902 342 ita
936 311 1067 350 tamen,
1104 310 1143 343 ut
1180 308 1223 342 ad
1259 308 1448 354 pristinam
1484 308 1584 342 illam
1610 307 1834 342 alacritatem

77 374 203 403 meam,
238 363 392 397 nondum
421 363 598 397 redierim.
649 362 803 396 Laborat
836 373 931 396 nunc-
965 361 1048 395 illea
1082 363 1122 395 ut
1147 361 1327 396 nolentem
1354 362 1460 395 etiam
1487 362 1567 395 meb
1600 371 1742 395 rursum
1768 359 1837 394 sibi

77 415 261 459 adiungat,
296 427 472 460 nusquam
508 415 671 460 recipiar,
708 415 822 460 pellar
856 414 999 458 ubique.
1050 415 1184 449 Sanum
1218 417 1342 449 tenere
1376 426 1433 448 me
1458 425 1581 449 secum
1606 413 1706 454 uelit,
1742 412 1836 457 quod

77 468 211 513 aliquid
239 480 302 513 per
327 480 383 502 me
409 469 497 510 fieri,
533 471 570 503 et
595 469 638 502 de
663 480 720 502 me
746 474 912 513 sperarec
931 467 977 512 [‘?]
1005 467 1130 512 possit,
1165 468 1345 502 infirmum
1380 479 1466 502 uero
1497 468 1533 501 et
1557 466 1740 501 laboribus
1775 466 1837 500 im-

77 533 210 566 parem,
238 533 315 555 meo
341 533 397 556 me
423 533 505 556 aere
531 524 567 556 et
592 533 752 555 meorum
777 521 910 561 uiuere,
938 521 1031 565 quod
1058 521 1231 555 commodi
1258 521 1358 562 nihil,
1385 521 1447 555 sed
1465 520 1710 555 molestiarum
1737 519 1836 564 quip-

78 574 173 620 piam
200 586 288 619 opus
322 575 371 609 sit
396 575 454 609 etd
480 574 703 619 aliquantula
729 574 824 609 aeris
850 574 988 608 iactura
1013 574 1189 608 facienda.
1240 573 1393 619 Scripsit
1419 574 1462 608 de
1487 585 1544 608 me
1570 575 1607 607 et
1632 575 1755 608 contra
1781 584 1838 607 me

79 627 204 669 multa,
231 628 329 662 dedit
354 627 542 672 epistolam
569 629 613 662 ad
640 627 855 661 Patauinum
881 627 1091 672 principem,
1118 627 1210 661 idem
1238 629 1274 661 et
1294 626 1510 671 Episcopum
1536 627 1720 671 optimum,
1747 636 1839 670 quae

79 680 384 715 Reuerendissimi
411 681 589 725 Principis
624 683 660 715 et
687 680 887 714 Cardinalis
913 691 1053 722 nomen,
1090 680 1255 724 quamuis
1281 681 1427 721 referat,
1463 682 1499 714 et
1523 679 1633 714 hocce
1659 690 1717 713 res
1742 678 1839 713 uela-

80 735 174 768 mine
201 736 423 777 contegatur,
452 734 496 767 ab
522 734 600 779 ipso
618 735 737 768 tamen
767 735 803 767 et
817 733 1056 778 conscriptam
1077 745 1155 767 esse
1182 735 1219 767 et
1235 733 1416 774 traditam,
1436 733 1581 767 dubium
1601 734 1657 766 est
1673 732 1838 766 nemini¹.

80 787 231 833 Reijecit
267 787 327 820 ille
362 788 397 821 in
432 787 525 821 hanc
559 798 659 821 suain
696 786 858 831 plurima,
895 798 987 831 quae
1016 786 1112 820 nulla
1137 787 1196 820 uia
1231 786 1289 820 uel
1316 786 1457 820 defendi
1492 786 1549 819 uel
1576 785 1718 830 probari
1743 787 1840 830 pote-

79 843 182 881 runt,
223 840 364 874 Literae
406 840 450 874 ad
492 851 549 874 me
590 839 752 884 perlatae
793 840 938 874 fuerunt
979 851 1078 874 suae.
1137 839 1365 873 Defensionis
1402 850 1503 873 meae
1544 838 1705 873 libellum
1747 849 1841 872 nunc

80 893 223 938 quidem
251 893 341 934 dedi,
377 893 421 927 ad
448 893 657 927 Praesulem
691 893 813 937 istum,
849 904 996 926 causam
1031 892 1116 926 item
1152 904 1267 926 meam
1300 892 1394 937 apud
1421 892 1571 926 eundem
1598 891 1725 932 dicam,
1760 902 1842 925 cum

81 958 201 981 coram
228 946 380 991 ipsemet
406 946 610 980 constiterit
634 945 810 980 Canisius.
846 945 955 980 Plura
980 957 1050 979 non
1076 946 1241 986 scribam,
1269 957 1376 989 quam
1403 947 1444 979 ut
1469 944 1620 979 eundem
1646 944 1841 985 cohortere,

81 1001 157 1034 ueri
183 1002 223 1034 ut
249 999 482 1040 meminerite‚
517 1001 657 1033 resecet
691 999 734 1033 ab
762 998 923 1043 epistolis
949 998 1052 1044 sujsf,
1089 999 1180 1043 quod
1207 998 1390 1043 obliquum
1417 999 1482 1039 est,
1517 999 1657 1032 mature
1691 999 1841 1039 statuat,

82 1053 176 1097 quod
202 1052 396 1086 multorum
423 1052 547 1092 oculis,
572 1052 643 1085 imo
669 1052 941 1086 Haereticorum
969 1052 1077 1085 etiam
1104 1052 1262 1093 offertur,
1289 1063 1356 1093 me,
1382 1051 1470 1085 mihi
1496 1051 1611 1093 crede,
1636 1062 1703 1085 nec
1728 1050 1842 1084 infan-

81 1106 198 1140 tulum
224 1117 290 1139 nec
316 1105 471 1146 balbum,
499 1107 562 1139 aut
587 1105 623 1139 in
649 1105 782 1139 tuenda
809 1116 917 1139 eausa
942 1116 1023 1139 mea
1049 1105 1263 1139 oscitantem
1288 1104 1459 1139 inueniet.
1511 1103 1686 1149 Cuperem
1712 1104 1756 1138 ad
1783 1115 1842 1137 ex-

81 1162 237 1194 tremum
273 1170 293 1192 a
319 1158 413 1193 uotis
440 1158 583 1203 quidem
619 1158 842 1203 simplicibus
878 1157 1026 1192 dissolui
1061 1170 1128 1199 me,
1163 1158 1227 1192 sed
1252 1169 1322 1192 non
1348 1158 1392 1192 ab
1418 1169 1547 1197 amore,
1582 1156 1842 1198 beneuolentia,

82 1212 201 1248 studio
228 1213 264 1246 et
289 1211 536 1246 familiaritate
562 1213 695 1251 uestra,
722 1212 810 1246 illud
837 1211 1002 1255 quidemg
1026 1210 1180 1256 supplici
1207 1222 1274 1255 ego
1300 1211 1418 1245 animo
1445 1222 1465 1245 a
1483 1213 1519 1245 te
1537 1210 1578 1245 R.
1597 1210 1637 1245 P.
1665 1212 1700 1245 et
1717 1209 1843 1245 humili

82 1266 188 1301 corde
214 1276 380 1310 exposco,
405 1265 500 1299 istud
528 1277 614 1299 uero
639 1267 714 1299 tam
740 1265 854 1310 cupio,
881 1275 988 1309 quam
1014 1265 1108 1308 quod
1133 1264 1300 1298 maxime.

203 1320 356 1353 Sanctus
380 1320 600 1352 Franciscus
631 1319 672 1352 cle
697 1319 833 1362 Borqia
861 1319 1040 1360 Swaqerio
1065 1319 1276 1361 *respondit
1302 1319 1415 1352 Roma
1441 1320 1474 1351 2.
1501 1318 1702 1351 Decembris
1728 1319 1843 1350 1566:

83 1374 212 1407 Patria
239 1373 387 1406 caritate
413 1383 489 1405 eam
506 1377 619 1415 νομαί,
648 1377 684 1405 iit
702 1372 851 1405 Romam
876 1373 992 1404 veniat
1009 1375 1040 1404 et
1056 1372 1098 1404 cle
1115 1372 1399 1414 difficultatibus,
1426 1382 1514 1415 quas
1528 1372 1704 1414 patiatur,
1730 1381 1844 1403 secam

85 1437 204 1461 coram
222 1430 316 1469 ayat.
351 1423 485 1465 Quodsi
511 1424 616 1458 ualde
642 1424 789 1467 longum
813 1423 878 1458 tibi
904 1423 971 1458 hoc
996 1424 1065 1458 iter
1090 1424 1283 1466 uideretur,
1310 1424 1354 1458 ad
1372 1423 1636 1458 Prouincialem
1654 1422 1845 1457 Austriae2

84 1483 120 1514 te
147 1479 310 1514 conferre
335 1489 471 1523 posses,
506 1478 576 1512 nisi
602 1477 729 1512 malles
756 1489 837 1512 cum
872 1477 948 1522 ipso
976 1477 1085 1511 Patre
1113 1476 1264 1519 Canisio,
1298 1479 1339 1511 ut
1363 1476 1428 1511 tibi
1454 1476 1636 1518 uiciniore,
1670 1476 1712 1510 de
1738 1475 1846 1510 rebus

84 1533 158 1568 tuis
193 1531 428 1573 constituere,
466 1532 558 1575 quod
594 1531 623 1565 si
658 1531 823 1565 facturus
850 1542 904 1570 es,
943 1532 1197 1575 exasperatum
1232 1541 1366 1574 quaeso
1401 1530 1508 1564 istum
1546 1530 1704 1564 animum
1740 1540 1846 1573 quem

85 1585 336 1632 praeseferunt
360 1587 444 1619 tuae
470 1584 608 1623 literae,
636 1585 811 1629 deponere
837 1583 953 1624 stude,
981 1585 1017 1617 et
1042 1583 1085 1617 in
1112 1583 1295 1628 spiritu
1322 1583 1379 1617 hu
1390 1583 1647 1617 militatis3
1673 1584 1710 1616 et
1735 1582 1846 1627 pacis,

86 1640 129 1674 de
155 1639 262 1673 rebus
286 1639 360 1673 tuis
387 1650 465 1672 cum
493 1638 615 1672 eodem
642 1649 721 1680 age.
765 1638 888 1671 Licere
914 1638 1017 1670 etiam
1035 1638 1215 1681 Swayerio
1241 1638 1393 1671 eiusdem
1418 1638 1472 1671 rei
1494 1637 1616 1680 qratia
1642 1637 1690 1670 ad
1715 1637 1753 1670 P.
1773 1636 1846 1669 Na·

84 1694 188 1727 talem
214 1693 253 1725 in
273 1694 464 1736 provincia
491 1692 606 1724 Rheni
630 1696 823 1724 versantem
842 1691 1034 1734 proficisci.

88 1809 195 1847 ’720
223 1809 300 1844 sive
328 1807 423 1844 dil.
444 1806 579 1853 (24).
653 1805 773 1842 Mense
798 1805 987 1842 Decembri
1018 1805 1104 1841 anni
1130 1804 1225 1841 1566.

211 1889 316 1922 Creslz'
339 1888 401 1919 via:
420 1890 543 1928 potest,
570 1885 663 1928 quod
688 1885 804 1927 aliqui
828 1895 871 1917 ex
901 1883 1039 1917 Caiiisii
1064 1883 1269 1926 bloyraphis
1296 1886 1472 1916 narrant:
1501 1881 1683 1916 Caiiisiam
1709 1893 1754 1915 m.
1781 1882 1849 1915 De-

88 1942 217 1976 cembri
234 1943 327 1974 1566
345 1940 514 1981 Dilinyae
539 1939 707 1972 exercitia
732 1937 942 1980 spiritualia
960 1937 1068 1970 obisse
1093 1941 1123 1970 et
1149 1937 1379 1970 conscientiae
1401 1936 1574 1969 rationem
1595 1936 1632 1970 S.
1651 1936 1849 1968 Francisco

88 1995 244 2038 Boryi'ae
270 1993 502 2027 minutissime
526 1991 730 2025 reddidisse.

209 2064 333 2107 Ioseph
359 2064 473 2096 Boero
498 2061 533 2095 in
560 2060 637 2094 vita
663 2059 806 2101 Canisii,
833 2061 1024 2103 postquam
1050 2070 1109 2093 res
1134 2059 1279 2093 ineunte
1305 2070 1350 2093 m.
1378 2058 1566 2093 Decembri
1592 2069 1622 2092 a.
1643 2058 1734 2092 1566
1761 2057 1850 2091 Her·

89 2117 199 2163 bipoli
227 2129 247 2151 a
273 2115 416 2151 Canisio
443 2116 566 2158 gestas
592 2113 754 2147 rettulit:
787 2111 1027 2155 „Ritornat0“‚
1054 2112 1181 2155 inquit,
1212 2123 1253 2154 „a
1278 2111 1435 2154 Dilinga,
1460 2111 1575 2155 prima
1601 2110 1632 2145 d'
1648 2111 1730 2154 ogni
1756 2110 1851 2146 altra

91 2183 174 2207 cosa
200 2171 230 2205 si
257 2170 357 2203 ritiro
383 2168 428 2202 ad
455 2167 641 2201 attendere
667 2177 688 2200 a
714 2168 752 2200 se
778 2167 895 2200 stesso
921 2177 986 2199 con
1013 2164 1065 2208 gli
1091 2164 1261 2199 Esercizii
1287 2163 1468 2209 spirituali
1495 2164 1529 2198 di
1555 2163 1589 2198 S.
1616 2163 1771 2207 Ignazio.
1810 2163 1851 2197 In

91 2226 219 2269 questa
246 2234 349 2257 sacra
375 2220 567 2256 solitudine
593 2219 731 2254 chiamo
770 2230 790 2252 a
816 2229 863 2252 un
889 2218 1004 2260 rigido
1029 2218 1216 2252 sindacato
1242 2219 1338 2252 tutte
1368 2217 1402 2251 le
1428 2229 1492 2251 sue
1518 2217 1633 2251 azioni
1659 2228 1678 2250 e
1704 2216 1714 2250 i
1740 2217 1850 2250 movi-

90 2277 202 2313 menti
228 2277 314 2310 tutti
341 2275 399 2309 del
424 2285 488 2308 suo
507 2284 623 2314 cuore,
650 2271 815 2306 temendo
842 2271 907 2306 che
933 2271 959 2304 il
976 2274 1102 2316 troppo
1129 2270 1324 2305 affaticarsi
1351 2270 1387 2304 in
1413 2270 1469 2304 far
1494 2270 1589 2304 santi
1615 2269 1665 2312 gli
1683 2269 1767 2304 altri
1792 2269 1852 2304 nol

91 2332 234 2366 facesse
269 2327 501 2362 dimenticare
537 2326 632 2360 della
662 2325 930 2359 santificazione
965 2335 1030 2358 sua
1056 2324 1210 2369 propria.
1261 2324 1447 2357 Prostrato
1473 2322 1682 2357 umilmente
1708 2322 1852 2356 innanzi

92 2396 113 2419 a
138 2384 215 2423 Dio,
251 2385 322 2422 oro,
357 2382 482 2426 pianse
517 2391 535 2413 e
570 2379 599 2413 si
635 2380 776 2412 macero
812 2389 877 2412 con
913 2377 1121 2422 asprissime
1155 2377 1354 2422 penitenze,
1390 2376 1586 2410 chiedendo
1622 2375 1693 2410 alla
1729 2375 1851 2409 divina

92 2438 232 2472 Maesta
259 2433 512 2473 misericordia,
550 2431 703 2476 perdono
730 2443 748 2465 e
774 2431 869 2465 lume
896 2442 914 2464 e
940 2431 1064 2474 vigore
1100 2442 1163 2475 per
1188 2430 1256 2464 ben
1282 2429 1435 2464 servirla
1469 2441 1488 2463 e
1514 2429 1585 2462 mai
1611 2440 1680 2462 non
1706 2428 1852 2463 deviare

93 2491 151 2526 dal
178 2491 271 2524 retto
297 2488 465 2522 sentiero.
516 2485 615 2530 Dopo
641 2484 705 2525 cio,
732 2495 811 2518 rese
837 2484 873 2517 in
899 2495 965 2518 sua
991 2484 1122 2518 lettera
1147 2483 1388 2517 minutissimo
1414 2484 1518 2517 conto
1545 2482 1579 2516 di
1605 2484 1700 2516 tutta
1726 2481 1761 2515 la
1787 2492 1852 2515 sua

94 2544 278 2579 coscienza
304 2541 338 2575 al
364 2542 468 2574 santo
495 2537 670 2572 Generale
697 2537 896 2571 Francesco
922 2536 1055 2580 Borgia
1080 2535 1351 2581 supplicandolo
1386 2535 1430 2569 ad
1457 2535 1622 2579 imporgli
1649 2534 1769 2578 quella
1794 2546 1852 2580 pe-

92 2597 236 2631 nitenza
263 2594 316 2629 ch'
333 2593 404 2636 egli
430 2592 598 2627 stimasse
625 2590 916 2634 corrispondente
943 2590 973 2623 a'
988 2589 1066 2624 suoi
1093 2589 1232 2623 difetti“
1266 2589 1371 2631 (Can.
1391 2588 1489 2629 308).
1533 2587 1587 2621 Ex
1614 2587 1738 2621 Boerio
1764 2587 1852 2621 haec

93 2649 313 2693 transcripta
347 2648 432 2681 sunt
466 2645 501 2678 in
527 2642 758 2688 biographias
784 2643 988 2677 canisianas
1020 2653 1111 2686 quas
1137 2641 1326 2676 ediderunt
1351 2641 1484 2685 Se'yuin
1513 2640 1552 2684 (1.
1579 2652 1608 2674 c.
1638 2639 1852 2683 194—195),

98 2703 235 2737 Garcia
264 2700 300 2744 (l.
321 2711 350 2734 c.
369 2698 466 2741 258),
490 2698 703 2741 Dauriynac
731 2695 768 2739 (l.
788 2707 816 2729 c.
836 2695 933 2738 292).

214 2753 379 2789 Canisius
416 2753 511 2785 certe
546 2750 580 2783 in
617 2749 742 2794 primis
777 2748 920 2788 litteris,
956 2758 1057 2791 quas,
1093 2747 1335 2792 herbipolensi
1361 2745 1651 2792 peregrinatione
1677 2745 1853 2787 absoluta,

96 2808 241 2851 Dilinga
276 2807 320 2841 ad
346 2806 514 2848 Borgiam
550 2802 794 2848 praepositum
831 2800 1035 2845 generalem
1062 2800 1159 2835 dedit
1186 2800 1300 2844 (dedit
1327 2811 1387 2834 eas
1416 2800 1469 2833 14.
1497 2799 1705 2833 Decembris
1733 2798 1853 2842 1566),

215 2886 241 2909 a)
263 2884 288 2907 A
310 2883 337 2907 S.
357 2889 451 2912 supra
473 2888 545 2904 vei-s.
565 2879 715 2910 scriptum.
802 2876 831 2909 b)
852 2879 877 2902 A
898 2879 926 2903 S.
945 2885 1038 2908 supra
1067 2885 1138 2901 vers.
1159 2877 1309 2908 scriptam.
1395 2875 1422 2907 c)
1449 2876 1513 2906 Sub,-
1542 2875 1687 2900 volebatne
1712 2875 1856 2900 scribere:

97 2924 235 2957 sperari?
312 2922 342 2950 (1)
363 2924 388 2947 Α
410 2924 437 2946 S.
457 2929 549 2952 supra
573 2928 644 2945 vers.
665 2920 816 2951 scriptum.
910 2919 938 2951 e)
959 2917 1142 2943 memimerit
1162 2920 1189 2942 N.
1274 2916 1302 2949 f)
1324 2918 1348 2942 A
1370 2918 1397 2942 S.
1417 2920 1575 2942 correctum
1596 2924 1632 2941 ex
1651 2915 1688 2941 ab
1709 2915 1855 2949 epistolas

95 2972 176 2992 suas.
249 2965 279 2996 g)
301 2966 325 2989 A
346 2965 374 2989 S.
395 2971 470 2988 corr.
490 2970 526 2987 ex
545 2960 695 2994 equidem.

219 3066 228 3086 ¹
255 3064 341 3099 Otto
368 3062 559 3098 cardinalis
586 3062 822 3105 Augustanus
862 3059 955 3094 hanc
981 3059 1171 3104 epistulam
1207 3059 1251 3093 ad
1279 3058 1462 3093 Urbanum
1500 3069 1520 3091 a
1547 3057 1759 3092 Trennbach
1785 3058 1855 3103 epi-

97 3129 244 3163 scopum
270 3117 541 3162 passaviensem
568 3114 667 3148 dedit
693 3113 835 3148 Canisio
862 3113 993 3153 inscio;
1021 3112 1103 3146 vide
1129 3123 1238 3157 supra
1264 3123 1297 3157 p.
1317 3111 1395 3146 313.

217 3171 230 3191 ²
256 3170 296 3204 P.
321 3169 553 3204 Laurentium
580 3167 751 3211 Magium.
899 3167 911 3187 ³
937 3166 992 3200 Dn
1020 3165 1050 3206 3,
1077 3166 1134 3199 39.
