2045 3471
714 181 861 226 Dilinga
886 181 942 216 23.
960 181 1041 216 Iulii
1063 181 1164 216 1567.
1725 182 1810 222 513

56 299 146 334 1567
172 298 274 333 iussu
300 299 452 342 Borgiae
478 298 514 332 in
539 310 645 334 usum
670 299 863 334 cardinalis
889 298 1143 333 Commendoni
1168 298 1343 344 scriptum
1369 309 1449 332 esse
1475 299 1634 339 constat;
1674 297 1717 331 de
1743 309 1814 342 quo

53 351 157 397 plura
193 351 259 386 sub
286 351 384 396 ipsas
409 352 474 386 has
499 352 641 387 litteras
668 352 842 387 dicentur.
892 352 1057 397 Epistula
1082 353 1237 397 primum
1262 351 1362 396 typis
1388 352 1570 395 exscripta
1595 354 1652 385 est
1679 350 1738 395 (L)
1768 350 1812 385 ab

54 405 273 448 Hieronymo
299 406 562 448 Layomarsino
588 405 623 440 S.
639 405 673 441 J.
700 405 734 439 in
765 405 872 448 „Julii
898 405 1049 448 Pogiani
1068 404 1239 450 Epistolis
1265 406 1301 438 et
1319 403 1569 438 Orationibus“
1593 404 1652 445 IV,
1678 403 1813 438 Romae

58 456 157 499 1768,
183 458 391 498 406—409;
419 458 677 501 Lagomarsino
703 470 772 492 non
798 458 1034 503 archetypum
1062 469 1147 503 prae
1171 457 1337 491 manibus
1363 459 1451 498 erat,
1477 457 1540 491 sed
1566 456 1812 502 apographum

52 510 207 554 aliquod,
234 510 291 544 cui
317 521 432 545 annus
457 522 527 545 non
553 514 630 545 erat
655 511 835 556 ascriptus
863 511 900 554 (l.
928 522 957 545 c.
983 511 1090 554 406);
1129 522 1171 544 ac
1196 510 1364 554 quoniam
1390 512 1543 549 constat,
1570 522 1650 544 eum
1676 510 1719 543 ad
1747 510 1812 544 Po-

53 563 151 606 giani
186 563 367 608 Epistolas
402 564 557 598 edendas
592 564 897 608 illustrandasque
931 564 1134 598 litterarum
1168 565 1400 597 monumenta
1437 563 1482 597 ab
1516 563 1671 597 Antonio
1698 563 1814 596 Maria

54 615 238 658 Gratiano,
273 616 335 660 qui
367 617 501 650 multos
527 628 639 651 annos
665 617 857 651 cardinalis
884 616 1136 651 Commendoni
1164 616 1329 650 comitem
1357 618 1393 649 et
1417 617 1649 650 secretarium
1678 618 1812 659 egerat,

53 669 180 703 relicta
206 670 347 714 copiose
374 669 579 704 adhibuisse
609 670 647 710 (l.
674 681 703 704 c.
730 670 763 703 II
790 681 862 704 va
887 669 1036 712 vam),
1071 669 1235 713 equidem
1262 668 1427 710 arbitror,
1462 668 1580 713 ipsum
1617 668 1704 702 illud
1732 680 1811 713 apo-

53 722 242 766 graphum,
269 722 362 766 quod
388 734 435 757 m.
462 723 627 766 Augusto
657 723 745 757 1567
773 722 886 757 Roma
912 723 956 757 ad
983 722 1286 757 Commendonum
1316 721 1465 755 missum
1493 732 1572 755 esse
1598 722 1702 755 modo
1728 721 1813 760 dixi,

54 775 91 809 in
116 774 363 819 Lagomarsini
397 787 525 809 manus
552 775 705 810 venisse.
757 775 812 810 Ex
844 776 995 819 Pogiani
1021 775 1193 820 Epistolis
1228 774 1370 809 litteras
1405 775 1635 819 transcripsit
1660 775 1814 817 Reiffen-

53 828 136 872 berg]
159 828 182 862 l.
210 840 239 862 c.
266 829 378 863 Mant.
404 828 556 863 44—47.
607 827 825 863 Litterarum
860 830 1056 863 maximam
1082 831 1221 873 partem
1247 827 1368 872 posuit
1392 829 1494 861 Riess
1518 827 1540 862 l.
1569 839 1599 861 c.
1625 826 1813 862 365—368

57 881 277 924 (germanice
303 892 349 915 ex
375 881 624 925 Lagomarsini
650 882 739 916 libro
765 882 944 926 versam);
980 882 1107 916 iisdem
1133 881 1189 916 usi
1215 883 1300 914 sunt
1325 883 1362 915 et
1387 880 1584 925 particulas
1610 880 1814 923 germanice

54 945 181 968 versas
214 937 412 979 posuerunt
446 936 488 969 E.
515 936 703 978 Reimann,
738 935 994 978 Forschungen
1030 946 1092 968 zur
1127 933 1324 968 deutschen
1358 933 1574 968 Geschiohte
1600 933 1649 967 XI
1677 934 1720 967 33
1749 934 1812 974 35;

53 988 210 1021 Janssen
244 987 266 1022 l.
294 1000 323 1022 c.
351 986 498 1022 1V¹⁵-¹⁶
526 989 634 1029 110⁴;
670 988 801 1021 V¹⁵-¹⁶
830 988 1014 1023 192—193
1041 988 1130 1028 211;
1168 988 1292 1021 Drews
1328 986 1352 1021 l.
1379 999 1408 1021 c.
1438 987 1642 1026 124—125;
1682 987 1813 1020 Eberh.

59 1041 218 1083 Gothein,
257 1041 421 1085 Ignatius
459 1053 530 1075 von
566 1041 698 1086 Loyola
736 1041 807 1075 und
846 1041 902 1075 die
937 1040 1305 1085 Gegenreformation‚
1343 1039 1579 1082 Halle1895,
1607 1040 1813 1079 765—767;

56 1094 267 1128 Steinhuber
291 1094 315 1129 l.
342 1106 371 1129 c,
397 1094 435 1128 12
460 1095 564 1128 4—5.
614 1094 768 1128 Easdem
804 1094 945 1129 litteras
981 1094 1222 1128 adhibuerunt
1258 1094 1466 1137 Saeculum,
1503 1092 1588 1127 Can.
1615 1093 1814 1133 243—244‚

55 1149 92 1181 et
117 1147 295 1192 copiosius
322 1148 455 1192 (neque
480 1150 601 1182 tamen
627 1147 769 1182 omnino
794 1146 979 1190 accurate)
1007 1149 1132 1191 Boero,
1159 1147 1244 1181 Can.
1264 1146 1451 1181 312—314
1479 1146 1691 1191 (archetypo
1716 1156 1815 1186 usus,

53 1199 148 1244 quod
173 1200 270 1234 haud
295 1204 392 1235 recte
419 1203 526 1235 vocat
551 1201 850 1245 autographum);
879 1200 1041 1234 adhibuit
1067 1201 1175 1234 etiam
1202 1202 1237 1233 et
1262 1199 1477 1244 particulam
1504 1199 1623 1244 posuit
1651 1199 1812 1243 (gallice)

53 1254 542 1341 ἕηὶἒ]ιε2ῑζ2003ἓ.2ἷ>19-320;
569 1253 811 1288 adhibuerunt
837 1254 969 1298 deuin
994 1253 1017 1287 l.
1045 1265 1075 1287 c.
1105 1253 1308 1291 198—199;
1340 1254 1475 1286 Gar-cia
1501 1252 1524 1287 l.
1551 1264 1581 1287 e.
1607 1253 1695 1293 :263;
1735 1254 1816 1286 Alet

177 1378 344 1411 Canis-ius
361 1379 533 1412 Tabernis
558 1379 755 1421 episcopum
782 1381 1102 1420 arqentoratensem
1127 1377 1314 1419 diliyenter
1339 1378 1486 1419 monuit,
1513 1381 1549 1409 ‘ut
1576 1377 1815 1410 coadiutorem

51 1431 122 1464 sibi
146 1433 364 1475 adiuti-aeret,
392 1444 433 1464 ne
457 1433 533 1475 ipso
558 1437 696 1464 mortuo
717 1442 784 1474 per
807 1433 993 1464 canonicos
1011 1431 1229 1474 episcopatus
1245 1429 1305 1462 ille
1317 1429 1554 1472 prode-retum
1578 1440 1619 1462 ac
1635 1440 1740 1463 senex
1756 1431 1816 1463 ille

54 1484 222 1526 infirmus
246 1486 460 1528 timidusque
485 1486 668 1518 elementer
693 1485 831 1528 quidem
861 1485 1045 1518 Canisium
1071 1484 1219 1526 audivit,
1256 1483 1317 1515 vix
1342 1486 1458 1515 tamen
1484 1484 1559 1516 eius
1583 1484 1733 1516 consilia
1759 1494 1814 1516 ex-

52 1542 227 1581 sequetur.
281 1539 405 1572 Clerus
430 1539 731 1581 arqentoratensis
757 1538 800 1570 ab
826 1539 962 1580 aliquot
987 1538 1095 1570 annis
1120 1547 1229 1579 neque
1253 1536 1290 1568 in
1318 1536 1403 1568 urbe
1440 1547 1547 1579 neque
1573 1537 1660 1568 alibi
1685 1537 1816 1569 divinis

54 1591 186 1633 officiis
210 1596 319 1625 vacat.
372 1593 430 1625 Ad
456 1594 676 1634 episcopatus
705 1592 921 1624 Germaniae
946 1590 1202 1624 conservandos
1226 1589 1312 1621 liaeo
1336 1589 1485 1621 multum
1511 1590 1674 1631 conferre
1699 1590 1815 1622 riden-

54 1649 136 1677 tur:
168 1645 355 1688 Episcopis
388 1649 527 1678 mature
561 1645 746 1678 addantur
772 1645 1004 1677 coadiutores.
1054 1644 1087 1676 A
1115 1643 1296 1676 canonicis
1321 1643 1486 1685 exiyatur
1521 1643 1696 1685 professio
1721 1643 1813 1684 fidei.

53 1697 100 1730 In
140 1698 381 1740 episcoporum
424 1698 647 1731 electionibus
688 1702 717 1730 et
759 1698 919 1740 eliyentes
965 1701 995 1729 et
1036 1697 1132 1729 electi
1171 1696 1209 1728 in
1254 1696 1510 1729 iusiurandum
1552 1697 1814 1739 astrinyantw'.

54 1750 228 1793 Inprimis
262 1752 422 1784 ecelesiae
456 1752 676 1794 moyantina,
713 1751 933 1792 coloniensis,
968 1749 1268 1792 arqentor-atensis
1303 1749 1472 1781 adversus
1496 1748 1754 1782 haereticorum
1787 1753 1816 1782 et

52 1809 292 1846 suspectorum
331 1806 586 1838 canonicorum
621 1808 766 1837 conatus
800 1804 1050 1845 defendantur.
1104 1803 1278 1836 Canonici
1309 1802 1453 1845 nobiles,
1489 1812 1641 1845 quornm
1677 1803 1816 1845 quidem

54 1859 215 1890 maxima
241 1863 288 1891 est
315 1860 352 1891 in
379 1869 452 1891 rem
470 1858 736 1890 ecclesiasticam
760 1857 974 1889 Germaniae
989 1860 1150 1899 potestas,
1177 1866 1238 1889 nec
1249 1855 1451 1898 privileyiis
1468 1856 1596 1899 cedere,
1622 1867 1684 1888 nee
1703 1866 1816 1888 mores

48 1912 219 1954 pessimos
244 1912 430 1944 emendare
455 1912 585 1944 volunt.
640 1911 803 1943 Omnium
837 1910 913 1952 fere
939 1910 1107 1942 ordinum
1132 1909 1349 1941 monasteria
1369 1919 1492 1951 pauca
1528 1913 1557 1942 et
1577 1919 1696 1951 prava
1721 1913 1814 1952 sunt,

54 1966 224 2008 apostatis
242 1965 472 2007 parochiales
497 1964 659 1997 ecelesias
684 1963 838 2006 implent,
874 1963 966 1996 bona
985 1963 1195 2005 prodiount.
1250 1961 1436 2005 caveatur,
1472 1972 1514 1994 ne
1541 1962 1751 2004 paucissimi
1776 1962 1814 1994 in

54 2018 182 2060 amplis
206 2020 432 2051 monasteriis
457 2022 650 2050 morentur.
696 2016 861 2059 Curetur,
888 2019 927 2048 ut
951 2016 1168 2049 monasteria
1194 2019 1257 2048 aut
1279 2026 1345 2058 per
1367 2015 1549 2057 yenerales
1574 2016 1817 2056 reformentur

53 2075 115 2103 aut
149 2072 187 2104 in
222 2072 312 2105 aiios
340 2073 422 2115 pios
459 2082 542 2103 usus
576 2074 838 2103 convertantur.
887 2069 1070 2112 Videatur,
1105 2073 1144 2102 ut
1179 2069 1350 2111 episeopis
1374 2068 1523 2110 theologii
1557 2072 1585 2100 et
1612 2069 1817 2100 eanonistae

53 2124 313 2168 adiungantur,
328 2129 358 2158 et
374 2130 409 2157 ut
427 2125 615 2158 concilium
632 2123 866 2156 tridentinum
878 2123 1112 2165 p7·omul9are
1129 2122 1373 2154 dubitantibus
1391 2125 1651 2164 eoetremamque
1670 2123 1816 2154 ruinam

54 2178 284 2212 metuentibus
310 2180 453 2211 animus
479 2181 508 2210 et
534 2177 692 2210 calcaria
718 2177 914 2209 addantur.
969 2176 1110 2208 Galliae
1135 2176 1373 2218 difficultates.

247 2326 365 2367 Pax³
396 2324 551 2366 Christi
585 2323 805 2365 nobiscum
837 2258 1064 2365 aJdiiiildSum
1098 2322 1352 2364 Reuerende
1384 2321 1515 2364 Pater
1547 2323 1627 2363 eto.

172 2396 326 2438 Paucis
359 2396 412 2438 ab
444 2396 542 2436 hinc
574 2394 722 2436 diebus
746 2394 963 2447 Dilingam
995 2394 1116 2448 redij,
1151 2393 1350 2435 confecta
1375 2392 1587 2441 nimirum,
1622 2405 1677 2432 ex
1699 2391 1744 2434 P.
1762 2391 1814 2434 V.

52 2461 335 2515 praescripto⁷
377 2459 736 2515 peregrinatione,
775 2463 867 2502 turn
900 2459 954 2501 ad
986 2458 1410 2501 Reuerendissimum
1443 2457 1814 2510 Herbipolensem,

54 2529 146 2567 tum
187 2526 242 2568 ad
284 2525 702 2568 Reuerendissimum
744 2523 1108 2578 Argentinensem
1123 2525 1149 2566 1.
1212 2524 1270 2565 Jn
1311 2522 1627 2577 peregrinando
1669 2523 1815 2563 autem

53 2590 145 2632 fere
185 2604 376 2632 mensem
417 2589 675 2643 consumpsi.
738 2589 843 2630 Cum
883 2588 1012 2630 uerob
1053 2589 1106 2630 ad
1147 2587 1570 2630 Reuerendissimum
1609 2585 1814 2638 Argenti-

54 2668 230 2696 nensem
272 2655 485 2697 uenissem
528 2654 640 2707 (agit
680 2653 716 2695 is
758 2653 871 2707 apud
912 2653 1156 2695 Tabernas0
1197 2651 1462 2703 Alsaticas2)
1503 2664 1648 2692 senem
1695 2650 1812 2691 illum

54 2719 214 2770 offendi
245 2719 578 2772 sexagenarium
612 2722 655 2760 et
677 2718 1052 2768 ualetudinarium,
1086 2717 1256 2770 iamque
1290 2730 1344 2758 ex
1376 2715 1556 2758 thermis
1579 2729 1814 2765 reuersum,

56 2787 100 2826 et
140 2785 271 2838 longa
312 2784 582 2838 aegritudine
623 2783 684 2825 sic
725 2783 832 2825 satis
874 2782 1135 2832 confectum,
1178 2784 1226 2823 ut
1266 2782 1401 2823 uitam
1443 2780 1690 2821 diuturnam
1730 2794 1815 2821 non

55 2849 323 2902 polliceatur.
387 2849 566 2892 Audiuit
597 2862 665 2890 me
702 2848 934 2901 patienter,
977 2861 1101 2900 quem
1136 2849 1179 2888 et
1212 2849 1341 2888 antea
1374 2848 1520 2887 notum
1554 2845 1633 2886 sibi
1666 2845 1816 2887 habuit

173 2936 201 2968 a)
222 2937 282 2961 Hoc
295 2944 319 2961 v.
334 2939 360 2961 et
380 2936 493 2967 reliqna
513 2935 620 2967 omnia,
640 2941 726 2966 usque
741 2934 778 2959 ad
793 2932 966 2966 consumpsi
980 2933 1056 2964 incl„
1074 2933 1105 2957 in
1121 2933 1172 2957 CL
1193 2933 1297 2957 omissa
1319 2934 1394 2956 sunt.
1451 2931 1480 2963 b)
1503 2932 1562 2956 Hoc
1576 2939 1600 2956 v.
1615 2931 1692 2956 deest
1709 2932 1737 2956 in
1753 2934 1815 2958 CL.

56 2976 82 3008 c)
101 2975 258 3003 Vabernas
279 2979 301 3003 C
308 2979 341 3004 L.

178 3114 187 3132 ¹
213 3113 431 3147 Fridericum
458 3124 479 3146 a
497 3110 686 3155 NVirsberg
721 3113 757 3145 et
782 3110 970 3144 Erasmum
997 3120 1018 3143 a
1046 3108 1226 3152 Limburg.
1277 3108 1328 3142 De
1356 3107 1504 3141 Erasmo
1541 3107 1707 3152 episcopo
1733 3107 1815 3142 vide

61 3165 146 3199 Can.
173 3165 188 3199 Ι
215 3166 308 3200 555¹.
454 3166 467 3185 2
494 3164 782 3204 Elsass-Zabern‚
810 3163 979 3197 Saverne.

128 3228 429 3261 Braunsberger,
450 3227 561 3254 canisii
580 3227 734 3261 Epistulae
755 3227 786 3252 et
806 3227 891 3254 Acta.
912 3225 947 3253 V.
1486 3220 1530 3254 33
