2045 3471
202 203 285 244 640
465 200 559 234 Mon.
580 200 766 235 728—729
792 201 870 234 sive
896 212 1007 244 germ.
1026 200 1049 235 l.
1070 199 1243 244 (3)—(4).
1288 198 1447 234 18.-19.
1467 199 1563 244 Sept.
1586 200 1686 235 1565.

198 319 313 360 ferre
354 321 513 372 posset,
557 320 631 360 sed
672 320 752 361 hoc
794 319 972 361 arbitrio
1006 320 1054 362 R.
1080 320 1130 361 V.
1157 319 1452 369 committitur,
1496 319 1564 360 uel
1606 318 1739 372 ipsius
1780 318 1826 361 P.
1850 318 1956 360 Pro-

200 384 411 426 uincialis.
437 418 446 426 .
472 418 480 426 .
506 419 514 427 .
549 384 657 433 Quia
688 384 781 426 fieri
813 387 974 439 posset,
1009 387 1057 426 ut
1088 384 1289 426 haereret
1311 383 1474 425 Romae
1507 383 1645 425 adhuc
1668 383 1758 426 dies
1780 383 1957 436 aliquot,

200 449 290 501 (ubi
321 451 468 490 tamen
501 451 676 491 strenue
709 449 802 503 agit
834 450 1014 502 negocia
1038 448 1269 491 Societatis
1301 450 1476 490 nostrae
1499 448 1541 489 in
1566 447 1813 500 Germania)
1837 449 1886 490 R.
1904 448 1955 490 V.

199 528 283 555 non
316 515 548 567 expectato
579 514 713 568 ipsius
735 514 936 565 aduentu,
970 514 1130 568 poterit
1163 527 1214 555 ea
1236 513 1379 555 omnia
1411 513 1627 567 expedire,
1662 527 1772 566 quae
1794 527 1958 555 moram

200 593 285 620 non
316 578 445 620 facile
477 579 712 633 patiuntur.

318 659 358 693 P.
394 659 517 693 Ioanni
553 659 682 704 Dyrsio
718 660 846 693 rectori
882 660 1118 704 oenipontano
1154 659 1246 693 idem
1274 660 1451 692 Polancus
1484 658 1627 692 nomine
1663 658 1814 702 Borgiae
1847 657 1960 691 Roma

202 713 233 747 3.
272 712 486 747 Novembris
526 713 614 747 1565
654 712 844 757 *sci-ipsit:
898 713 1150 755 „Reuerendus
1188 712 1297 746 Pater
1337 711 1502 745 Canisius
1540 711 1778 746 Prouincialis
1817 711 1960 755 quidem

200 766 378 806 manebit;
406 766 468 800 sed
495 765 579 810 quia
605 768 709 800 extra
736 765 962 799 Prouinciam
990 767 1225 800 emanendum
1252 767 1307 799 est
1332 765 1393 806 illi,
1425 765 1517 799 forte
1543 765 1632 799 satis
1659 764 1728 798 diu.
1779 764 1822 798 D.
1848 764 1960 798 Theo-

201 819 343 853 doricus
371 818 535 853 Canisius
553 818 876 863 Viceprouincialis
902 830 922 852 a
948 819 1060 853 fratre
1087 818 1316 859 constitutus,
1343 820 1379 851 et
1405 829 1425 851 a
1449 818 1557 851 Patre
1583 818 1625 852 N.
1645 818 1854 862 Praeposito
1881 828 1960 851 cona

203 873 366 906 firmatus
402 874 457 906 est
484 899 490 906 .
517 872 579 906 sed
615 872 704 906 haec
734 874 769 906 et
795 872 865 906 alia
891 872 934 906 ad
962 872 1276 915 congregationem
1303 871 1522 916 pertinentia
1547 870 1728 905 intellexit
1752 871 1822 904 iam
1849 870 1889 903 R.
1916 870 1959 904 V.

203 925 319 959 fusius
346 925 389 959 ab
416 926 493 970 ipso
520 925 627 959 Patre
654 925 903 959 P1·ouinciali.“
947 925 1019 968 (Ex
1045 937 1166 969 apogr.
1192 925 1302 959 eiusd.
1323 928 1430 968 temp.
1471 923 1554 958 Cod.
1577 923 1716 966 „Germ
1737 924 1800 958 65“
1828 924 1851 958 f.
1872 924 1958 967 32³.)

206 1039 312 1077 728
339 1042 417 1076 sive
444 1050 610 1086 germ.
630 1040 666 1076 l.
687 1039 787 1086 (3).
860 1039 909 1076 18.
936 1040 1160 1086 Septembris
1186 1040 1280 1076 1565.

328 1119 383 1152 Ex
409 1117 614 1162 apographo
641 1117 799 1152 eiusdem
825 1117 1007 1162 temporis.
1059 1117 1141 1152 cod.
1174 1117 1312 1159 „Germ.
1340 1118 1403 1152 65⁸
1434 1118 1457 1151 f.
1487 1118 1555 1152 14³.
1600 1116 1829 1157 particulam,
1856 1126 1963 1160 quam

208 1172 267 1206 hic
293 1184 393 1217 pono,
421 1171 625 1215 germanice
650 1171 752 1215 posui
777 1171 813 1204 in
841 1169 1054 1214 „Stimmeffl
1082 1173 1148 1204 etc.
1176 1171 1289 1204 LXXI
1316 1171 1371 1205 61.

332 1243 498 1276 Camsius
528 1242 708 1275 Coloniam
736 1246 766 1274 et
791 1242 930 1285 lonyizcs
951 1243 1131 1284 profici-sci
1158 1243 1283 1275 iussus.

328 1315 378 1357 P.
420 1315 650 1366 Polcmcus,
696 1313 912 1355 societatis
956 1314 1228 1366 secretarius,
1273 1313 1408 1353 Roma
1454 1314 1521 1354 18.
1556 1312 1808 1367 Septembris
1849 1312 1964 1352 1565

211 1381 258 1422 P.
293 1379 516 1421 Lamberto
548 1380 667 1419 Auel·
699 1379 740 1420 S.
766 1377 823 1430 J.,
857 1379 1015 1432 colleyii
1046 1379 1280 1431 moqmztini
1310 1378 1473 1429 rectori,
1507 1378 1698 1431 scripsit:
1738 1375 1793 1417 Al
1825 1375 1964 1417 Padre

211 1444 380 1486 Canisio
527 1443 582 1484 ha
624 1456 860 1484 commesso
901 1444 1050 1484 nostro
1086 1442 1225 1483 Padre
1268 1441 1400 1483 arriui
1440 1442 1511 1482 fin’
1536 1444 1561 1484 a
1594 1441 1782 1491 Colonia,
1825 1443 1869 1483 et
1909 1454 1966 1482 un

211 1523 316 1563 poco
355 1508 425 1563 piu
468 1508 579 1550 oltre
620 1521 697 1561 per
737 1507 929 1556 uisitare,
972 1509 1016 1548 et
1057 1507 1281 1548 consolare
1322 1507 1350 1548 li
1385 1506 1561 1560 Collegij
1603 1506 1754 1560 nostri,
1798 1508 1841 1547 et
1874 1505 1966 1547 fare

212 1574 393 1627 qualche
425 1573 539 1615 altra
572 1586 703 1626 opera
736 1572 777 1614 di
809 1572 959 1614 carita.

330 1655 370 1688 In
395 1654 551 1687 romanis
571 1653 760 1687 Societatis
787 1652 867 1686 Iesu
893 1652 1085 1694 *„Litteris
1111 1652 1258 1686 annuis“
1288 1652 1401 1686 Roma
1426 1653 1455 1686 1.
1475 1652 1631 1686 Ianuarii
1652 1652 1741 1686 1566
1768 1663 1788 1685 a
1815 1652 1967 1685 Polaneo

212 1707 306 1742 datis
332 1707 421 1740 haec
447 1709 549 1740 sunt:
581 1705 731 1748 „Mando
757 1706 956 1750 parimente
983 1705 1017 1739 di
1037 1705 1148 1739 Roma
1174 1705 1198 1739 il
1225 1717 1361 1739 sommo
1380 1705 1561 1739 Pontefice
1584 1705 1613 1750 jl
1631 1705 1746 1739 Padre
1765 1703 1968 1738 Prouincial

212 1761 333 1795 Pietro
360 1759 502 1794 Canisio
529 1771 592 1804 per
617 1759 766 1792 uisitare
802 1761 838 1792 et
867 1763 1010 1803 portare
1045 1758 1070 1792 il
1098 1758 1255 1792 Concilio
1282 1760 1302 1792 a
1328 1759 1339 1792 i
1366 1758 1522 1803 Principi
1549 1758 1643 1792 della
1669 1758 1829 1803 superior
1856 1759 1890 1791 et
1912 1757 1967 1802 jn-

212 1813 320 1848 ferior
340 1812 549 1847 Germania:
578 1812 671 1846 della
698 1811 803 1856 quale
829 1812 997 1845 missione
1024 1813 1247 1856 aspettauasi
1274 1824 1342 1845 non
1369 1823 1457 1857 poco
1484 1812 1608 1856 frusto,
1634 1823 1743 1845 senon
1770 1811 1806 1844 ui
1824 1811 1853 1845 si
1875 1811 1968 1844 fosse

212 1867 410 1912 intel-posta
436 1866 469 1900 la
496 1868 608 1899 morte
635 1865 691 1898 del
718 1864 835 1909 Papa“
870 1865 929 1908 (ex
956 1865 1152 1910 archetypo
1179 1865 1352 1910 exemplo.
1397 1865 1480 1899 cod.
1503 1865 1673 1910 „Epp.1t.
1697 1866 1741 1899 65
1768 1865 1803 1898 1“
1834 1864 1857 1899 f.
1879 1864 1966 1906 12¹³).

213 1986 317 2024 729
345 1988 423 2023 sive
451 1997 617 2032 gernl.
637 1986 672 2022 l.
693 1985 791 2031 (4).
866 1985 1025 2022 PIUS
1053 1985 1162 2030 IV„
1197 1987 1360 2032 pontifex
1386 1987 1574 2029 maximus,
1606 1986 1782 2020 OTTONI
1809 1985 1967 2020 CARDI-

402 2042 515 2076 NALI
540 2040 822 2081 TRUCHSESS,
849 2041 1014 2085 episcopo
1041 2040 1225 2074 albanensi
1252 2042 1288 2074 et
1313 2043 1527 2083 augustano.

1350 2093 1462 2127 Roma
1491 2094 1544 2128 19.
1571 2092 1790 2138 Septembris
1819 2092 1918 2126 1565.

331 2165 385 2199 Ex
420 2164 625 2209 apographo
661 2163 820 2198 eiusdem
854 2162 1027 2208 temporis
1062 2163 1135 2206 (2⁰;
1166 2164 1181 2197 1
1210 2164 1272 2207 p.)‚
1311 2164 1411 2198 iussu
1447 2163 1639 2198 cardinalis
1665 2162 1808 2197 Ottonis
1834 2161 1967 2196 Truch-

210 2218 315 2252 sessii
341 2218 493 2263 scripto:
530 2218 565 2251 in
600 2217 701 2251 cuius
735 2217 868 2261 pagina
903 2216 1017 2250 altera
1048 2216 1141 2250 idem
1169 2217 1361 2251 cardinalis
1387 2228 1452 2251 sua
1479 2228 1587 2251 manu
1613 2215 1776 2261 scripsit:
1816 2214 1967 2259 „Copiae

211 2273 247 2305 et
282 2271 481 2314 Originalia
515 2271 684 2304 Breuium
720 2272 787 2304 etc.
814 2269 1102 2314 Apostolicorum
1138 2269 1241 2303 Circa
1277 2269 1473 2304 Concilium
1509 2269 1799 2309 Tridentinum“;
1839 2267 1967 2312 quibus

210 2324 330 2358 verbis
358 2324 397 2357 P.
424 2325 646 2358 Laurentius
672 2324 788 2357 Forer
814 2323 846 2357 S.
875 2323 918 2363 J.,
954 2322 1013 2366 qui
1050 2333 1080 2356 a.
1111 2322 1344 2357 1621—1622
1379 2323 1627 2357 universitatis
1657 2322 1860 2364 dilinganae
1887 2332 1966 2354 can-

212 2377 378 2411 cellarius
406 2377 472 2411 fuit
501 2377 643 2420 (Specht
678 2376 700 2410 l.
728 2387 756 2410 c.
785 2375 880 2418 278),
917 2387 983 2409 sua
1017 2387 1124 2409 manu
1160 2375 1365 2410 adnotavit:
1406 2375 1499 2417 „Nss.
1526 2376 1597 2410 ista
1633 2377 1688 2409 est
1722 2375 1799 2419 ipsa
1824 2373 1967 2419 propria

212 2442 339 2464 manus
371 2430 514 2464 Ottonis
542 2429 767 2464 Cardinalisa
795 2449 848 2462 —.
885 2429 940 2462 Ita
973 2431 1096 2462 testor.
1149 2428 1364 2462 Laurentius
1389 2429 1541 2463 Forerus
1577 2428 1611 2463 S.
1638 2428 1670 2462 J.
1722 2427 1788 2469 Qui
1823 2437 1967 2460 manum

213 2483 297 2517 dicti
318 2483 516 2517 Cardinalis
542 2483 673 2527 optime
699 2482 792 2527 nouj,
821 2494 865 2516 ex
885 2481 1109 2516 Cancellaria
1126 2481 1332 2524 Dilingana.
1364 2482 1473 2515 Manu
1492 2481 1666 2526 propria.“
1697 2480 1780 2515 Cod.
1801 2480 1862 2522 „X.
1878 2480 1964 2513 Va.“

213 2535 429 2570 Litterarum
455 2537 594 2580 partem
620 2536 823 2579 germanice
849 2546 992 2568 versam
1019 2537 1215 2579 posuerunt
1242 2536 1342 2568 Riess
1367 2534 1389 2568 l.
1417 2546 1445 2568 c.
1474 2534 1542 2568 348
1569 2537 1605 2568 et
1630 2534 1750 2577 Dzdw,
1777 2532 1885 2567 Jes.I
1911 2532 1966 2566 88.

214 2588 365 2623 Easdem
393 2589 537 2622 adhibui
564 2591 600 2622 et
618 2588 828 2633 particulam
850 2599 971 2622 earum
991 2587 1194 2631 germanice
1213 2587 1315 2632 posui
1333 2588 1367 2620 in
1388 2586 1602 2631 „Stimmeffl
1622 2586 1735 2620 LXXI
1753 2586 1798 2620 60
1817 2585 1967 2619 66-67.

336 2660 502 2693 Canis-ius
522 2660 702 2702 pontificis
726 2660 867 2692 noim'ne
886 2659 1075 2702 plerosque
1097 2660 1312 2692 Germaniae
1333 2659 1517 2701 praelatos
1541 2659 1686 2691 visitare
1703 2657 1806 2690 debet.
1853 2655 1968 2689 Ottoni

215 2724 349 2756 ‘litoque
384 2714 555 2756 quaedam
591 2713 727 2754 referet.
787 2713 955 2754 Poitte'fex
994 2712 1151 2745 Ottonem
1189 2712 1314 2745 laudat
1352 2716 1382 2744 et
1418 2712 1591 2752 maxime,
1631 2714 1670 2743 ut
1708 2709 1966 2742 universitatem

216 2765 438 2807 ‹lilinyanam
461 2767 578 2808 fovere
600 2770 736 2808 per-yut,
763 2769 885 2798 monet.

848 2841 987 2885 PIVS.
1050 2841 1203 2882 PAPA
1234 2841 1342 2883 ΗΠΒ.

335 2916 604 2959 Venerabilis
627 2919 781 2960 Frater
804 2921 963 2969 noster,
997 2918 1194 2967 salutem,
1229 2919 1273 2959 et
1295 2915 1591 2970 Apostolicam
1613 2913 1966 2956 benedictionem.

219 2979 431 3021 Dilectum
474 2982 603 3023 filium
638 2983 814 3024 Petrum
848 2982 1063 3024 Canisium
1105 2982 1159 3024 ad
1200 2984 1371 3035 tempus
1404 2981 1456 3022 ab
1498 2979 1652 3029 officio,
1696 2992 1777 3031 quo
1809 2978 1853 3020 in
1885 2978 1968 3019 Ec-

220 3043 351 3085 clesia
381 3048 456 3086 tua
489 3046 606 3099 fungi
631 3048 874 3090 consueuit:
908 3047 1120 3088 abducere
1152 3046 1275 3087 nobis
1306 3045 1483 3099 placuit.
1535 3044 1648 3086 Nam
1672 3057 1767 3084 cum
1792 3044 1969 3096 propter

221 3106 306 3148 alia
339 3108 427 3148 eius
459 3109 582 3158 bona,
616 3113 706 3151 tum
738 3114 916 3163 propter
946 3125 1148 3163 magnam
1181 3124 1323 3151 rerum
1348 3109 1605 3151 Germaniae
1627 3108 1823 3150 notitiam
1847 3107 1969 3148 nobis

341 3192 368 3222 a)
389 3193 526 3223 Sequitur
547 3201 580 3223 zu,
600 3195 672 3224 qnod
695 3195 750 3218 iam
772 3195 827 3226 Ieyi
847 3203 902 3219 non
919 3198 1021 3226 potest.
