2077 3461
248 211 330 251 140
791 206 892 241 1265.
920 205 1122 240 Stanislaus
1149 205 1281 240 Hosius
1308 204 1462 240 Canisio.

244 341 329 369 non
362 326 415 368 ab
447 325 618 368 haeresi
646 327 818 368 tantvm
843 359 851 368 .
875 324 1162 366 vervmetiam
1185 323 1238 365 ab
1262 337 1410 365 errore
1433 323 1585 376 quouis
1607 323 1791 366 defendi.
1835 323 2008 366 Interea

245 395 391 434 tamen
416 425 425 434 .
447 390 491 432 in
512 390 651 433 tercia
673 390 890 432 aeditione
913 388 1222 443 Antverpiensi
1255 388 1357 441 quin
1390 392 1433 431 et
1464 389 1508 430 in
1541 391 1696 441 quarta
1729 388 2008 442 proculdubio

247 457 410 510 Grego:
443 455 620 499 Nisseni
652 455 788 497 verba
819 458 921 497 svnt
953 454 1174 507 adscripta
1206 453 1362 504 omnia,
1398 453 1509 506 quod
1543 453 1579 495 si
1600 453 1798 506 Lugduni
1829 453 2008 496 tertivm

245 535 357 562 nvnc
398 521 507 563 liber
547 520 787 563 excudetvr
810 555 818 564 .
842 522 967 562 tvvm
1012 518 1211 561 iuditivm
1252 518 1366 560 facio
1401 516 1488 572 [Ῥ]ξὶ
1529 518 1768 560 Romanam
1810 532 1865 560 an
1897 519 2009 561 Ant-

246 585 518 639 verpiensem
565 585 825 627 aeditionem
873 583 1213 638 Typographvm
1258 582 1616 636 Lugdunensemb
1662 583 1743 625 hac
1788 583 1831 624 in
1884 585 2009 637 parte

245 651 367 704 sequi
407 650 545 693 malis.
619 650 903 700 Quamobrem
953 649 1030 690 abs
1071 651 1116 691 te
1157 649 1258 702 peto
1284 683 1292 691 .
1316 650 1485 702 patrem
1526 650 1577 690 vt
1616 648 1893 701 Egmvndvm
1933 649 2010 690 ad-

246 729 425 757 moneas
457 729 510 757 ea
543 715 594 757 de
626 729 705 757 re.
730 713 932 768 quicquid
964 713 1106 755 visvm
1137 713 1216 756 tibi
1248 713 1381 754 fverit
1412 712 1515 754 mihi
1548 726 1716 766 quoque
1747 712 1949 767 placebit.

366 796 515 830 Hosium
535 796 749 838 Heilsberga
775 795 841 829 has
867 795 1009 828 litteras
1035 794 1177 828 dedisse
1203 793 1428 837 intellegitur
1455 805 1499 827 ex
1525 793 1580 834 iis,
1609 805 1699 838 quae
1719 792 1852 828 Canisii
1877 793 2010 828 litteris

249 849 302 883 17.
331 849 550 894 Septembris
581 850 670 883 1565
697 849 790 882 datis
817 848 988 882 adnotata
1013 850 1116 887 sunt;
1146 847 1227 881 vide
1252 858 1361 892 supra
1387 859 1420 892 p.
1448 847 1504 881 97.

365 913 537 947 Extrema
563 913 669 947 huius
696 912 872 957 epistulae
906 923 992 957 pars
1026 914 1153 946 notatu
1188 912 1297 955 digna
1333 912 1388 945 est
1423 910 1465 945 ob
1502 922 1553 951 ea,
1589 922 1680 954 quae
1707 910 1840 945 Hosius
1865 910 2011 945 deloco

246 966 307 1001 illo
343 966 377 1001 S.
409 968 576 1010 Greyoric'
606 967 760 1010 Nysseni
791 965 928 1000 scribit.
978 964 1168 1010 Nyssenus
1204 967 1301 998 certe
1336 964 1372 998 in
1407 964 1567 998 oratione
1602 964 1718 1008 prima
1757 964 1812 1006 „in
1846 966 2009 998 sanctum

251 1019 407 1054 Pascha‘
437 1019 516 1054 sive
551 1019 586 1053 in
614 1018 748 1053 Christi
782 1018 1083 1053 resurrectionem
1118 1017 1242 1052 habita
1276 1017 1366 1051 haec
1401 1017 1570 1062 protulit:
1610 1016 1656 1059 ,Ὁ
1691 1018 1759 1061 γὰρ
1785 1018 1897 1050 πάντα
1922 1017 2012 1050 κατὰ

248 1074 308 1117 τὴν
335 1074 538 1117 δεσποτικὴν
565 1073 750 1106 σύθεντιάν
777 1073 976 1113 οἰκονομῶν,
1013 1072 1075 1104 οῦκ
1110 1072 1272 1112 ἀναμένει
1304 1072 1364 1115 την
1391 1072 1426 1104 ἐκ
1453 1074 1514 1115 τῆς
1539 1072 1733 1115 προδοσίας
1759 1071 1920 1115 ἀνάγκην,
1955 1070 2012 1103 καὶ

248 1127 307 1170 την
332 1126 514 1171 λῃστρικὴν
540 1125 672 1169 ἔφοδον
698 1129 764 1159 τῶν
787 1123 977 1166 Ἰουδαίων,
1004 1125 1060 1158 καὶ
1087 1125 1147 1168 τὴν
1173 1127 1235 1157 τοῦ
1262 1123 1414 1157 [Ιιλαῖτου
1442 1125 1647 1167 παράνομον
1678 1124 1794 1167 κρίσιν,
1828 1124 1919 1157 ὥστε
1951 1124 2012 1168 τὴν

248 1180 384 1212 ἐκείνων
409 1179 529 1212 κακίαν
556 1179 714 1224 ἀρχηγὸν
739 1179 796 1212 καὶ
823 1179 936 1212 αἲτιάν
962 1181 1025 1222 τῆς
1048 1181 1164 1221 κοινῆς
1189 1181 1256 1211 τῶν
1282 1178 1480 1220 ἀνθρώπων
1506 1178 1684 1221 σωτηρίας
1709 1178 1892 1219 γενέσθαι·
1924 1176 2012 1209 ἀλλὰ

249 1232 489 1276 προλαμβάνει
515 1230 557 1277 τῇ
584 1232 761 1276 οἰκονομίᾳ
789 1232 849 1275 τὴν
875 1231 1017 1274 ἔφοδον,
1051 1231 1142 1264 κατὰ
1177 1231 1235 1263 τὸν
1271 1229 1425 1274 ἄρρητον
1459 1233 1522 1274 τῆς
1557 1231 1758 1274 ἱερουργίας
1783 1229 1921 1272 τρόπον,
1956 1230 2012 1262 καὶ

249 1289 320 1323 τοῖς
346 1286 548 1328 ἀνθρώποις
573 1285 739 1328 ἀόρατον,
774 1285 831 1318 καὶ
857 1285 983 1317 ἑαυτὸν
1010 1284 1225 1328 προσήνεγκε
1252 1283 1459 1327 προσφορὰν
1493 1283 1549 1316 καὶ
1584 1284 1707 1316 θυσίαν
1733 1283 1819 1325 ὑπὲρ
1849 1284 1957 1327 ἡμῶν,
1992 1283 2011 1315 ὁ

249 1339 362 1382 ἱερεὺς
389 1339 473 1380 ἅμα,
499 1339 555 1372 καὶ
581 1339 599 1371 ὑ
628 1339 738 1379 ἀμνὸς
763 1340 824 1371 τοῦ
851 1339 948 1376 θεοῦ,
984 1338 1003 1368 1‘1
1032 1336 1140 1380 αὶρων
1176 1337 1237 1380 την
1263 1337 1438 1379 ἁμαρτίαν
1473 1339 1535 1368 τοῦ
1568 1337 1711 1376 κόσμου.
1763 1334 1853 1369 Πότε
1888 1338 2010 1376 τοῦτο;

251 1390 323 1425 Ὅτε
348 1392 488 1435 βρωτὸν
514 1393 644 1425 ἑαυτοῦ
670 1392 709 1424 τὸ
736 1395 838 1432 σῶμα
865 1391 914 1429 εἷς
937 1390 1068 1434 βρῶσιν
1094 1393 1219 1433 σαφῶς
1245 1390 1452 1423 ἐνδείκνυται
1478 1387 1528 1434 τῷ
1554 1388 1622 1433 ἤδη
1650 1391 1859 1433 γεγενῆσθαι
1894 1389 2012 1433 ἐντελῆ

250 1448 312 1478 τοῦ
339 1446 450 1485 ἀμνοῦ
476 1446 538 1489 τὴν
564 1446 699 1479 θυσιάν.
741 1444 832 1487 [vel:
872 1441 959 1486 ,Ὅτε
982 1444 1123 1486 ,ᾒοωτὸν
1149 1444 1279 1476 ἑαυτοῦ
1305 1444 1344 1476 τὸ
1371 1446 1484 1483 σῶμα,
1511 1443 1567 1475 καὶ
1594 1442 1736 1483 πότιμον
1762 1443 1800 1475 τὸ
1828 1441 1914 1483 αἷμα
1941 1445 2014 1480 τοῖς

251 1501 407 1532 συνοῦσιν
443 1499 623 1543 ἐποίησεν·
660 1498 758 1531 παντὶ
795 1498 863 1541 γὰρ
890 1500 993 1530 τοῦτο
1022 1497 1126 1541 δῆλόν
1152 1498 1251 1537 ἐστιν,
1280 1496 1331 1529 ὅτι
1358 1497 1419 1529 οὐκ
1446 1495 1487 1529 ἂν
1509 1496 1670 1540 βρωθειή
1698 1496 1794 1539 παρὰ
1821 1496 2012 1540 ἀνθρώπου

252 1552 441 1596 πρόβατον,
478 1552 509 1584 εἰ
539 1552 589 1596 μὴ
625 1555 687 1595 τῆς
719 1552 893 1594 βρώσεως
927 1552 948 1595 ἡ
983 1551 1104 1594 σφαγὴ
1142 1550 1397 1594 καθηγήσαιτο.
1445 1548 1475 1582 ‘O
1503 1549 1612 1582 τοίνυν
1639 1549 1723 1587 δοὺς
1748 1549 1787 1582 τὸ
1813 1552 1916 1590 σῶμα
1942 1552 2014 1587 τοῖς

251 1607 435 1649 μαθηταῖς
460 1606 590 1638 ἑαυτοῦ
617 1605 665 1642 εἷς
699 1604 830 1647 βρῶσιν
856 1607 983 1647 σαφῶς
1009 1604 1218 1636 ἐνδείκνυται
1245 1601 1295 1647 τῷ
1321 1602 1404 1635 εἴδει
1430 1605 1492 1635 τοῦ
1519 1602 1629 1642 ἀμνοῦ
1654 1603 1715 1646 τὴν
1740 1603 1864 1635 θυσίαν
1895 1601 2013 1646 ἐντελῆ

252 1657 490 1702 γεγενῆσθαι]
531 1657 577 1691 Οὐ
605 1658 673 1702 γὰρ
701 1658 741 1691 ἂν
767 1657 808 1701 ἦν
834 1658 873 1690 τι)
898 1661 1000 1698 σῶμα
1019 1659 1081 1690 τοῦ
1100 1656 1229 1700 ἱερείου
1250 1657 1336 1698 πρὸς
1354 1656 1492 1700 ἐδωδὴν
1510 1655 1714 1700 ἐπιτήδειον,
1742 1655 1837 1698 εἴπερ
1857 1655 2015 1700 ἐζυφυχον

251 1712 291 1755 ἦν
311 1738 318 1745 .
335 1712 463 1744 Οὐκοῦν
484 1712 542 1744 ὅτε
560 1713 716 1755 παρέσχε
734 1715 806 1749 τοῖς
828 1712 1010 1754 μαθηταῖς
1035 1711 1207 1754 ἐμφαγεῖν
1233 1712 1294 1742 τοῦ
1320 1710 1495 1750 σώματος,
1527 1709 1583 1741 καὶ
1609 1711 1671 1742 τοῦ
1697 1708 1848 1750 αἳματος
1874 1710 2013 1750 ἐμπιεῖν,

253 1764 321 1809 ἤδη
341 1765 431 1798 κατὰ
450 1765 489 1797 τι)
508 1764 655 1808 θελητὸν
677 1763 763 1806 [velz
782 1762 946 1807 λεληθὸς]
964 1762 1006 1807 τῇ
1025 1763 1166 1806 ἐξουσία
1193 1765 1254 1795 τοῦ
1280 1763 1319 1796 τὸ
1343 1762 1534 1806 μυστήριον
1560 1762 1824 1802 οἷκονομοῦντος
1850 1762 2015 1806 ἀρρήτως

254 1831 290 1851 τε
316 1817 372 1850 καὶ
398 1818 565 1859 ἀοράτως
590 1818 628 1850 τὰ
656 1821 759 1858 σῶμα
785 1818 943 1850 ἐτέθυτο.
979 1814 1049 1850 lsai
1075 1817 1095 1860 ἡ
1123 1816 1218 1860 ψυχὴ
1246 1817 1282 1849 ἐν
1307 1817 1448 1853 ἐκείνοις
1474 1815 1523 1860 ἦν,
1551 1816 1587 1848 ἐν
1613 1814 1664 1852 οἷς
1690 1815 1798 1859 αὐτὴν
1823 1816 1843 1859 ἡ
1872 1815 2013 1853 ἐξουσία

253 1873 314 1904 τοῦ
352 1871 616 1912 οἰκονομοῦντος
652 1871 845 1904 ἐναπέθετο
881 1870 972 1911 μετὰ
1007 1873 1069 1913 τῆς
1102 1870 1359 1913 ἐγκεκραμένης
1393 1867 1481 1914 αὐτῇ
1516 1869 1617 1906 θείας
1653 1869 1844 1909 δυνάμεως,
1883 1869 1941 1901 τὸν
1979 1869 2015 1901 ἐν

253 1925 380 1968 καρδίᾳ
407 1925 534 1957 ἐκεῖνον
556 1927 676 1968 χῶρον
702 1921 951 1967 περιπολοῦσα.
1004 1921 1132 1956 Οὐκοῦν
1168 1920 1228 1966 ἀφ’
1257 1922 1298 1955 οὔ
1335 1922 1521 1966 προσήχθη
1553 1920 1603 1965 τῷ
1633 1920 1711 1965 Θεῷ
1737 1922 1757 1965 ἡ
1785 1922 1888 1954 θυσία
1916 1921 2014 1963 παρὰ

254 1975 316 2010 τοῦ
339 1977 499 2021 μεγάλου
516 1974 731 2022 Ἆρχιερέως,
757 1974 820 2010 τοῦ
847 1977 903 2009 τὸν
930 1974 1061 2009 ἑαυτοῦ
1088 1977 1195 2017 ἀμνὸν
1222 1976 1307 2018 ὑπὲρ
1327 1979 1388 2019 τῆς
1404 1978 1518 2018 κοινῆς
1535 1975 1632 2019 ἡμῶν
1650 1975 1827 2018 ἁμαρτίας
1850 1974 2015 2019 ἀρρήτως

254 2041 290 2063 τε
316 2030 371 2063 καὶ
399 2030 565 2073 ἀοράτως
591 2029 897 2073 ἱερουργήσαντος,
935 2030 1003 2062 ἀπὸ
1039 2029 1119 2062 τότε
1153 2041 1203 2066 τις
1229 2029 1389 2072 ἀριθμῶν
1424 2029 1481 2061 τὸν
1504 2027 1632 2072 χρόνον
1663 2031 1725 2071 τῆς
1755 2027 1924 2072 ἀληθείας
1949 2028 2015 2071 οὐχ

254 2083 528 2127 ἁμαρτήσεται.ιι
573 2083 720 2126 (Missae,
756 2082 795 2116 Ρ.
823 2093 876 2124 gr.
904 2081 1015 2115 XLVI
1043 2082 1111 2116 612
1140 2081 1259 2124 1207.)
1310 2082 1415 2115 Hunc
1441 2081 1552 2124 igitur
1586 2080 1713 2121 locum,
1749 2091 1854 2124 quem
1889 2082 2015 2125 postea

254 2135 416 2180 theologi
455 2136 498 2169 de
540 2135 718 2178 „essentia
755 2135 922 2169 sacrificii
960 2134 1113 2169 missae⁴⁴
1156 2135 1382 2179 disputantes
1425 2134 1633 2177 diligentius
1673 2133 1864 2167 tractaturi
1901 2135 2014 2174 erant,

255 2188 399 2228 Hosius.
435 2200 504 2233 quo
530 2191 691 2233 tempore
721 2187 1006 2231 „Confessionis“
1036 2187 1173 2232 primae
1208 2187 1381 2221 editiones
1407 2187 1443 2220 in
1469 2187 1585 2220 lucem
1615 2187 1813 2231 prodibant,
1848 2189 1911 2220 aut
1944 2198 2015 2220 non

254 2244 423 2283 noverat,
462 2244 525 2276 aut
560 2242 720 2286 proferre
754 2240 936 2281 noluerat;
974 2241 1025 2274 ita
1060 2241 1095 2274 in
1132 2241 1286 2274 editione
1321 2240 1470 2274 Parisiis
1508 2251 1538 2274 a.
1569 2240 1659 2274 1562
1696 2240 1793 2273 facta
1831 2239 1923 2284 (cap.
1950 2240 2013 2283 41)

254 2294 455 2329 affirmatur
494 2295 658 2339 quidem,
698 2294 881 2328 Christum
915 2294 950 2327 in
985 2294 1112 2327 ultima
1147 2305 1234 2327 cena
1272 2293 1488 2327 sacrificium
1523 2292 1596 2327 Deo
1632 2292 1823 2332 obtulisse,
1858 2291 2015 2336 Nysseni

254 2351 373 2382 tamen
411 2349 545 2382 mentio
583 2360 654 2382 non
693 2348 734 2381 fit
773 2347 909 2392 (Opera
948 2347 990 2381 D.
1028 2348 1204 2381 Stamffslac·
1242 2348 1365 2390 Ηοεόί,
1405 2346 1555 2380 Parisiis
1596 2346 1701 2387 1562,
1741 2346 1764 2379 f.
1800 2344 2014 2388 &Vb—38¹³).

255 2401 415 2435 Romana
450 2404 570 2435 autem
605 2401 850 2436 Confessionis
884 2400 1056 2434 hosianae
1091 2400 1218 2441 editio,
1257 2411 1348 2444 quae
1384 2411 1415 2433 a.
1444 2400 1532 2433 1565
1559 2411 1622 2443 per
1656 2398 1879 2443 praeclarum
1913 2397 2013 2432 illum

256 2453 406 2488 Paulum
424 2454 637 2495 Manutium,
657 2453 740 2488 Aldi
759 2454 912 2487 Manutii
930 2453 1054 2494 filium,
1081 2464 1215 2486 excusa
1233 2455 1299 2493 est,
1322 2453 1373 2486 ita
1391 2452 1500 2486 habet
1521 2452 1572 2495 (in
1590 2463 1667 2496 cap.
1685 2451 1767 2494 41):
1799 2450 2015 2494 „Gregorius

255 2519 340 2541 uero
358 2507 533 2541 Nissenus
559 2507 671 2548 docet,
698 2507 791 2551 quod
820 2505 1014 2550 [Christus]
1040 2506 1076 2539 in
1102 2505 1165 2540 illa
1191 2517 1301 2539 coena
1326 2505 1525 2539 nouissima
1550 2516 1589 2539 se
1615 2504 1786 2538 obtulerit
1808 2503 1864 2537 his
1883 2503 2015 2538 uerbis.

257 2560 322 2601 Qui
348 2572 412 2605 pro
438 2560 624 2594 Dominica
649 2562 830 2604 potestate
857 2562 894 2593 et
919 2558 1136 2593 auctoritate
1163 2558 1393 2592 administrat
1419 2558 1547 2599 onmia,
1581 2569 1650 2591 non
1687 2558 1855 2601 expectat
1884 2556 1943 2590 uel
1969 2567 2015 2589 ex

255 2613 454 2657 proditione
479 2613 756 2653 necessitatem,
791 2612 851 2647 uel
886 2612 1036 2646 Iudaeos
1072 2613 1301 2655 grassantes,
1336 2610 1395 2645 uel
1426 2611 1589 2655 iniquum
1614 2609 1723 2643 Pilati
1748 2609 1938 2647 iudicium,
1975 2612 2016 2642 ut

256 2665 397 2700 illorum
433 2665 552 2700 scelus
587 2677 629 2700 ac
663 2665 802 2699 malitia
836 2665 1052 2710 principium
1088 2666 1124 2698 et
1159 2676 1268 2698 causa
1304 2664 1502 2698 communis
1534 2662 1715 2697 hominum
1742 2661 1870 2696 salutis
1897 2663 2013 2695 esset:

256 2730 381 2752 uerum
407 2721 649 2763 praeoccupat
675 2719 881 2752 oeconomia
907 2719 1061 2762 quadam
1087 2717 1286 2751 uiolentum
1312 2717 1496 2761 impetum,
1525 2719 1560 2750 et
1577 2715 1679 2749 iuxta
1698 2714 1876 2758 quendam
1894 2715 2015 2748 ineffa-

257 2771 364 2804 bilem
390 2771 559 2805 sacrificii
585 2771 739 2812 modum,
767 2773 803 2805 et
829 2771 890 2815 qui
916 2771 961 2805 ab
987 2770 1190 2804 hominibus
1209 2770 1305 2804 cerni
1323 2769 1458 2813 nequit,
1485 2780 1524 2803 se
1542 2768 1658 2813 ipsum
1678 2767 1781 2801 offert
1799 2767 2014 2801 oblationem

258 2826 294 2857 et
318 2824 473 2858 hostiam
500 2836 563 2869 pro
589 2825 702 2865 nobis,
739 2824 832 2858 idem
868 2823 974 2858 simul
1010 2826 1046 2857 et
1080 2823 1248 2857 sacerdos
1283 2824 1318 2857 et
1349 2833 1465 2865 agnus
1490 2821 1566 2862 Dei,
1602 2820 1662 2864 qui
1697 2820 1792 2854 tollit
1826 2822 2015 2864 peccatum

258 2877 390 2911 mundi.
451 2877 745 2922 Theophylactus
783 2887 924 2921 quoque
961 2876 997 2910 in
1033 2876 1109 2910 suis
1143 2875 1321 2910 Matthaei
1359 2873 1624 2909 commentariis
1661 2872 1796 2906 indicat
1831 2872 2014 2907 Christum

259 2928 439 2963 dominum
465 2929 500 2963 in
527 2941 569 2963 ea
593 2929 790 2964 nouissima
816 2941 926 2963 coena
952 2928 1152 2963 sacerdotio
1176 2928 1371 2962 secundum
1391 2926 1551 2961 ordinem
1568 2925 1833 2959 Melchisedech
1850 2925 2014 2959 functum

258 2981 389 3015 fuiss&
421 2983 487 3016 eto.
516 2981 719 3025 (Confessio
747 2982 954 3016 Catholicae
988 2981 1071 3015 fidei
1109 2981 1331 3021 Christiana,
1367 2981 1511 3013 auctore
1546 2978 1586 3012 D.
1614 2978 1655 3012 D.
1685 2979 1865 3012 Stcmislao
1892 2978 2015 3020 Hosio,

259 3033 392 3067 Romae
421 3034 522 3074 1565,
552 3035 649 3077 138).
700 3035 852 3068 Romani
878 3034 991 3078 igitur
1016 3034 1174 3077 theologi
1201 3045 1246 3067 ex
1271 3033 1437 3077 Nysseno
1472 3031 1606 3076 primas
1640 3033 1780 3065 tantum
1815 3030 2014 3065 sententias

260 3088 405 3130 ponunt,
437 3086 595 3130 reliquas
630 3088 821 3128 omittunt3
861 3090 897 3121 et
923 3099 1003 3121 cum
1030 3087 1181 3131 reliquis
1207 3087 1356 3120 Patrum
1382 3084 1498 3125 dictis,
1536 3095 1580 3117 ex
1616 3095 1684 3126 quo
1718 3084 1808 3117 libro
1843 3085 2015 3127 excerpta

378 3160 405 3190 a)
436 3161 483 3185 Sic
508 3165 665 3186 correctum
691 3170 750 3187 esse
779 3162 892 3187 ridetur
917 3170 953 3187 ez·
978 3161 1086 3193 faciet;
1113 3162 1263 3186 obscurius
1291 3161 1433 3191 scriptum
1517 3158 1546 3189 b)
1576 3160 1645 3184 Tria
1675 3167 1713 3184 rr.
1739 3167 1796 3191 sqq.
1822 3167 1913 3191 supra
1943 3166 2012 3183 rer-s.

261 3202 372 3233 scripta
392 3206 467 3226 sunt.
