2045 3471
434 187 528 221 Mon.
549 187 616 222 705
643 186 721 221 sive
747 185 807 221 dil.
830 185 895 230 (9).
938 185 970 219 A
997 185 1028 219 d.
1048 185 1080 219 2.
1100 185 1144 219 ad
1170 185 1203 219 4.
1223 184 1313 219 Nov.
1336 184 1436 219 1565.
1734 185 1816 226 609

56 306 174 340 minus
200 304 342 351 probarj
369 305 564 345 didicisset,
599 317 669 338 non
694 304 807 338 inuite
833 303 1048 338 sententiam
1074 302 1239 343 mutauit,
1277 304 1312 336 et
1337 302 1444 336 facile
1470 302 1673 346 praeposito
1699 302 1820 334 nostro

57 357 218 402 generali
231 359 252 397 ¹,
287 360 327 392 ut
353 358 533 403 exemptio
560 357 622 392 illa
647 357 836 392 tolleretur
860 356 1042 401 persuasit
1053 356 1076 389 ⁴2.
1127 356 1303 389 Remanet-
1329 367 1413 398 ergo
1440 366 1543 389 suum
1571 353 1760 388 Ordinario
1787 354 1822 386 in

56 411 307 446 vniuersitatis
333 411 512 445 studiosos
530 411 596 451 ius,
622 423 688 445 nec
705 413 846 456 praeter
863 408 1144 444 iurisdictionem
1163 408 1406 453 supradictam
1426 407 1618 451 quicquam
1635 405 1824 451 usurpabit

57 464 125 510 sibj
160 463 307 498 minima
341 464 430 498 haec
457 463 628 505 Societas,
665 475 756 508 quae
791 474 924 507 augere
959 474 1028 496 non
1063 462 1223 495 minuere
1250 459 1517 494 Ordinariorum
1555 462 1590 494 et
1619 459 1823 504 Principum

57 516 313 552 authoritatem
339 517 375 550 in
401 528 485 551 suos
510 517 673 551 subditos
698 517 800 551 solet.

178 570 260 604 Alia
285 570 431 614 querela
457 570 665 615 proponitur
691 570 785 604 circa
811 569 1068 604 adolescentes.
1100 579 1189 612 quos
1216 567 1340 600 inuitis
1366 566 1576 611 parentibus
1603 569 1637 599 et
1664 564 1825 610 patronis

59 624 102 659 ad
122 624 338 658 Societatem
355 625 513 657 nostram
532 623 744 667 pellicimus,
771 624 807 656 et
823 623 944 656 nescio
970 622 1014 656 ad
1041 632 1131 665 quae
1157 620 1349 654 remotiora
1374 619 1453 652 loca
1479 629 1661 662 nunquam
1688 618 1825 662 patriae

58 677 266 722 profuturos
300 676 454 721 amplius
489 676 710 719 ablegamus.
761 676 952 720 Nunquam
987 674 1079 719 quod
1115 673 1279 718 equidem
1311 672 1468 706 sciamus
1495 672 1630 705 fact-um
1659 673 1722 711 est,
1760 682 1825 704 nec

58 730 292 775 imposterum
319 728 461 763 Christo
487 729 593 763 dante
620 730 791 770 futurum,
817 732 858 762 ut
877 728 1037 762 Societas
1062 730 1185 762 nostra
1210 738 1280 760 11011
1308 726 1384 759 dico
1412 724 1591 769 Ordinarij
1618 724 1679 758 sed
1709 724 1825 757 cuius-

59 783 115 817 uis
141 783 290 817 alterius
316 782 398 828 bonj
425 783 493 828 virj
521 783 705 817 alumnum
731 782 844 816 inuito
869 784 1019 826 patrono
1045 781 1089 814 ad
1115 792 1154 815 se
1180 779 1378 825 pertrahat,
1405 778 1462 812 uel
1489 778 1524 811 in
1550 788 1651 811 suam
1681 787 1826 820 congre-

59 835 241 879 gationem
276 835 456 870 admittat.
507 835 673 869 Alienum
708 838 829 869 tamen
865 846 885 869 a
912 834 1115 868 Christiana
1151 832 1323 875 religione
1358 831 1503 865 minime
1534 841 1612 864 esse
1648 832 1826 874 putamus,

59 892 101 923 ut
125 889 157 924 si
182 889 263 933 quis
289 888 497 923 adolescens
523 889 651 933 spiritu
678 891 802 922 sancto
829 888 987 929 afflatus,
1024 888 1083 932 qui
1119 887 1245 920 bonam
1282 885 1437 919 indolem
1464 886 1501 918 et
1526 883 1561 917 in
1587 883 1651 928 Dej
1679 883 1827 917 seruitio

61 944 287 977 constantem
321 942 478 976 animum
513 953 598 987 prae
633 953 672 976 se
707 942 811 981 ferat,
847 941 883 975 in
908 941 1118 984 religionem
1145 939 1202 973 uel
1228 940 1399 978 nostram,
1434 937 1492 971 uel
1519 936 1626 970 aliam
1662 934 1828 980 quamuis

61 995 203 1040 admittj
239 995 371 1040 cupiat,
406 1007 476 1029 non
502 995 533 1029 is
558 997 693 1029 temere
719 995 914 1040 reijciatur,
948 994 1010 1028 sed
1037 992 1153 1038 obuijs
1179 992 1298 1037 potius
1324 991 1419 1024 ulnis
1445 990 1656 1034 excipiatur,
1683 990 1829 1034 propter

62 1049 254 1093 ingentem,
290 1060 382 1093 quae
416 1048 520 1082 hodie
547 1049 716 1090 cernitur,
752 1048 923 1082 bonorum
950 1047 1194 1092 operariorum
1220 1045 1256 1078 in
1283 1044 1418 1079 Christi
1444 1043 1605 1077 Ecclesia
1632 1042 1829 1087 penuriam.

62 1101 108 1136 Et
135 1102 203 1136 nisi
230 1101 388 1146 religiosj
425 1101 485 1147 alij
522 1113 590 1136 non
618 1102 695 1135 dico
723 1102 957 1146 susciperent,
992 1100 1054 1134 sed
1083 1098 1267 1144 promissis
1294 1098 1402 1131 etiam
1428 1096 1539 1141 uarijs
1575 1098 1611 1129 et
1636 1094 1830 1140 propositis

62 1154 234 1200 praemijs
271 1154 382 1198 (omni
415 1157 534 1188 tamen
563 1154 643 1189 dolo
678 1157 712 1188 et
748 1154 875 1188 fraude
901 1152 1082 1196 cessante)
1118 1152 1342 1186 iuuentutem
1376 1150 1583 1189 inuitarent,
1620 1160 1689 1192 quo
1725 1149 1829 1192 pacto

62 1220 143 1242 cum
178 1208 301 1242 multis
335 1210 441 1253 putas
476 1208 674 1251 ageretur?
710 1210 796 1251 quot
830 1218 945 1241 uacua
980 1206 1268 1250 relinquerentur
1302 1204 1360 1248 pie
1394 1203 1546 1236 fundata
1581 1201 1830 1235 monasteria?

64 1263 221 1305 quantus
246 1261 381 1306 passim
407 1264 616 1295 cerneretur
641 1261 760 1295 cultus
787 1260 897 1305 diuinj
924 1259 1142 1303 neglectus?
1188 1257 1261 1291 Nos
1287 1259 1407 1290 tamen
1433 1255 1526 1289 hanc
1552 1255 1596 1289 ad
1623 1254 1830 1297 religionem

62 1314 239 1348 inuitandi
273 1315 422 1348 iuuenes
456 1314 642 1355 rationem,
678 1325 785 1358 quam
822 1314 856 1347 in
889 1313 970 1358 alijs
995 1311 1174 1355 religiosis
1200 1322 1270 1344 non
1296 1309 1550 1354 improbamus,
1585 1308 1649 1341 sed
1675 1308 1770 1352 piam
1798 1310 1833 1340 et

62 1371 224 1402 sanctam
253 1368 427 1408 ducimus,
463 1367 493 1401 si
519 1367 660 1401 sincera
685 1367 734 1401 sit
758 1366 919 1407 intentio,
954 1366 1056 1411 sequj
1083 1377 1152 1399 non
1179 1363 1344 1403 solemus,
1380 1363 1443 1396 sed
1470 1361 1679 1395 instinctum
1713 1360 1832 1405 potius

64 1421 220 1466 Spiritus
245 1420 368 1455 Sancti
403 1420 637 1455 intrinsecum
664 1421 699 1454 in
726 1421 893 1455 iuuenum
922 1419 1088 1453 cordibus
1115 1419 1360 1462 expectamus,
1396 1426 1501 1459 quem
1528 1414 1712 1457 cognitum
1739 1413 1833 1447 absit

64 1476 106 1508 ut
131 1474 505 1517 extinguamus³‚
532 1486 584 1508 ne
611 1474 739 1509 forte
766 1477 811 1508 et
837 1473 928 1507 Deo
955 1472 1251 1518 repugnare⁴
1276 1469 1369 1503 uelle
1395 1468 1663 1502 uideamur....
1700 1466 1832 1508 Quodsi

65 1528 253 1571 contingat
287 1539 333 1561 ex
366 1527 447 1562 istis
482 1528 516 1561 in
553 1527 643 1562 alias
669 1527 878 1562 remotiores
904 1538 973 1561 non
999 1536 1181 1570 nunquam
1208 1523 1302 1558 mitti
1328 1522 1504 1566 regiones,
1540 1532 1609 1555 non
1635 1521 1671 1554 id
1697 1532 1737 1554 eo
1764 1520 1834 1553 fine

66 1580 143 1626 fierj
178 1581 377 1626 putandum
403 1583 468 1622 est,
495 1583 536 1615 ut
561 1581 705 1615 illorum
731 1592 839 1625 opera
865 1579 1024 1614 externis
1049 1579 1131 1624 alijs
1168 1577 1286 1622 potius
1313 1587 1420 1620 quam
1446 1574 1672 1618 germanicae
1698 1573 1833 1607 nationi

65 1633 249 1676 inseruiat,
275 1634 338 1668 sed
357 1645 397 1667 eo
424 1634 542 1678 potius
561 1634 718 1674 consilio,
746 1637 785 1667 ut
804 1633 977 1678 abstractj
1005 1633 1048 1666 ab
1074 1631 1268 1666 uberibus⁵
1297 1632 1332 1663 et
1350 1629 1544 1663 amicorum
1567 1626 1835 1667 consuetudine,

66 1688 202 1722 rectius
237 1690 273 1721 et
298 1687 334 1721 in
359 1687 502 1732 spiritu,
538 1690 574 1721 et
609 1687 644 1721 in
679 1687 795 1721 literis
820 1687 1066 1726 instituantur,
1103 1687 1139 1719 et
1165 1695 1244 1718 cum
1271 1682 1364 1727 omnj
1402 1681 1585 1716 hominum
1611 1691 1743 1724 genere
1768 1681 1836 1714 rite

67 1740 284 1785 conuersarj,
310 1740 515 1784 multosque
533 1741 569 1774 in
588 1740 737 1774 Domino
758 1740 879 1774 iuuare
898 1739 1059 1773 discant:
1087 1737 1312 1780 Simulatque
1329 1738 1448 1769 autem
1468 1735 1560 1768 bona
1585 1736 1660 1768 tam
1686 1733 1836 1778 spiritus

67 1805 174 1838 quam
200 1793 388 1828 literarum
415 1794 575 1828 iecerunt
601 1794 835 1827 fundamenta
860 1793 897 1826 in
922 1792 1087 1837 patriam,
1114 1790 1173 1824 uel
1198 1790 1276 1823 loca
1294 1788 1412 1823 uicina
1438 1787 1573 1833 remittj
1601 1787 1682 1821 ilico
1708 1787 1834 1822 solent.

68 1850 109 1882 ut
143 1858 235 1892 quae
269 1847 394 1882 multis
430 1848 534 1882 annis
560 1847 653 1892 apud
689 1850 833 1881 exteros
869 1847 937 1891 ipsi
964 1845 1175 1884 didicerunt,
1212 1843 1302 1877 alios
1328 1853 1406 1876 cum
1435 1841 1555 1876 fructu
1583 1844 1617 1875 et
1643 1841 1836 1875 autoritate

193 1954 203 1974 ¹
228 1953 261 1988 S.
288 1953 479 1987 Francisco
506 1952 670 1995 Borgiae.

189 2007 202 2027 ²
228 2006 428 2041 Cardinalis
455 2006 561 2050 paulo
586 2007 667 2050 post
693 2006 807 2038 denuo
833 2003 1020 2039 consilium
1039 2005 1199 2037 mutasse
1217 2002 1379 2041 videtum
1407 2012 1522 2044 neque
1542 2000 1636 2033 enim
1656 1999 1836 2043 exemptio

69 2060 132 2094 illa
149 2059 294 2094 videtur
312 2071 391 2093 esse
418 2059 580 2099 sublata;
610 2059 702 2099 vide,
730 2069 820 2102 quae
844 2070 889 2092 ex
906 2057 1156 2091 translationis
1182 2055 1314 2089 litteris
1341 2066 1372 2089 a.
1395 2054 1484 2088 1566
1512 2056 1547 2087 01
1574 2065 1604 2087 a.
1625 2053 1716 2086 1569
1744 2051 1838 2085 datis

69 2115 266 2158 posuerunt
284 2113 459 2154 Pachtler,
486 2112 591 2145 Ratio
619 2111 824 2146 Studiorum
850 2111 866 2145 I
893 2110 1091 2151 357—358,
1118 2112 1154 2143 et
1182 2109 1306 2152 Speclzt
1332 2107 1355 2141 l.
1375 2119 1403 2142 c.
1431 2106 1625 2141 135—136.
1671 2106 1837 2139 Ceterum

69 2167 105 2200 111
131 2166 308 2211 prioribus
344 2165 416 2199 illis
452 2165 612 2199 *litteris
640 2164 747 2208 (quae
774 2164 918 2207 Dilinga
944 2164 999 2198 20.
1026 2163 1108 2196 Iulii
1137 2163 1227 2196 1566
1260 2162 1366 2196 datae
1392 2161 1491 2202 suut)
1525 2162 1599 2193 Otto
1630 2159 1840 2192 Trnclzsess:

75 2218 322 2261 „Consentio“,
358 2218 484 2261 inquit,
525 2220 579 2259 „et
611 2220 692 2262 peto
719 2229 740 2251 a
766 2216 999 2251 Sanctissimo
1025 2215 1175 2250 Domino
1201 2215 1344 2255 Nostro,
1372 2216 1408 2247 et
1433 2213 1517 2246 sede
1544 2211 1762 2256 Apostolica.
1799 2215 1837 2244 ut

71 2272 206 2306 dictum
226 2270 425 2314 Collegium
445 2271 635 2305 Societatis
654 2270 827 2313 Delingae
846 2272 1003 2304 erectum
1031 2280 1101 2303 una
1129 2280 1209 2303 cum
1236 2267 1400 2302 omnibus
1426 2265 1500 2300 suis
1527 2264 1699 2310 personis,
1726 2264 1838 2298 censi-

71 2325 147 2366 bus,
184 2324 355 2365 domibus,
391 2324 507 2365 rebus,
534 2323 735 2364 mobilibus,
769 2326 804 2358 et
829 2322 1080 2363 immobilibus,
1115 2321 1310 2356 secundum
1337 2319 1542 2359 facultates,
1578 2321 1613 2351 et
1648 2317 1838 2362 priuilegia

71 2389 163 2422 quae
197 2377 307 2411 habet
341 2388 361 2411 a
387 2377 472 2410 sede
498 2376 694 2421 apostolica
720 2377 872 2417 omnino,
909 2377 943 2409 et
970 2377 1141 2420 perpetuo
1167 2376 1311 2408 maneat
1337 2374 1544 2416 exemptum
1580 2370 1622 2403 ab
1650 2369 1838 2409 ordinario,

71 2433 109 2465 et
133 2430 339 2464 immediate
365 2441 503 2464 summo
530 2429 706 2470 Pontifici,
743 2432 778 2464 et
803 2429 880 2463 sedi
906 2428 1136 2474 Apostolicae
1162 2427 1363 2462 subiectum
1390 2426 1607 2470 perseueret,
1643 2424 1692 2457 ita
1718 2426 1839 2457 tamen

73 2484 165 2528 quod
184 2482 271 2517 mihi
291 2482 471 2516 Cardinali
489 2482 671 2516 fundatori
697 2482 858 2526 meisque
882 2482 917 2515 in
938 2481 1090 2516 ecclesia
1109 2483 1322 2524 Augustana
1346 2478 1624 2518 successoribus,
1652 2476 1839 2510 ecclesiae-

73 2548 142 2581 que
156 2536 383 2571 Cathedralis
397 2536 555 2569 eiusdem
571 2535 728 2580 capitulo
743 2535 1008 2569 obseruantiam
1023 2534 1274 2573 reuerentiam,
1294 2535 1330 2566 et
1344 2530 1650 2566 honorificentiam
1670 2532 1839 2574 praestet.

75 2591 110 2624 et
136 2590 284 2630 deferat,
320 2600 383 2633 pro
418 2591 459 2623 ut
493 2589 527 2622 in
563 2588 644 2633 alijs
680 2588 902 2623 dioecesibus
938 2588 1057 2622 facere
1093 2588 1354 2622 consueuerunt
1362 2612 1478 2619 .....
1529 2583 1722 2617 Praeterea
1747 2583 1841 2617 inter

73 2654 140 2684 me,
167 2644 203 2676 et
227 2642 446 2687 sepedictam
466 2641 680 2675 Societatem
707 2634 874 2676 conuenit
899 2644 939 2675 ut
963 2643 1037 2675 tam
1057 2641 1248 2683 collegium
1269 2638 1458 2673 Societatis
1479 2637 1565 2671 Jesu
1592 2648 1699 2680 quam
1718 2636 1842 2670 Sancti

74 2696 294 2740 Hieronymi,
331 2697 367 2729 et
391 2697 468 2729 tota
493 2694 720 2729 Vniuersitas
747 2695 812 2729 sub
844 2695 1065 2740 protectione
1091 2704 1170 2727 mea
1197 2704 1238 2727 ac
1265 2701 1511 2726 successorum
1540 2701 1698 2723 meorum
1725 2689 1760 2723 in
1787 2701 1840 2723 ec-

75 2749 183 2783 clesia
202 2750 427 2792 Augustana,
455 2750 491 2782 et
508 2748 664 2792 Capituli
683 2747 909 2782 Cathedralis
935 2747 1109 2781 ecclesiae
1135 2748 1289 2780 maneat.
1308 2772 1313 2778 .
1332 2772 1338 2778 .
1357 2772 1362 2778 .
1399 2744 1587 2778 Caeterum
1614 2743 1645 2776 si
1663 2743 1841 2777 accideret

77 2802 186 2846 (quod
213 2802 323 2844 absit)
352 2803 393 2835 ut
419 2812 647 2835 successores
673 2801 742 2835 mei
769 2802 892 2835 contra
917 2800 1006 2834 11300
1034 2801 1272 2834 instrumenta
1299 2801 1334 2831 et
1360 2797 1501 2831 litteras
1527 2795 1743 2841 apostolicas
1765 2795 1842 2830 Col-

74 2855 209 2897 legium
245 2854 435 2889 Societatis
469 2854 677 2899 praedictae
709 2853 963 2894 molestarent,
1000 2855 1034 2886 et
1071 2853 1147 2886 eius
1183 2850 1477 2895 gubernationem
1513 2849 1740 2894 impedirent,
1776 2861 1842 2884 nec

76 2909 236 2942 sinerent
269 2908 372 2942 iuxta
406 2919 510 2942 suum
546 2906 761 2947 institutum,
798 2909 834 2940 et
859 2910 964 2951 pacta
995 2917 1135 2940 mecum
1161 2904 1250 2938 inita
1276 2904 1396 2944 libere,
1433 2905 1468 2936 et
1494 2903 1613 2946 quiete
1639 2902 1841 2946 procedere.

76 2961 112 2994 in
137 2960 201 2994 tali
228 2972 314 2995 casu
340 2960 431 3001 uolo,
458 2962 493 2994 et
519 2959 660 3004 postulo
686 2962 759 2993 tam
787 2959 977 3003 collegium
1004 2957 1196 2993 Societatis
1223 2968 1329 3001 quam
1356 2955 1546 2998 collegium
1574 2955 1696 2989 Sancti
1721 2955 1843 2990 Hiero—

76 3014 186 3058 nymi,
222 3025 329 3058 quam
355 3015 470 3048 totam
496 3013 781 3046 Vniuersitatem
807 3012 1045 3055 Delinganam
1077 3022 1157 3045 cum
1185 3009 1348 3044 omnibus
1376 3009 1451 3043 suis
1478 3008 1704 3053 pertinentijs
1730 3012 1767 3043 et
1792 3012 1843 3042 at-

77 3066 240 3111 tinentijs
275 3066 339 3101 soli
376 3066 452 3100 sedi
490 3065 708 3110 apostolicae
741 3077 804 3109 per
830 3065 947 3099 omnia
976 3075 1118 3098 manere
1145 3063 1363 3098 subiectam“
1396 3062 1457 3104 (ex
1483 3073 1604 3106 apogr.
1632 3061 1708 3096 eod.
1735 3064 1843 3106 temp.

78 3119 222 3163 scripto.
278 3118 418 3162 „Germ
445 3118 528 3163 Sup.
556 3118 665 3151 Fund.
694 3118 727 3151 1“
758 3118 783 3151 f.
811 3117 895 3151 336³
922 3117 1034 3159 3402).

199 3172 211 3192 ³
239 3172 255 3206 1
284 3171 398 3206 Thess
425 3173 456 3210 5,
487 3171 539 3205 19.
685 3172 697 3191 ⁴
725 3172 794 3204 Act
819 3172 850 3207 5,
879 3171 934 3204 39.
1081 3170 1093 3189 ⁵
1121 3168 1174 3202 Cf.
1204 3169 1236 3203 Is
1264 3168 1319 3208 28,
1347 3169 1378 3201 9.

149 3235 463 3267 Braunsberger‚
484 3234 597 3261 Canisii
618 3234 773 3267 Epistulae
794 3234 824 3260 ct
840 3234 924 3259 Acta.
949 3233 984 3260 V.
1515 3227 1558 3260 39
