2077 3461
244 190 301 218 LX

287 308 378 343 1567
420 336 421 356 ἢ

288 415 376 449 1567
420 426 421 435 κ

288 469 377 502 1567
420 515 421 526 ¹

277 529 386 570 1567
419 535 421 572 J

277 789 386 830 1567
420 827 421 830 ,

287 1114 376 1149 1567

286 1379 374 1413 1567

286 1432 375 1467 1567

286 1539 375 1573 1567

286 1697 375 1732 1567

286 1750 375 1784 1567

286 1803 374 1838 1567

276 2024 385 2064 1567

287 2227 374 2262 1567

284 2334 373 2369 1567

285 2493 371 2527 1567

284 2651 371 2685 1567

284 2757 372 2791 1567

282 2862 371 2896 1567

283 2968 371 3002 1567

272 3030 381 3071 1567

704 192 763 226 ΠΙ.
792 191 949 227 Tabulae
976 193 1247 237 chronologicae
1275 195 1371 228 vitae
1398 193 1542 230 Canisii.

527 309 632 342 Mart.
650 309 708 353 30.
830 310 932 346 Doni.
951 311 1141 345 Paschatis
1159 312 1193 345 in
1214 311 1348 356 templo
1375 312 1572 346 cathedrali
1599 313 1823 349 contionatur
1851 314 1904 358 (et
1929 315 1999 350 vir-

890 364 1009 407 ginem
1035 365 1199 398 iudaeam
1225 365 1430 409 baptizati-³)
1463 365 1547 405 (430
1574 366 1671 409 701).

527 415 633 449 Mart.
653 415 708 449 31.
811 416 867 469 (F.
888 417 931 451 ΙΙ.
950 417 1078 451 Pasch.
1104 417 1140 451 in
1167 417 1319 451 ecclesia
1346 418 1546 452 cathedrali
1572 419 1798 455 contionatur
1828 421 1940 463 (701).

547 470 630 513 Apr.
653 469 682 502 1.
811 473 813 505 ζ’
832 470 868 503 F.
887 470 949 504 ΙΙΙ.
968 470 1096 504 Pasch.
1117 471 1152 504 in
1178 470 1330 505 ecclesia
1357 471 1554 505 cathedrali
1581 473 1807 508 contionatur
1836 474 1948 517 (701).

438 516 1048 573 inter31.Mar†.³Friderico
1094 530 1293 585 episcopo
1339 531 1628 585 herbipolensi
1672 533 1833 587 scripto
1876 534 1999 576 varia

499 597 543 637 et
575 596 614 636 2.
639 596 741 648 Apr.
811 605 812 610 ¹
889 596 1025 638 tradit
1077 595 1254 637 consilia
1317 597 1370 638 ad
1423 597 1740 651 episcopatum,
1803 598 1999 653 inprimis

890 661 1064 710 clerum,
1104 660 1426 703 reformandum
1467 662 1714 716 spectantia
1745 662 1995 714 (410-417

528 789 631 842 Apr.
668 790 705 830 2.
830 789 1067 832 conventui
1111 790 1452 832 consiliariorum
1497 791 1888 834 ecclesiasticorum
1931 793 1997 835 in-

886 857 1036 905 terest,
1070 854 1114 896 in
1146 869 1230 908 quo
1263 869 1407 898 coram
1441 856 1641 910 episcopo
1676 857 1728 899 de
1760 857 1997 900 sacerdoti-

886 920 965 961 bus
1006 919 1062 961 ad
1099 919 1390 962 confessiones
1423 921 1659 963 audiendas
1691 922 1843 964 melius
1874 922 1998 965 insti-

886 984 1079 1034 tuendis,
1127 985 1178 1026 de
1224 985 1337 1026 clero
1381 986 1677 1037 reformando,
1720 987 1772 1028 de
1813 987 1998 1030 dioecesi

809 1094 810 1097 (
888 1049 1106 1091 visitanda
1138 1049 1284 1102 agitur
1317 1050 1454 1103 (705).

545 1119 630 1162 Apr.
651 1118 681 1151 5.
828 1118 865 1153 G.
902 1130 922 1152 a
957 1118 991 1153 S.
1023 1119 1212 1154 Francisco
1248 1120 1379 1163 Borgia
1418 1120 1620 1165 praeposito
1659 1121 1818 1164 generali
1856 1121 1997 1156 iubetur

888 1171 1128 1212 Constantiae,
1156 1172 1214 1206 ubi
1243 1172 1395 1217 primum
1422 1185 1442 1207 a
1469 1173 1641 1208 cardinali
1660 1173 1848 1219 Altaemps
1880 1186 1998 1209 arces-

887 1225 980 1259 situs
1005 1225 1063 1267 sit,
1100 1226 1142 1259 de
1169 1225 1319 1269 collegio
1346 1227 1528 1260 condendo
1554 1238 1680 1270 agere3
1717 1227 1825 1262 simul
1856 1228 1998 1262 iubetur

888 1278 1091 1322 episcopum
1108 1281 1439 1321 argentoratensem
1457 1280 1555 1313 adire
1574 1281 1686 1324 eique,
1701 1282 1742 1314 ut
1755 1280 1996 1315 coadiutorem

888 1342 967 1364 cum
985 1331 1060 1365 iure
1078 1331 1316 1366 successionis
1333 1332 1400 1366 sibi
1425 1333 1621 1376 provideat,
1648 1333 1862 1377 persuadere
1883 1333 1996 1377 (421).

437 1385 530 1419 inter
549 1385 580 1418 7.
600 1386 636 1418 et
654 1384 685 1418 9.
705 1385 790 1429 Apr.
809 1407 811 1429 k
828 1382 1013 1429 Dilingam
1043 1385 1152 1418 venit.
1192 1384 1297 1420 Febri
1324 1386 1515 1430 corripitur
1543 1386 1628 1428 (424
1652 1386 1722 1421 430
1749 1386 1846 1429 635).

524 1438 571 1472 M.
591 1437 703 1482 Aprili
809 1440 810 1453 ¹
830 1437 1055 1471 cardinalem
1074 1437 1274 1472 Truchsess
1292 1438 1328 1472 in
1354 1440 1600 1484 praeparanda
1625 1439 1761 1484 synodo
1787 1440 1998 1475 dioecesana

888 1493 924 1524 et
950 1491 1205 1525 vicerectoreln
1232 1491 1267 1524 in
1294 1492 1449 1535 regendo
1477 1492 1626 1536 collegio
1653 1493 1802 1527 adiuvat
1830 1493 1943 1536 (451).

528 1556 572 1578 m.
596 1544 708 1589 Aprili
830 1545 1014 1578 Sociorum
1038 1546 1297 1587 parisiensium
1323 1557 1411 1578 cura
1434 1546 1469 1579 C.
1491 1544 1682 1590 „Sammza“
1701 1547 1816 1580 latina
1839 1558 1882 1580 ex·
1907 1557 1997 1580 noca

888 1599 1038 1631 editione
1063 1599 1253 1632 coloniensi
1280 1600 1435 1632 Parisiis
1469 1610 1596 1633 excusa
1627 1601 1665 1632 in
1690 1601 1800 1633 lucem
1826 1601 1997 1634 emittitur

890 1650 1002 1694 (824).

439 1703 543 1748 paulo
562 1706 642 1748 post
658 1704 688 1738 1.
706 1704 789 1738 Maii
829 1703 864 1738 C.
892 1702 1097 1748 Augustam
1122 1704 1361 1749 proficiscitur
1389 1704 1503 1748 (451).

532 1757 618 1791 Maii
641 1757 693 1791 12.
808 1755 1064 1802 ¹Oenipontem
1091 1757 1238 1791 advenit
1267 1758 1381 1801 (775).
1937 1798 1941 1799 ⁷

493 1810 587 1844 inter
615 1810 667 1844 12.
695 1813 732 1844 et
827 1810 992 1844 Ioannem
1022 1810 1168 1844 Lucium
1205 1814 1241 1844 et
1278 1811 1444 1845 loannem
1472 1811 1711 1845 Viennensem
1747 1822 1792 1845 ex
1817 1810 1994 1846 Societate

536 1864 590 1897 15.
616 1863 702 1897 Maii
887 1863 1045 1897 dimittit.
1101 1863 1305 1907 „Colloquio
1340 1863 1540 1909 spirituali“
1576 1864 1611 1898 in
1646 1864 1797 1908 collegio
1830 1864 1996 1899 instituto

886 1917 1163 1951 moderationem
1207 1917 1364 1962 aliquam
1413 1917 1651 1952 adhibendam
1693 1929 1771 1952 esse
1813 1917 1995 1962 significat

890 1970 973 2013 (460
1001 1970 1217 2014 775-779).

466 2028 580 2071 inter
615 2031 681 2072 13.
715 2032 759 2072 et
827 2030 1100 2072 Ferdinando
1148 2030 1201 2073 Π.
1251 2030 1470 2072 archiduci
1522 2034 1566 2073 et
1611 2030 1766 2072 Tirolis
1813 2030 1993 2085 principi

514 2096 579 2137 15.
612 2094 714 2136 Maii
808 2105 809 2149 ξ
886 2095 1131 2149 persuadet,
1173 2098 1222 2137 ut
1254 2095 1495 2149 Oeniponte
1531 2096 1807 2137 seminarium
1839 2109 1994 2149 puero-

885 2174 979 2201 rum
1001 2159 1159 2202 litteris
1182 2160 1447 2202 studentium
1471 2160 1654 2202 condere
1671 2163 1840 2203 statuat
1858 2160 1992 2213 (778).

829 2228 1027 2274 Oeniponte
1053 2229 1291 2274 proficiscitur
1316 2227 1553 2274 Monachium,
1586 2230 1642 2264 Fr.
1670 2230 1836 2264 Ioannem
1865 2229 1991 2264 Vicum

886 2293 1006 2316 secum
1034 2283 1213 2316 abducens
1242 2282 1326 2325 (459
1351 2283 1449 2326 469).

475 2336 556 2379 post
581 2335 637 2369 21.
663 2335 747 2368 Maii
807 2334 1014 2380 (Augustae
1040 2347 1103 2379 per
1129 2335 1266 2379 aliquot
1291 2336 1367 2369 dies
1393 2339 1553 2369 moratur
1581 2336 1694 2379 (493).

439 2387 547 2431 (Maio
562 2390 716 2422 exeunte
729 2387 787 2421 vel
806 2378 809 2459 Ι

498 2441 599 2475 initio
625 2441 718 2484 Iun.)
806 2462 808 2496 Ι

528 2494 615 2528 Maii
642 2494 698 2529 30.
806 2496 865 2535 ,S.
894 2496 980 2528 Pius
1006 2495 1042 2528 V.
1078 2495 1236 2537 inundat,
1276 2500 1311 2527 ut
1340 2496 1388 2538 C.‚
1423 2497 1506 2528 (ium
1535 2496 1676 2538 plenior
1705 2496 1991 2529 Centuriatorum

884 2548 1233 2591 mctydebnryensium
1267 2553 1429 2590 paratim·
1476 2549 1666 2592 refutatio,
1715 2549 1827 2582 libello
1872 2549 1991 2592 aliquo

885 2602 1051 2643 ostendat,
1078 2603 1126 2634 eis
1152 2601 1250 2633 credi
1275 2613 1343 2634 non
1364 2612 1467 2643 posse
1495 2601 1607 2645 (480).

545 2654 621 2688 Iun.
649 2654 682 2687 ⁴2.
805 2646 864 2696 TC.
894 2655 1061 2697 „Summa
1097 2655 1279 2687 doctrinae
1311 2653 1549 2688 clm·c'sti(tncaee“
1578 2656 1792 2697 Antverpiae
1826 2666 1848 2687 (ι
1884 2655 1990 2688 Plau-

805 2707 806 2711 ’
883 2709 959 2740 tino
985 2708 1098 2740 demto
1125 2708 1272 2748 (latine)
1299 2718 1427 2741 excusa
1450 2709 1590 2750 prelcmz
1617 2709 1785 2751 relinquit
1812 2708 1925 2750 (825).

434 2771 479 2793 m.
498 2759 597 2793 Iunio
618 2759 787 2802 (ineunte,
805 2752 807 2795 1
826 2760 863 2794 C.
890 2770 1022 2804 paucos
1049 2759 1124 2793 dies
1150 2758 1372 2803 Ingolstadii
1402 2763 1577 2800 versatur,
1612 2760 1777 2794 iuvenem
1812 2761 1846 2794 in
1874 2760 1988 2794 Socie-

496 2814 536 2845 ut
561 2812 718 2856 videtur)
805 2801 807 2854 ξ
883 2814 997 2846 tatem
1022 2812 1183 2846 admittit
1209 2812 1323 2856 (727).

481 2867 564 2898 ante
593 2866 740 2899 12.1un.
825 2865 990 2900 Canisius
1026 2863 1215 2910 Dilingam
1253 2865 1419 2906 advenit3
1463 2865 1680 2900 cardinalem
1718 2865 1916 2900 Truchsess
1953 2866 1987 2900 in

805 2956 806 2962 ἵ
883 2918 1020 2963 synodo
1046 2918 1259 2952 dioecesana
1285 2919 1531 2963 praeparanda
1557 2919 1705 2952 adiuvat
1734 2919 1847 2962 (492).

534 2970 609 3004 Iun.
632 2971 684 3004 15.
804 2971 989 3023 3Synodus
1015 2970 1237 3005 sollemniter
1262 2971 1450 3005 incohatur
1479 2971 1591 3014 (636).

460 3043 485 3071 a
518 3029 584 3071 die
615 3032 681 3072 15.
705 3031 758 3071 ad
804 3031 866 3074 'C.
900 3031 1064 3084 synodo
1107 3031 1386 3073 dioecesanae
1425 3031 1609 3073 interest
1650 3034 1694 3074 et
1725 3031 1985 3073 cardinalem

513 3095 580 3136 20.
614 3094 705 3137 Iun.
882 3095 925 3136 in
967 3109 1018 3137 ea
1059 3096 1250 3148 regenda
1292 3096 1479 3138 consiliis
1521 3098 1564 3137 et
1596 3109 1726 3150 opera
1759 3096 1988 3148 diligenter

882 3160 1004 3202 iuvat
1037 3160 1138 3212 (497
1174 3160 1438 3214 635-638).

531 2228 616 2262 Maii
645 2229 698 2263 16.
807 2214 809 2237 ¹

805 2543 807 2586 1

805 2612 807 2644 s
