2045 3471
123 198 218 232 Mon.
239 196 425 231 733—735
452 197 529 231 sive
547 207 660 239 germ.
678 196 700 230 l.
722 195 921 240 (8)—(10).
959 195 1014 228 22.
1034 193 1131 239 Sept.
1151 193 1194 228 ad
1221 193 1401 227 ineuntem
1422 205 1467 227 m.
1481 192 1572 227 Nov.
1589 192 1691 226 1565.
1756 194 1838 235 647

76 315 133 350 his
158 314 274 349 literis
299 314 444 357 inclusi)
474 314 805 358 confirmassetque,
832 313 902 347 nisi
928 314 1040 346 morte
1067 314 1297 356 praematura
1323 323 1368 344 ex
1395 310 1462 345 hac
1481 310 1556 344 vita
1575 310 1677 344 nobis
1696 311 1841 354 ereptus

76 368 237 402 fuisset.“
293 366 462 401 Eiusdem
489 366 619 400 Brevis
644 367 849 401 Fridericus
884 366 1100 400 mentionem
1135 364 1243 398 etiam
1279 363 1368 398 fecit
1405 364 1439 397 in
1465 363 1598 397 litteris
1624 362 1844 396 fundationis

76 420 221 464 collegii
258 420 521 464 herbipolensis
559 420 743 464 Herbipoli
780 420 835 454 27.
863 419 954 453 lunii
984 419 1072 452 1567
1109 429 1130 452 a
1164 429 1203 451 se
1234 417 1327 451 datis
1358 417 1506 461 (15⁷e9ele
1531 416 1552 451 l.
1581 428 1610 451 c.
1638 417 1670 450 II
1696 416 1741 450 54
1767 416 1842 458 56).

77 474 201 518 Neque
228 473 381 507 dubitari
408 474 538 518 potest,
566 473 652 516 quin
671 473 837 507 Canisius
862 473 1004 506 nomine
1023 470 1203 516 pontificis
1223 470 1331 504 etiam
1351 470 1598 504 authenticum
1618 470 1842 503 decretorum

76 526 350 562 tridentinorum
370 525 572 570 exemplum
592 526 725 560 Romae
744 538 918 560 excusum
939 526 1103 570 episcopo
1122 523 1330 558 tradiderit:
1360 535 1392 558 v,
1412 535 1521 568 supra
1539 535 1571 568 p.
1589 523 1655 557 149
1677 523 1742 557 152
1764 522 1842 556 181.

79 653 184 690 733
211 654 289 688 sive
316 662 484 698 germ.
504 652 540 687 l.
561 651 664 697 (S).
739 653 795 688 ⁴22.
823 651 1048 698 Septembris
1074 651 1167 687 1565.

198 730 253 764 Ex
288 729 494 775 apographo
531 729 690 763 eiusdem
726 729 908 774 temporis.
961 729 1044 764 Cod.
1085 728 1316 771 „Ge1·m.65“
1357 729 1381 762 f.
1410 728 1591 762 lest—15³.
1643 726 1844 771 Epistulam

77 783 224 818 adhibui
250 784 286 817 in
313 782 528 828 „Stz'nm1en“
558 786 625 817 etc.
652 782 767 816 LXXI
795 784 851 817 66.

199 856 234 889 S.
262 855 394 888 Franc.
421 855 576 897 Bo›·9z’as
602 855 821 887 cardinalem
849 856 1101 897 Aufflcstanmn
1127 854 1168 886 de
1198 854 1338 887 Canisie'
1363 854 1654 896 pereqrinate'one
1681 852 1844 884 rhenana

78 910 258 941 certiorem
296 908 412 941 reddit
446 908 659 950 eandemque
694 912 806 951 royat,
844 912 951 950 curet,
983 911 1021 940 ut
1046 908 1228 940 Bavariae
1253 907 1329 939 dux·
1354 906 1394 940 P.
1423 905 1695 939 Stevordianum
1724 905 1844 948 Auyzc-

78 963 192 994 statiis
218 962 384 995 concedat
410 962 697 994 contionatorem.

200 1038 352 1072 Sanetus
379 1039 599 1071 Franciscns
628 1038 792 1080 Boryias,
830 1037 1015 1070 Societatis
1044 1038 1272 1079 praepositus
1303 1037 1491 1078 yeneralz's,
1530 1035 1642 1068 Roma
1678 1035 1734 1067 22.
1764 1033 1845 1075 Sep-

78 1091 221 1125 tembris
246 1093 339 1124 1565
365 1092 413 1124 ad
442 1092 596 1124 Ottonem
625 1092 846 1124 cardinalem
879 1090 1068 1124 Truchsess
1094 1091 1295 1132 episcopum
1321 1094 1561 1132 (inqu-stanam
1587 1088 1726 1120 litteras
1751 1086 1847 1119 dedit

81 1145 147 1187 (cf.
165 1155 278 1187 supra
299 1156 336 1187 p.
354 1144 454 1188 538),
481 1145 519 1177 in,
546 1144 673 1187 quibus
698 1144 782 1176 haec
805 1144 937 1186 petebat
963 1144 1004 1176 de
1032 1143 1176 1176 Canisio
1201 1144 1238 1175 in
1260 1143 1446 1176 Soc-[etatis
1467 1142 1693 1184 provinciam
1718 1139 1845 1172 rhena-

80 1209 164 1231 nam
191 1202 249 1231 etc.
275 1199 329 1231 ire
353 1199 449 1230 iusso
485 1202 514 1230 et
549 1198 590 1230 de
618 1197 656 1230 P.
686 1197 847 1230 Martino
875 1197 1120 1238 Stevorde'ctno,
1155 1197 1396 1229 contionatore
1423 1195 1567 1228 Alberto
1594 1194 1631 1228 V.
1659 1194 1742 1227 duci
1764 1203 1845 1236 yra-

78 1252 225 1294 assumo,
261 1252 323 1293 qut
357 1262 400 1283 ex
434 1251 575 1293 colleqio
610 1251 812 1283 monacensi
846 1251 893 1283 ad
924 1250 1102 1283 contiones
1127 1250 1309 1292 Auynstae
1334 1250 1371 1282 in
1398 1248 1523 1291 templo
1550 1247 1747 1280 cathedrali
1772 1246 1846 1279 loco

84 1305 223 1338 Canisiz·
247 1304 428 1337 habendas
453 1305 580 1336 missus
606 1308 682 1336 erat
709 1306 758 1344 (e.
784 1314 896 1346 supra
919 1315 955 1346 p.
984 1303 1092 1343 552).·
1123 1301 1230 1335 Come
1257 1301 1299 1335 V.
1325 1300 1358 1336 S.
1386 1301 1636 1334 Illustrissima
1661 1298 1847 1332 intendera

81 1357 142 1402 piu
168 1357 204 1390 in
230 1356 448 1401 particulare
475 1356 533 1390 dal
552 1356 668 1390 Padze
688 1356 831 1390 Canisio
849 1367 931 1389 sara
949 1355 1154 1388 necessario
1173 1354 1238 1388 che
1255 1354 1305 1388 lui
1332 1355 1447 1388 faccia
1473 1353 1600 1387 alcune
1627 1350 1847 1386 uisitationi.

81 1410 338 1455 specialmente
373 1410 473 1455 pei-la
508 1409 699 1444 Prouincia
734 1412 858 1443 nostra
894 1408 950 1442 del
985 1407 1120 1449 Rheno,
1156 1407 1378 1452 supplicamo
1404 1407 1447 1441 V.
1475 1407 1508 1441 S.
1536 1406 1787 1440 illustrissima
1817 1404 1848 1438 si

82 1462 243 1497 contenti
274 1462 366 1496 darli
391 1463 508 1497 buona
535 1463 698 1504 licentia,
735 1464 770 1496 et
805 1462 848 1496 de
882 1472 1053 1507 procurat·
1079 1461 1145 1495 che
1170 1461 1195 1494 il
1223 1461 1351 1504 Signor
1376 1460 1477 1494 Duca
1504 1460 1536 1493 di
1564 1460 1709 1493 bauiera
1736 1456 1849 1491 anche

82 1517 117 1551 la
143 1517 201 1550 dia
227 1516 259 1550 al
286 1516 403 1550 Padre
429 1516 598 1557 Mai-tino,
626 1516 724 1550 accio
750 1516 848 1560 possi
875 1515 1084 1549 continuare
1110 1514 1145 1548 la
1171 1514 1414 1559 predicatione
1440 1514 1475 1547 in
1503 1514 1706 1555 Augusta..
1727 1539 1733 1545 .
1755 1538 1762 1546 .
1797 1509 1848 1544 Mi

81 1572 208 1604 rimeto
227 1596 235 1604 .
255 1596 262 1603 .
282 1596 290 1604 .
310 1570 345 1603 in
371 1571 467 1603 tutto
494 1569 518 1603 il
546 1572 643 1603 resto
670 1569 703 1603 al
724 1569 839 1602 Padre
859 1568 1001 1602 Canisio
1028 1567 1094 1601 che
1120 1569 1177 1601 sta
1204 1567 1237 1601 di
1265 1567 1398 1612 partita
1418 1594 1425 1601 .
1444 1570 1480 1601 et
1505 1569 1608 1611 potra
1635 1577 1733 1599 esser
1759 1574 1847 1598 anco

82 1624 148 1658 che
174 1622 224 1657 lui
250 1623 304 1657 sia
329 1622 355 1656 il
381 1625 564 1667 portatore
591 1623 625 1656 di
652 1624 790 1666 questa.

84 1749 191 1787 734
216 1751 294 1786 sive
322 1759 489 1795 gel-m.
509 1748 545 1784 l.
567 1748 667 1793 (9).
742 1747 784 1783 Μ.
813 1746 962 1783 Octobri
987 1746 1080 1784 1565.

203 1827 259 1862 Ex
285 1827 491 1872 apographo
518 1826 677 1860 eiusdem
705 1825 886 1870 temporis.
930 1825 1015 1860 God.
1046 1824 1184 1867 „Germ
1212 1825 1276 1858 65²
1306 1824 1331 1858 f.
1351 1824 1421 1859 32³.
1465 1824 1630 1870 Epistula
1656 1835 1743 1858 usus
1768 1835 1849 1858 sum

83 1881 119 1914 in
148 1879 364 1926 „Stimmen“
392 1883 459 1914 eto.
486 1879 600 1914 LXXI
627 1880 682 1913 65.

204 1960 253 2002 Ρ.
278 1959 510 2010 Petamus,
550 1959 767 2000 Societatis
799 1958 895 1999 Iesu
928 1957 1192 2008 secretariam,
1228 1956 1361 1997 Roma
1393 1957 1433 1997 3.
1457 1956 1704 1997 Novembris
1735 1958 1850 1998 1565

85 2026 133 2067 P.
158 2025 314 2066 Ioanni
336 2025 495 2079 Dyrsio
518 2025 560 2065 ὃ.
577 2023 634 2075 .].,
666 2024 824 2077 colleyc'ess
846 2023 1118 2076 oenipontani
1140 2022 1314 2062 rectori:
1346 2020 1427 2061 Hic
1450 2034 1532 2062 non
1556 2020 1849 2062 intelleximus

84 2089 157 2142 qui
189 2089 276 2131 sint
308 2088 369 2129 illi
403 2088 484 2129 duo
508 2102 533 2129 a
557 2087 709 2140 quibus
732 2086 913 2128 insidiae
946 2088 1220 2128 struerentur
1243 2085 1365 2127 Patri
1387 2085 1569 2135 Canisio,
1604 2085 1641 2126 si
1663 2085 1848 2139 suspicio

84 2154 216 2196 etiam
249 2167 362 2195 nunc
396 2154 536 2202 durat,
571 2152 804 2194 admoneat
837 2151 955 2192 illum
991 2154 1034 2193 et
1067 2164 1144 2191 nos
1167 2150 1218 2193 V.
1244 2150 1296 2193 R.

205 2235 372 2268 Fortasse
409 2235 444 2268 in
472 2233 702 2268 Germaniam
732 2233 802 2267 iam
829 2231 989 2277 perlatus
1016 2233 1093 2265 erat
1119 2243 1239 2265 rumor
1264 2231 1334 2272 ille,
1371 2243 1476 2275 quem
1503 2232 1657 2276 Prosper
1684 2230 1727 2265 ab
1754 2230 1850 2265 Arcu

84 2299 277 2322 caesareus
312 2287 405 2332 apud
440 2287 645 2332 pontificem
682 2288 800 2319 orator
835 2284 1129 2329 praesagiverat:
1167 2284 1300 2319 Canisii
1336 2296 1444 2329 opera
1480 2285 1645 2318 effectum
1681 2295 1775 2325 esse,
1811 2285 1852 2317 ut

85 2341 219 2375 Romae
237 2340 436 2385 Philippus,
463 2339 651 2374 clarissimi
680 2339 777 2373 illius
803 2338 973 2372 Ioachimi
993 2337 1188 2371 Camerarii
1207 2338 1312 2379 filius,
1340 2339 1376 2371 et
1394 2337 1523 2371 Petrus
1542 2337 1674 2378 Rieter,
1702 2337 1851 2371 iuvenes

84 2395 174 2428 iuris
199 2394 362 2434 studiosi,
398 2393 489 2437 quod
517 2395 761 2437 protestantes
797 2394 928 2431 essent,
965 2391 1009 2424 ab
1044 2391 1316 2435 inquisitoribus
1351 2391 1386 2424 in
1413 2390 1557 2425 vincula
1584 2390 1850 2430 conicerentur;

85 2447 166 2481 vide
193 2448 287 2481 infra
313 2458 405 2480 mon.
433 2446 513 2480 814.

85 2573 189 2610 735
217 2575 294 2609 sive
323 2582 489 2617 germ.
510 2571 547 2607 l.
568 2571 701 2617 (10).
776 2571 928 2606 Ineunte
954 2580 999 2605 m.
1019 2569 1212 2606 Novembri
1240 2569 1333 2605 1565.

208 2651 262 2684 Ex
297 2650 531 2694 autographo.
584 2649 667 2683 Cod.
707 2648 770 2691 „G.
798 2648 862 2692 Ep.
890 2648 958 2681 Vl“
998 2648 1022 2682 f.
1051 2648 1123 2682 88⁵2.
1184 2647 1404 2681 Particulain
1441 2647 1542 2691 posui
1576 2646 1780 2689 germanice
1816 2646 1850 2680 in

116 2703 300 2738 <ammam
328 2706 396 2738 etc.
424 2702 537 2736 LXX[
563 2703 608 2736 65
635 2703 690 2736 66.

88 2725 130 2750 „a

209 2776 376 2809 Cani-sius
396 2775 719 2817 pet-emina!ionem
747 2773 950 2817 inm-editur
976 2772 1182 2814 difficilem‚·
1205 2772 1371 2814 precibus
1396 2772 1518 2804 iuvari
1544 2773 1648 2813 capit.

205 2854 253 2896 P.
286 2853 567 2894 Theodericus
602 2852 814 2902 Cauisizcs,
858 2851 1115 2891 Germaniae
1157 2850 1389 2904 superioris
1426 2849 1784 2902 viceprovc‘ncialis
1817 2854 1852 2890 et

86 2920 245 2973 colleyit
277 2918 490 2971 clicmqani
530 2922 677 2969 rector,
721 2916 902 2971 Dilinqa
935 2920 974 2956 (δ’.
999 2915 1247 2956 Novembris
1280 2916 1394 2955 1565
1437 2914 1590 2954 Sancto
1623 2912 1851 2955 Francisco

88 2984 271 3037 Boryiae
309 2983 547 3038 praeposito
587 2983 778 3036 (senerah
818 2982 877 3022 sic
919 2981 1087 3034 scripsit
1121 2980 1170 3020 cle
1203 2979 1326 3020 Petro
1364 2978 1528 3031 fratre:
1572 2977 1852 3019 Reuerendus

87 3062 128 3102 p.
163 3047 439 3101 prouincialis
474 3081 481 3088 .
509 3080 516 3088 .
544 3080 552 3089 .
586 3045 787 3087 discessit
828 3044 927 3086 hinc
966 3045 1034 3087 420
1058 3043 1316 3085 Nouembris
1350 3042 1616 3096 Herbipolin‚
1658 3042 1756 3084 inde
1798 3042 1852 3084 ad

90 3112 315 3154 Electores
347 3110 709 3164 Archiepiscopos
750 3109 1037 3163 profecturus,
1100 3107 1169 3149 Ad
1211 3121 1367 3149 nouum
1410 3121 1568 3148 annum
1611 3121 1656 3148 se
1689 3107 1743 3149 ad
1776 3121 1854 3148 nos

90 3190 364 3218 reuersurum
387 3179 548 3230 sperat.
602 3174 913 3217 Difficillimam
946 3173 1077 3216 habet
1109 3172 1515 3227 peregrinationem,
1550 3174 1594 3214 et
1621 3185 1749 3225 quain
1773 3171 1852 3213 viri
