2045 3471
461 217 555 251 Mon.
576 217 644 252 843
671 216 748 250 sive
775 227 852 250 oen.
873 215 940 258 (9).
983 214 1012 247 A
1040 214 1072 248 d.
1093 214 1147 248 12.
1167 213 1212 248 ad
1233 213 1286 248 16.
1306 212 1392 247 Maii
1413 211 1514 246 1567.
1746 212 1829 253 775

192 339 240 382 P.
274 338 561 392 Hieronymus
593 336 764 378 Natalis
807 335 1023 376 Societatis
1063 335 1256 375 visitator
1289 332 1516 386 Oeniponte
1547 333 1617 373 20.
1645 329 1832 372 Octobris

76 406 190 446 1566
223 404 396 445 Romam
431 403 490 443 ad
522 403 564 444 S.
589 401 866 442 Franciscunz
899 400 1103 453 Borqiam
1142 399 1427 452 praepositum
1457 397 1692 451 yeneralem
1734 395 1834 436 haec

74 470 232 512 rettulit
265 469 315 510 de
347 468 622 522 Ma‘qdaiena,
657 466 917 520 Maryarita,
951 464 1114 505 Helena
1147 463 1467 515 arehiducissis,
1510 476 1536 502 a
1570 461 1720 516 quibus
1755 460 1833 501 Ca-

74 535 232 585 nisius,
281 537 326 574 ut
368 546 451 573 uno
500 531 756 584 confessario
805 545 831 571 a
875 530 1076 571 Societate
1122 528 1384 581 desiynando
1431 530 1644 568 contentae
1688 530 1833 577 essent,

75 614 126 642 m.
151 599 275 640 Iunio
308 599 487 639 a.1566
521 598 828 650 impetraverat,
872 599 908 636 et
941 595 992 635 de
1022 593 1071 636 P.
1096 593 1270 634 Nicolao
1302 592 1480 643 Lanoio‚
1524 605 1641 645 quem
1680 591 1767 644 ipse
1801 593 1837 630 et

76 664 278 706 Canisius
320 664 373 703 iis
405 661 711 714 confessarium
738 674 818 714 pro
852 659 938 700 ΡΡ.
963 659 1122 699 Ioanne
1154 657 1313 711 Dyrsio
1346 661 1382 698 et
1416 656 1549 696 Paulo
1588 655 1836 696 Hetzcovaeo

76 730 183 770 dare
212 726 402 768 volebant
433 726 490 777 (v.
514 740 644 780 supra
672 740 716 779 p.
741 726 828 766 337
860 723 990 776 772).·
1013 722 1173 763 Volent
1204 721 1244 762 io
1278 722 1488 762 executar
1519 719 1560 760 lo
1594 732 1676 772 que
1707 718 1837 760 hauia

75 794 302 835 concertat
323 805 401 832 eon
425 791 491 832 las
514 792 568 832 .3.
592 803 799 843 personas
821 791 1011 830 maest-ro
1035 786 1197 829 canisio
1220 785 1333 828 trobi
1357 785 1395 826 el
1420 798 1501 837 que
1523 783 1670 838 seabia
1691 783 1733 825 ia
1756 797 1838 836 que

75 858 120 900 la
150 856 338 911 primera
371 869 445 897 era
477 855 663 896 mudada
685 869 714 908 y
735 853 865 895 hauia
885 853 977 895 feta
1009 866 1117 905 gran
1140 850 1333 905 praticaa
1354 863 1461 903 para
1483 863 1565 902 que
1596 863 1650 890 no
1683 848 1838 902 perdes

76 922 237 977 dyrsio,
271 935 299 974 y
332 920 405 962 axi
437 934 519 973 que
551 922 692 961 restas
723 919 870 961 tambe
901 917 1029 972 paulo
1062 917 1156 958 alas
1180 918 1233 958 ,2.
1258 918 1565 967 entenguerem
1599 913 1839 955 clarament

77 1001 160 1041 que
201 987 236 1028 si
269 985 427 1027 voliem
467 998 598 1039 posar
638 985 679 1026 al
714 998 766 1038 .p.
800 984 950 1036 Lanoy
991 985 1142 1024 contra
1174 979 1395 1022 Voluntad
1437 979 1557 1020 delas
1599 980 1653 1021 ,3.
1685 992 1715 1032 y
1748 977 1838 1019 dels

78 1051 313 1107 prineipals
347 1051 504 1092 Senors
537 1050 661 1091 desta
701 1051 795 1091 cort
827 1062 908 1101 que
950 1046 1063 1089 seria
1095 1045 1272 1088 estadab
1305 1058 1406 1087 cosa
1446 1044 1553 1086 molt
1585 1043 1779 1086 violenta
1811 1057 1839 1096 y

78 1131 161 1171 que
193 1130 271 1171 per
303 1129 379 1157 ara
412 1128 519 1156 nons
551 1113 746 1155 reisciria
778 1127 806 1166 y
839 1112 910 1154 axi
948 1124 1234 1166 prenguerem
1268 1112 1391 1152 acort
1424 1109 1476 1150 de
1509 1108 1769 1158 dissimular‚
1811 1121 1840 1162 y

80 1196 209 1237 posar
241 1181 479 1223 solamente
511 1193 589 1233 per
620 1181 786 1220 rector⁰
818 1178 857 1219 el
891 1192 943 1231 .p.
978 1177 1140 1229 Lanoy.

174 1256 227 1290 De
253 1255 322 1290 ΡΡ.
351 1254 481 1299 Dyrsio
517 1257 552 1288 et
587 1254 814 1287 Hetzeovaeo
841 1253 1004 1286 Lanoins
1038 1253 1156 1285 rector
1192 1249 1391 1294 Oeniponte
1419 1249 1473 1283 13.
1498 1247 1633 1293 Aprilis
1672 1247 1759 1282 1567
1796 1247 1841 1281 ad

81 1309 248 1352 Borgiam
276 1308 461 1342 *rettulit:
492 1307 606 1350 „Nelli
634 1305 830 1341 confessori
856 1304 952 1338 della
970 1304 1075 1339 Corte
1100 1315 1169 1337 non
1195 1303 1226 1337 si
1245 1302 1380 1336 vedeno
1409 1302 1522 1335 effetti
1549 1302 1583 1335 di
1602 1301 1841 1334 aemulatione

80 1374 100 1396 o
127 1362 359 1402 dissensione,
386 1361 468 1404 ogni
495 1372 563 1394 uno
590 1359 741 1404 procede
767 1358 919 1392 secondo
946 1357 979 1391 le
1005 1369 1068 1391 sue
1094 1356 1215 1399 regole
1241 1355 1307 1390 che
1333 1355 1357 1389 li
1377 1354 1477 1389 diede
1500 1353 1529 1399 jl
1549 1354 1587 1388 P.
1606 1353 1756 1387 Natale“
1782 1353 1842 1396 (ex

80 1417 240 1459 autog1·.;
272 1416 334 1457 „G.
354 1413 536 1459 Ep.V111“
567 1414 590 1447 f.
614 1412 724 1456 179b).

82 1530 190 1567 843
217 1531 295 1565 sive
323 1538 441 1565 oen.
463 1527 562 1574 (9).
637 1526 666 1562 Α
693 1525 792 1562 (1.12.
819 1525 865 1561 ad
891 1524 939 1561 16.
957 1523 1043 1560 Maii
1068 1523 1161 1560 1567.

204 1596 258 1630 Ex
276 1594 511 1639 autographo.
543 1593 605 1636 „G.
624 1592 806 1637 Ep.V111“
830 1592 852 1626 f.
870 1590 1098 1626 1812—1822.
1125 1589 1272 1623 Litteris
1290 1599 1377 1622 usus
1396 1590 1452 1622 est
1468 1589 1583 1622 Kross
1597 1586 1618 1621 l.
1635 1598 1664 1620 ο.
1678 1587 1744 1621 177
1767 1585 1843 1620 178.

203 1663 368 1696 Lanoius
396 1664 509 1693 rector
535 1660 792 1702 oenipontanus
824 1658 1026 1700 praeposito
1059 1655 1219 1699 qenerali
1254 1654 1386 1696 refert:
1423 1654 1591 1687 Canisius
1621 1652 1842 1695 Oenipontenz

83 1728 128 1751 ex
156 1718 333 1758 insperato
360 1715 522 1746 advectus
547 1713 583 1745 F
583 1724 612 1745 r.
632 1713 763 1755 Vicum,
800 1712 861 1754 qui
886 1711 1067 1752 colleyium
1091 1708 1336 1751 perturbabat,
1369 1717 1484 1740 secum
1509 1706 1672 1738 adduxit.
1726 1705 1846 1738 Socios

87 1780 222 1813 quoque
257 1768 396 1811 aliquos
431 1767 576 1799 dimisit.
636 1765 770 1797 Frater
808 1765 922 1796 laicus
955 1764 990 1795 in
1028 1762 1132 1795 rebus
1166 1760 1414 1803 dispensandis
1448 1760 1608 1792 tenacior
1639 1758 1844 1800 facultatem

82 1822 296 1856 transeundi
321 1821 368 1853 ad
398 1820 602 1853 cartusiam
628 1818 671 1850 ab
697 1828 734 1850 eo
754 1817 869 1860 petiit.
922 1816 1090 1849 Canise'us
1116 1814 1341 1848 archiducem
1368 1813 1471 1854 adiit,
1505 1812 1564 1844 sed
1591 1812 1725 1853 coileyii
1750 1811 1846 1843 aedi-

83 1876 283 1918 ficationem
309 1875 340 1906 ei
365 1872 609 1906 commendare
634 1871 760 1903 oblitus
785 1874 842 1903 est.
895 1869 936 1902 Si
961 1869 1141 1901 archidux
1175 1868 1216 1900 de
1251 1867 1421 1900 cubiculis
1446 1865 1649 1898 scholaram
1677 1864 1846 1897 Francis-

84 1930 184 1962 oanis
218 1927 402 1960 tradendis
438 1936 540 1968 ayere
571 1924 666 1967 volet,
703 1924 811 1966 Socii,
849 1927 884 1955 ut
918 1922 986 1955 sibi
1013 1923 1225 1964 proximum
1255 1920 1393 1953 Canisii
1428 1919 1613 1952 adventum
1648 1921 1847 1959 eoespectare

83 1983 200 2024 liceat,
222 1984 347 2023 petent.

207 2047 255 2089 P.
288 2046 491 2087 Nicotaus
522 2044 715 2085 Lanoius
756 2044 798 2085 S.
823 2042 880 2096 J„
923 2046 1056 2083 rector
1097 2041 1256 2095 colteyii
1296 2038 1579 2093 oenipontani,
1623 2036 1849 2090 Oene'ponte

89 2115 157 2155 18.
183 2113 295 2153 Maii
327 2111 442 2151 1567
464 2109 523 2149 ad
555 2109 596 2152 S.
620 2109 898 2150 Franciscum
930 2107 1135 2161 Boryiam
1163 2105 1451 2160 praepositam
1482 2103 1717 2157 qeneralem
1749 2101 1849 2142 haec

88 2179 140 2219 de
175 2177 345 2219 Canisio
387 2189 412 2216 a
447 2175 486 2216 cl.
522 2175 588 2215 12.
624 2173 684 2213 ad
716 2174 783 2215 16.
808 2172 920 2213 Maii
955 2171 1182 2224 Oeniponte
1220 2173 1382 2210 morato
1425 2166 1479 2218 (o.
1503 2181 1636 2221 supra
1675 2180 1716 2220 p.
1742 2166 1847 2216 459)

87 2243 269 2284 rettulit:
300 2239 388 2281 Alli
424 2240 474 2280 12
509 2237 550 2279 di
582 2240 734 2290 questo
767 2249 907 2278 venne
939 2249 1024 2288 qua
1055 2235 1084 2276 il
1108 2235 1153 2277 P.
1179 2232 1448 2275 Prouinciale
1480 2245 1609 2272 senza
1642 2230 1718 2272 che
1751 2243 1849 2271 nes-

89 2320 196 2349 suno
241 2305 268 2346 l’
292 2305 538 2358 aspettasse
578 2316 656 2357 per
696 2302 872 2352 adesso,
915 2315 986 2342 ma
1026 2300 1267 2341 solamente
1309 2298 1396 2339 alla
1436 2295 1707 2338 rinouatione
1749 2293 1851 2336 delli

90 2371 181 2425 votj
215 2384 238 2412 o
272 2370 468 2411 almanco
501 2381 570 2409 mo
604 2368 713 2421 dopo
745 2366 788 2408 la
811 2366 1110 2408 Pentecostel.
1164 2363 1208 2406 Si
1231 2377 1257 2405 a
1279 2364 1452 2404 menato
1485 2374 1582 2403 seeo
1606 2360 1662 2402 M.
1681 2360 1850 2402 Joanne

93 2436 283 2488 Anglese
295 2435 324 2485 2,
359 2432 540 2475 essendo
573 2432 788 2486 superfluo
820 2431 936 2472 nella
959 2431 1106 2472 Classe
1140 2428 1181 2470 di
1213 2427 1400 2471 retorica
1432 2440 1512 2468 eon
1535 2425 1592 2467 M.
1615 2425 1806 2467 Roberto
1820 2425 1849 2466 3.

89 2501 134 2544 Jl
167 2501 293 2553 quale
326 2500 452 2551 legge
485 2497 637 2540 adesso
671 2496 761 2538 solo
795 2496 868 2538 alli
900 2495 994 2537 suoi
1025 2493 1231 2548 diseepoli
1262 2493 1302 2534 le
1335 2491 1515 2534 lettione
1548 2490 1587 2532 di
1612 2490 1683 2532 .M.
1707 2489 1850 2542 Anglo

90 2567 184 2608 eioe
217 2566 260 2606 la
292 2562 518 2605 dialectiea
551 2564 596 2604 et
627 2562 669 2603 la
700 2575 831 2615 greca
855 2595 862 2603 .
888 2563 932 2603 et
964 2559 1051 2602 cosi
1085 2560 1121 2601 si
1154 2559 1198 2600 fa
1229 2559 1285 2599 fin
1319 2557 1406 2599 alla
1428 2554 1718 2598 aemulatione
1750 2557 1794 2596 et
1827 2567 1851 2596 a

93 2630 215 2673 molti
255 2627 574 2681 inconuenientj
617 2627 694 2668 che
727 2640 804 2680 per
843 2626 886 2667 la
917 2639 996 2667 sua
1033 2623 1253 2679 presentia
1285 2634 1541 2670 naseeuano‚
1586 2619 1684 2673 ogni
1727 2619 1768 2660 di
1809 2619 1850 2660 in

93 2698 247 2749 questo
271 2693 475 2745 Collegio‚
509 2694 634 2735 tanto
666 2694 822 2745 pronto
854 2704 880 2733 a
902 2691 1094 2732 rieeuere
1126 2688 1239 2730 male
1271 2685 1557 2740 impressionj.
1610 2685 1654 2727 Jl
1677 2684 1722 2726 P.
1747 2684 1851 2725 Pro-

94 2759 277 2802 uineiale
311 2758 403 2799 dice
436 2757 513 2799 che
544 2756 709 2798 Mastro
732 2755 997 2797 Alessandro
1030 2767 1195 2796 saxone
1227 2754 1327 2794 sara
1359 2749 1552 2804 espedito
1584 2749 1709 2791 fuora
1741 2749 1855 2790 della

95 2823 360 2878 Compagnia
372 2823 401 2865 4.
427 2856 435 2864 .
462 2855 470 2863 .
496 2856 504 2863 .
539 2821 619 2863 Gia
641 2821 796 2863 mando
819 2820 945 2862 fuera
970 2820 1139 2861 Joanne
1161 2818 1397 2858 viennense
1430 2816 1540 2856 dello
1574 2814 1700 2867 quale
1733 2827 1853 2856 come

216 2906 243 2935 a)
265 2903 404 2935 Sequitur
423 2909 492 2935 que,
511 2902 716 2927 oblitteratum.
809 2900 838 2931 b)
860 2902 920 2926 Hoc
942 2908 964 2925 υ.
984 2908 1000 2924 α
1023 2900 1090 2924 Nat.
1112 2899 1142 2922 in
1164 2897 1295 2928 maraine
1316 2896 1448 2921 additum
1469 2898 1518 2920 est.
1613 2896 1638 2925 c)
1660 2896 1683 2919 A
1706 2895 1772 2919 Nat.
1793 2902 1854 2919 cor-

96 2950 205 2972 rectum
226 2954 261 2971 ez*
280 2945 375 2971 retor-

220 3030 230 3049 ¹
256 3026 455 3061 Renovatio
481 3025 569 3059 haee
595 3025 660 3059 sub
686 3025 879 3060 m.1ulium
898 3023 956 3057 vel
977 3025 1190 3066 Augustum,
1217 3033 1320 3055 sacra
1346 3021 1422 3054 dies
1442 3020 1673 3054 Pentecostes
1702 3018 1855 3053 18.Maii

98 3082 220 3116 futura
247 3083 334 3114 erat.

218 3134 231 3155 2
257 3134 424 3167 Ioannem
444 3131 550 3165 Wiek
577 3131 655 3165 sive
673 3130 820 3171 Vieum;
849 3142 883 3164 v.
901 3140 1011 3174 supra
1037 3140 1069 3172 p.
1090 3127 1157 3162 314
1183 3127 1262 3162 469.

221 3188 233 3206 ³
259 3186 415 3226 Girulio;
443 3197 476 3220 v.
496 3196 604 3229 supra
627 3196 659 3229 p.
678 3184 747 3218 260
772 3184 853 3218 433.
1000 3184 1010 3201 ⁴
1039 3181 1129 3214 Vide
1155 3191 1264 3225 supra
1291 3192 1322 3225 p.
1341 3180 1420 3214 460.
