2045 3471
82 196 183 231 1430.
211 195 376 231 Canisius
402 196 529 230 Iacobo
554 207 637 229 vom
663 194 792 229 Triest.
839 194 939 229 1431.
968 193 1133 229 Canisius
1154 192 1383 238 Praeceptori
1402 191 1641 235 Ilsungorum.
1707 192 1791 233 445

32 314 262 368 diligenter
306 317 608 363 asseruentur‚
658 317 705 356 ut
749 314 938 357 fortasse
983 312 1214 366 aliquando
1259 325 1335 353 suo
1380 313 1575 365 tempore
1618 310 1661 351 in
1707 309 1793 351 alia

32 379 219 421 editione
251 378 415 420 seruire
448 378 626 432 possint.
692 378 809 421 Sciat
840 378 920 420 hoc
953 379 998 421 P.
1024 377 1185 427 Surius,
1221 377 1286 418 cui
1319 390 1387 418 me
1420 375 1543 429 cupio
1577 387 1794 416 commen-

32 443 181 486 datum
214 456 309 485 esse
340 443 384 484 in
416 443 597 486 Christo.
662 443 862 496 Dilingae
897 445 950 485 29
983 442 1146 497 Aprilis
1181 442 1306 483 1567.

915 514 1074 556 Seruus
1106 513 1148 554 in
1183 512 1351 554 Christo
1387 512 1430 554 P.
1466 510 1673 553 Canisius.

152 585 404 626 Reuerendo
436 584 481 626 in
513 585 682 627 Christo
716 585 838 628 Patri
870 584 1094 627 Leonardo
1118 583 1271 625 Kessel
1294 582 1514 636 Theologo
1548 584 1591 623 et
1614 580 1791 634 Collegij

33 649 264 692 Societatis
296 649 486 692 Rectori.
550 649 782 692 Coloniam.

149 724 377 769 Inscriptioni
411 723 613 758 litterarum
647 735 755 758 manu
792 724 950 758 eiusdem
984 722 1155 768 temporis
1187 722 1382 766 ascriptum
1413 723 1487 754 est:
1528 720 1625 761 „Hae
1651 719 1794 753 litterae

31 776 262 811 remittantur
288 776 502 811 Coloniam.“
556 777 734 810 Videntur
768 777 878 820 igitur
913 789 933 810 a
959 776 1122 811 Kesselio
1149 776 1183 809 in
1211 775 1362 818 collegia
1388 773 1637 816 moguntinum
1664 773 1700 805 et
1725 775 1794 806 tre-

32 841 183 864 verense
217 830 276 864 vel
310 830 439 864 saltem
474 830 510 863 in
545 841 655 864 unum
691 842 811 864 eorum
847 830 978 864 missae
1014 841 1103 870 esse,
1139 831 1178 863 ut
1215 828 1307 862 Socii
1342 827 1394 861 illi
1432 825 1665 872 precationes,
1705 835 1794 868 quas

33 882 198 918 Canisius
223 883 379 928 petebat,
406 883 570 917 facerent
597 886 663 917 etc.

152 936 316 971 Canisius
351 936 407 971 his
441 936 574 970 litteris
609 948 652 970 ex
682 936 844 970 Kesselio
881 937 1032 980 quaerit,
1069 935 1152 980 quid
1194 934 1386 977 „Matthias
1417 932 1659 967 Coloniensis“
1698 934 1794 974 agat.

32 989 86 1023 De
110 989 178 1024 hoc
203 991 357 1033 Boryz'ccs
382 989 494 1024 Roma
522 990 577 1024 30.
603 990 761 1032 Augusti
791 989 880 1024 1566
907 989 1028 1023 Natali
1054 988 1209 1033 scripsit,
1235 987 1395 1021 Bononia
1421 987 1456 1020 in
1484 985 1713 1020 Germaniam
1739 995 1795 1018 su-

32 1043 207 1087 periorem
233 1043 478 1088 profecturum
497 1054 576 1077 esse
593 1042 810 1085 Magistrum
830 1042 1021 1076 Matthiam
1041 1041 1298 1079 Coloniemsem,
1329 1040 1374 1082 „il
1393 1039 1497 1083 quale
1516 1041 1534 1072 e
1552 1051 1599 1072 un
1625 1039 1795 1081 suggette

33 1096 143 1130 molto
169 1096 283 1130 buono
310 1099 345 1130 et
370 1097 542 1137 uirtuoso,
569 1107 626 1129 ma
652 1107 721 1129 non
747 1096 777 1130 si
803 1099 904 1129 troua
932 1107 1017 1129 sano
1044 1096 1078 1129 in
1106 1094 1230 1129 Italia“
1260 1093 1364 1138 (Epp.
1384 1093 1505 1126 Nadal
1531 1092 1580 1125 III
1607 1092 1704 1134 224).
1755 1091 1795 1124 In

32 1151 50 1169 *
62 1150 227 1193 Cataloyo
246 1152 366 1184 autem
384 1149 509 1184 domus
528 1151 752 1192 augustanae
771 1151 925 1183 exeunte
945 1160 975 1182 a.
994 1149 1082 1183 1566
1101 1148 1234 1192 scripto
1253 1147 1418 1186 refertur,
1443 1145 1653 1188 „Matthiam
1667 1144 1795 1178 Kessel

35 1202 300 1237 Coloniense1n“
331 1203 378 1237 24
403 1214 514 1237 annos
549 1204 672 1236 natum
708 1213 807 1242 esse;
844 1202 879 1235 in
906 1201 1122 1236 Societatem
1148 1201 1327 1235 admissus
1358 1201 1436 1233 erat
1461 1199 1594 1232 Romae
1620 1198 1675 1232 23.
1704 1197 1795 1231 Iunii

36 1255 144 1297 15653
185 1258 401 1301 ⁷,occupatus
436 1256 511 1289 fere
545 1267 686 1300 semper
712 1255 846 1289 Romae
882 1258 918 1289 et
943 1255 1082 1300 Perusij
1118 1255 1154 1288 in
1181 1254 1353 1288 Sacristia
1384 1255 1419 1286 et
1444 1252 1550 1286 rebus
1577 1251 1793 1285 domesticis.

33 1309 122 1352 Agit
145 1309 248 1343 modo
275 1309 512 1344 Janitorem..
542 1336 548 1342 .
580 1336 586 1342 .
640 1309 791 1343 Jnfirma
817 1308 1044 1342 valetudine“
1076 1307 1203 1350 („GSC
1231 1307 1295 1342 66“
1326 1307 1350 1340 f.
1378 1305 1492 1348 398b).
1542 1304 1716 1338 Matthias
1744 1303 1793 1347 (id

34 1362 128 1406 quod
155 1374 199 1396 ex
225 1364 369 1396 Natalis
393 1362 525 1396 litteris
545 1362 690 1396 Colonia
718 1363 748 1396 1.
769 1361 902 1406 Aprilis
932 1361 1020 1396 1567
1048 1361 1091 1394 ad
1111 1360 1279 1404 Borgiam
1306 1359 1399 1393 datis
1426 1357 1663 1401 intellegitur)
1692 1360 1795 1402 patre

34 1417 174 1449 mortuo
201 1415 384 1450 Coloniam
411 1417 564 1449 exeunte
590 1426 636 1449 m.
663 1414 794 1448 Martio
821 1416 1026 1455 advenerat,
1056 1416 1095 1448 ut
1122 1425 1201 1448 cum
1228 1424 1383 1447 noverca
1410 1412 1451 1445 de
1478 1411 1689 1456 patrimonio
1715 1422 1795 1445 con-

34 1469 219 1509 stitueret3
247 1471 355 1513 atque
381 1470 457 1513 ipse
484 1468 732 1509 hereditatem,
760 1480 852 1512 quae
870 1468 938 1503 400
965 1468 1040 1502 fere
1065 1467 1259 1501 talerorum
1288 1469 1374 1506 erat,
1401 1464 1597 1510 praepositi
1615 1464 1796 1507 generalis

34 1521 182 1555 arbitrio
208 1521 458 1566 permittebat;
485 1533 591 1566 quam
610 1524 649 1555 ut
667 1521 726 1555 ille
746 1521 896 1565 collegio
920 1520 1113 1555 coloniensi
1133 1520 1251 1564 inopia
1269 1519 1444 1553 laboranti
1462 1518 1675 1560 assignaret,
1703 1516 1796 1551 Socii

34 1574 257 1609 colonienses
282 1575 466 1609 instabant
495 1575 532 1616 (l.
560 1586 588 1609 c.
616 1574 667 1607 Hl
692 1574 791 1617 430).

36 1678 190 1716 1430.
266 1679 482 1714 CANISIUS
509 1678 767 1715 1AG⁰B0
788 1677 931 1714 VOM
956 1676 1211 1714 TRIEST
1237 1666 1370 1722 nep-oti,
1396 1677 1597 1711 litterarum
1623 1675 1795 1710 studioso.

1063 1731 1208 1775 Dilinga
1234 1731 1290 1765 29.
1311 1730 1454 1765 circiter
1480 1729 1616 1774 Aprilis
1645 1730 1746 1763 1567.

154 1786 209 1820 Ex
245 1786 479 1831 autographo,
515 1786 557 1820 de
594 1798 662 1830 quo
694 1786 787 1820 infra
822 1798 855 1820 n.
886 1786 986 1820 1432.

155 1852 246 1885 Eum
274 1857 398 1896 monet,
426 1857 462 1885 ut
483 1854 647 1895 pietatem
676 1852 766 1885 colat
792 1856 821 1884 et
850 1852 884 1884 in
913 1851 1074 1885 omnihus
1099 1851 1203 1884 rebus
1228 1851 1309 1883 bene
1334 1861 1368 1883 se
1391 1854 1502 1893 flerat.

160 1912 325 1945 Canisins
357 1912 504 1954 Diliazssa
540 1914 594 1944 29.
624 1912 764 1953 Aprilis
791 1913 883 1944 1567
918 1909 1141 1943 Wemlelmae
1175 1911 1305 1952 sorori,
1345 1909 1535 1951 Godefricli
1570 1918 1643 1940 vom
1685 1907 1798 1939 Triest

38 1965 192 1998 consulis
218 1967 416 2007 noriomayc'
444 1965 579 2008 viduae,
606 1965 657 1997 ‘ita
683 1965 827 2006 scripsit
852 1965 893 1997 (le
913 1964 1038 1997 Iacobo
1064 1965 1138 1997 eius
1162 1964 1246 2006 filio,
1274 1965 1336 2006 qui
1359 1963 1454 1995 brevi
1475 1962 1621 1995 Colonia
1640 1961 1802 1993 Parisios·

37 2018 237 2051 studiorum
273 2030 379 2051 causa
412 2019 641 2061 profecturus
676 2022 751 2050 ercet
788 2018 835 2057 (v.
863 2028 976 2060 supra
1008 2029 1042 2060 Ι).
1071 2017 1184 2057 4441·
1220 2017 1290 2059 „So
1328 2016 1395 2049 hab
1422 2015 1474 2048 ich
1503 2016 1578 2047 dem
1605 2013 1720 2046 Jakob
1743 2024 1797 2056 ye-

37 2071 226 2114 sclzrieben,
254 2083 292 2104 er
320 2072 408 2104 wille
432 2072 527 2113 from
552 2083 646 2114 seyn,
673 2071 742 2103 wid
766 2071 837 2103 sich
867 2069 1138 2112 allenthsalbeJJz
1168 2069 1262 2103 recht
1288 2066 1439 2102 halten.“

158 2134 193 2169 Si
213 2134 345 2169 Canisii
364 2135 409 2169 ad
424 2134 675 2168 KVendelinam
695 2134 836 2168 litteras
855 2145 934 2168 cum
953 2133 1111 2168 eiusdem
1131 2133 1286 2178 epistula
1304 2133 1427 2167 eodem
1451 2133 1506 2166 die
1533 2132 1576 2165 ad
1595 2130 1798 2165 Kesselium

40 2188 123 2222 data
150 2187 342 2222 contuleris
372 2188 496 2232 (supra
523 2199 555 2232 p.
575 2186 792 2230 443—445),
819 2186 1000 2221 Canisium
1020 2187 1140 2221 eodem
1161 2185 1220 2220 illo
1239 2186 1271 2220 d.
1290 2186 1346 2220 29.
1361 2185 1496 2230 Aprilis
1514 2184 1640 2218 Iacobo
1659 2194 1800 2227 quoque

40 2241 229 2286 scripsisse
255 2241 401 2275 dixeris.

42 2328 183 2382 1431.
294 2345 511 2381 CANISIUS
547 2343 1047 2381 PRAEOEPTORI
1082 2342 1529 2380 ILSUNGORUM
1570 2342 1800 2387 patriciorum

229 2404 511 2443 augustanorum
530 2398 679 2433 Parisiis
706 2399 837 2433 litteris
864 2392 1096 2433 studentium.
1160 2398 1306 2440 Dilinga
1333 2398 1398 2431 sub
1418 2397 1473 2431 29.
1492 2395 1629 2440 Aprilis
1651 2395 1752 2429 1567.

160 2464 214 2498 Ex
241 2463 474 2508 autographo,
501 2462 542 2496 de
570 2474 639 2506 quo
664 2463 758 2496 infra
784 2475 817 2497 n.
839 2463 940 2497 1432.

164 2530 389 2563 Commendat
414 2531 445 2562 ei
473 2533 635 2572 nepotem.

164 2589 332 2622 &misius
352 2589 498 2630 Βὶῖῐιιῃα
526 2590 581 2621 29.
603 2587 744 2629 Aprilis
764 2589 856 2620 1567
873 2588 1095 2620 W'emlelc'nae
1120 2598 1192 2620 vom
1226 2588 1338 2619 Triest
1365 2585 1484 2618 sorori
1509 2585 1549 2616 de
1576 2583 1700 2616 Iacobo
1726 2584 1802 2616 eius

42 2642 116 2683 filio
143 2642 304 2675 Parisios
337 2643 536 2675 studiorum
573 2651 680 2673 causa
710 2641 918 2683 profecturo
957 2642 1051 2681 (vide
1085 2652 1197 2683 ‚supra
1228 2652 1266 2683 J).
1288 2640 1375 2673 444)
1408 2639 1502 2680 haee,
1533 2641 1679 2680 praeter
1713 2636 1800 2679 alia,

42 2695 196 2728 rettulit:
222 2696 370 2728 Iacobus
388 2695 543 2727 Parisiis
567 2694 717 2726 inveniet
742 2693 835 2735 filios
861 2694 996 2726 domini
1013 2695 1155 2737 [lsungst'
1181 2693 1374 2736 (tuyccstani
1397 2702 1473 2723 cnm
1493 2701 1610 2723 eorum
1633 2699 1801 2732 praecep-

42 2753 128 2791 tore,
162 2750 238 2781 viro
267 2749 441 2791 prudenti
475 2752 504 2780 et
539 2748 586 2779 ad
621 2747 770 2779 consilia
796 2747 1008 2790 auxiliaque
1037 2748 1107 2790 ipsi
1126 2747 1330 2789 praebenda
1361 2746 1506 2784 &Ionem
1542 2742 1650 2786 „(1⁷[er
1677 2742 1800 2784 u·]ir(lt

43 2802 88 2841 im
114 2812 199 2843 qern
225 2812 307 2835 zum
329 2806 430 2844 ymen
459 2811 602 2843 vce-issem,
632 2801 692 2832 wie
719 2800 770 2832 ich
799 2801 868 2832 dan
896 2812 939 2833 zu
967 2799 1059 2843 [jm]
1083 2800 1150 2832 hab
1174 2797 1428 2842 yeschriebenss

162 2864 298 2908 Ilsungi
325 2877 343 2898 e
369 2863 599 2909 patriciorum
627 2865 909 2906 augustanorum
935 2875 1082 2898 numero
1109 2866 1222 2897 erant.
1274 2862 1422 2896 Parisiis
1456 2863 1576 2895 autem
1611 2863 1697 2894 tunc
1735 2859 1800 2894 for-

44 2919 142 2951 tasse
167 2918 399 2951 morabantur
425 2916 626 2950 Fridericus
653 2918 688 2949 et
714 2916 993 2957 Maximilianus,
1029 2916 1173 2959 Georgii
1202 2915 1324 2957 llsung
1351 2926 1371 2948 a
1398 2914 1605 2956 Tratzherg,
1641 2913 1800 2947 caesarei

46 2981 109 3015 per
135 2970 299 3004 Suebiam
325 2970 509 3015 praefecti,
536 2969 619 3003 filii:
649 2969 691 3002 de
719 2969 848 3013 quibus
874 2982 907 3004 v.
935 2981 1041 3014 supra
1070 2982 1101 3014 p.
1121 2970 1200 3003 285.

46 3076 235 3111 editionem
266 3078 317 3120 (et
335 3076 486 3111 Nicolini
506 3075 715 3119 Bollanique
742 3075 931 3109 editionem
959 3078 1125 3110 venetam
1153 3086 1182 3108 a.
1205 3074 1294 3108 1585
1320 3073 1470 3116 factam)
1492 3072 1657 3107 Coloniae
1675 3075 1798 3107 secuta

47 3131 101 3162 est
136 3129 207 3169 illa,
243 3141 348 3174 quam
375 3128 568 3164 Severinus
594 3127 730 3167 Binius,
756 3127 1050 3172 metropolitanae
1077 3127 1249 3161 ecclesiae
1275 3126 1465 3160 canonicus
1492 3127 1527 3159 et
1552 3125 1799 3159 universitatis

48 3181 236 3225 professor,
264 3194 294 3217 a.
317 3183 405 3217 1606
433 3182 586 3226 primum
614 3181 647 3214 in
675 3180 790 3214 lucem
818 3181 936 3215 emisit
965 3182 1112 3223 (Hefele,
1140 3178 1531 3222 Conciliengeschiclite
1558 3178 1588 3212 12
1615 3178 1688 3221 75).
