2045 3471
213 202 298 242 586
541 200 636 235 Μο11.
655 200 724 235 683
750 200 829 235 sive
854 212 936 245 aug.
959 202 994 245 (0
1014 203 1085 247 19).
1125 203 1222 237 Inter
1246 204 1279 237 4.
1299 205 1335 237 et
1360 203 1413 238 11.
1431 203 1518 238 Maii
1539 204 1640 239 1566.

211 318 502 372 Apostolicae,
538 332 686 361 omnes
696 325 722 369 ὃ,
757 322 940 374 excepto
963 335 1047 363 uno
1072 321 1269 376 Scipione
1292 322 1564 364 Lancellotto
1586 323 1763 366 fuerunt
1794 323 1836 365 in
1858 326 1975 374 uoto,

211 383 323 435 quod
355 382 598 425 huiusmodi
631 384 981 427 confirmationeb
1005 383 1065 440 [P]
1105 400 1190 428 non
1227 386 1598 441 praeiudicaretur
1629 387 1817 430 Concilio
1849 402 1977 442 prae-

211 447 325 490 dicto
367 448 508 500 quoad
550 448 778 501 dogmata,
822 450 963 503 quoad
1004 451 1202 505 primuni,
1246 451 1388 504 quoad
1430 453 1495 494 23¹¹
1537 451 1853 507 quantum⁰[?]
1897 453 1976 496 hoc

211 514 327 554 esset
359 512 546 563 dubium,
580 513 793 567 Legatum
824 529 910 556 non
942 516 1098 558 debere
1131 516 1380 569 protestari,
1421 530 1499 558 nec
1532 517 1765 561 discedere.
1829 518 1977 567 Quoad

211 578 276 618 3:¹¹¹
298 577 401 620 fiatd
423 578 682 631 protestatio
705 582 874 622 secreta
896 594 922 622 a
941 578 1002 634 [Ρ]
1016 585 1028 599 ⁶
1053 580 1142 622 diee
1161 579 1222 635 [P]
1246 580 1427 623 notitiae
1452 579 1550 636 [?]²‚
1575 596 1669 624 cum
1692 582 1811 625 facta
1832 583 1976 637 palam

209 644 358 695 posset
390 656 484 684 esse
517 657 650 685 causa
680 644 826 697 magni
860 645 1053 687 scandali
1086 648 1130 688 et
1159 645 1418 696 schismatis,
1453 649 1497 688 et
1518 647 1709 700 Legatus
1731 647 1976 702 prudentis-

209 706 316 749 sime
348 707 389 748 in
423 721 470 749 re
502 710 593 750 tam
627 708 768 760 dubia,
804 712 848 752 et
880 709 1122 764 periculosa
1154 725 1200 752 se
1233 710 1370 764 gessit
1403 713 1483 753 etc.

210 832 318 870 683
345 835 424 870 sive
451 844 574 880 aug.
603 835 655 881 (0
675 835 780 881 19).
855 836 959 872 Inter
985 836 1020 872 4.
1047 838 1085 873 et
1110 836 1150 873 11.
1169 836 1254 873 Maii
1280 836 1373 873 1566.

327 910 384 945 Ex
402 911 611 957 archetypo,
639 923 658 946 a
678 912 718 947 P.
737 912 872 947 Didaco
891 913 1051 947 Jimenez
1070 913 1104 948 S.
1120 914 1153 948 J.
1173 914 1306 959 scripto
1333 916 1369 948 et
1395 926 1415 948 a
1433 915 1472 949 P.
1492 915 1590 949 Hier.
1606 914 1735 949 Natale
1762 916 1977 960 subscripto.

210 963 293 998 Cod.
325 964 427 1006 „EN“
457 977 491 998 n.
521 965 587 999 125
617 965 656 1008 (f.
685 966 885 1010 91b—922).
936 966 1102 1011 Epistula
1136 967 1290 1012 primum
1324 979 1369 1001 ex
1396 967 1594 1013 archetypo
1621 969 1717 1002 edita
1744 971 1799 1003 est
1825 970 1861 1003 in
1888 969 1975 1014 Epp.

209 1017 822 1106 ἕαῇαἰΠΙΙΠ11125-Π1221ἐ-ξ1ξᾶο111
856 1019 999 1064 copiose
1034 1031 1121 1054 usus
1157 1022 1211 1054 est
1239 1021 1446 1064 Sacchinus,
1483 1021 1568 1055 Can.
1596 1021 1784 1056 234—235
1821 1024 1856 1056 et
1882 1021 1977 1056 Hist.

330 1143 608 1176 Maximilianns
634 1144 685 1177 ΙΙ.
712 1144 900 1187 existimat,
927 1144 1101 1186 Natalem,
1132 1145 1329 1188 Canisinm,
1354 1145 1560 1177 Ledesmam
1583 1145 1837 1179 Commendono
1865 1146 1977 1188 Zeyato

209 1196 400 1239 apostolico
425 1196 587 1238 suasisse,
614 1201 653 1229 nt
678 1197 847 1229 adversus
875 1207 1015 1240 „pacem
1032 1195 1239 1240 reliyionis“
1260 1201 1499 1240 (iufflcstanam
1518 1196 1845 1241 „protestationeffl
1867 1200 1978 1231 inter-

207 1253 362 1292 poneret.
414 1249 511 1282 Bitia
545 1260 625 1282 cero
661 1250 807 1282 nuntius
841 1251 1052 1292 apostolicus
1088 1252 1298 1292 imperatori
1333 1251 1566 1293 demonstrat,
1603 1261 1659 1284 eos
1689 1252 1977 1294 protestationem

211 1303 430 1335 dissecasisse.

330 1380 379 1422 P.
404 1380 691 1434 Hieronymus
712 1380 883 1421 Natalis
905 1381 1098 1434 Aaqnsta
1123 1383 1191 1422 11.
1216 1381 1329 1422 Maii
1351 1383 1466 1422 1566
1487 1382 1665 1422 Romam
1696 1382 1753 1422 ad
1775 1383 1817 1424 S.
1838 1382 1977 1424 Fran-

211 1445 365 1485 ciscmn
387 1444 589 1499 Borqiam
619 1446 908 1499 praepositum
937 1447 1173 1500 {senei-alem
1207 1446 1250 1488 S.
1273 1446 1317 1487 J.
1351 1446 1451 1487 haec
1484 1447 1641 1487 rettulit
1675 1461 1723 1487 ex
1754 1447 1980 1488 Melclziore

211 1509 328 1550 Bitia
372 1511 591 1564 apostolico
634 1511 751 1564 apud
790 1510 1139 1552 Maxinzilianwn
1181 1511 1239 1551 II.
1284 1512 1579 1565 imperatorem
1620 1512 1768 1553 nientio
1811 1517 1978 1567 accepta

213 1574 282 1625 (cx
304 1575 454 1629 quibus
480 1576 699 1629 intelleqitn
709 1590 741 1624 r,
763 1576 1114 1617 sslaxiznitianum
1137 1577 1369 1629 nescivisse,
1396 1577 1499 1631 quid
1518 1577 1569 1617 de
1589 1591 1715 1631 „pace
1734 1576 1973 1632 religyionis“

213 1639 299 1680 PP.
323 1639 507 1692 Natalis,
544 1639 755 1692 Canisius,
789 1640 995 1681 Ledesma
1029 1642 1180 1682 litteris
1203 1641 1489 1682 communibus
1522 1642 1738 1682 cardinali
1763 1642 1978 1683 Commen-

213 1705 320 1745 dono
361 1706 492 1759 Zeyato
534 1706 753 1759 apostolico
795 1706 970 1747 traditis
1012 1706 1072 1759 [v.
1115 1720 1249 1760 supra
1287 1720 1330 1760 J).
1369 1704 1632 1758 230—255]
1677 1711 1713 1748 ct
1752 1721 1828 1761 per
1868 1707 1979 1749 hunc

213 1770 271 1810 ad
303 1770 505 1824 Borqiani
548 1774 584 1810 et
616 1770 739 1811 Pium
775 1771 819 1812 V.
856 1772 995 1812 missis
1037 1772 1363 1825 respondissent,
1408 1776 1529 1825 atque
1565 1772 1699 1812 eidem
1730 1773 1978 1826 imperatori

211 1835 432 1875 sinistram
466 1835 517 1875 de
549 1835 682 1876 Sociis
714 1837 949 1890 opinionem
981 1835 1128 1888 faisse,
1169 1850 1218 1876 ac
1248 1837 1285 1876 si
1320 1837 1400 1890 ipsi
1428 1850 1573 1890 pacem
1608 1838 1722 1877 illam
1755 1851 1846 1877 cuni
1881 1837 1976 1891 doy-

212 1901 336 1940 matis
383 1900 626 1940 tridentinis
672 1914 868 1954 pnynare
924 1906 957 1941 et
1008 1902 1138 1955 Zeyato
1195 1901 1400 1942 adversas
1450 1902 1570 1956 pacis
1622 1902 1974 1954 confirmationem

217 1963 602 2019 „protestationenffl
632 1966 979 2019 interponendam
1013 1980 1099 2007 esse
1133 1966 1424 2019 affirmarent)
1437 1981 1449 2006 .·
1480 1965 1709 2007 Hablando
1732 1965 1785 2006 El
1807 1965 1976 2008 Nuncio

212 2029 253 2071 al
276 2029 545 2083 Emperador
567 2029 634 2070 del
657 2029 836 2083 negocio
871 2044 952 2082 que
984 2044 1030 2071 se
1062 2033 1181 2072 trata
1214 2031 1339 2071 sobre
1372 2044 1453 2082 que
1486 2030 1746 2072 escreuimos
1776 2030 1902 2072 todos
1934 2031 1977 2073 la

211 2107 389 2136 seinana
420 2094 620 2147 passada,
653 2109 681 2147 y
714 2094 906 2136 diziendo
941 2096 998 2137 Su
1031 2095 1259 2148 Magestad
1293 2097 1410 2136 estos
1442 2095 1634 2137 Jesuitas
1666 2109 1743 2136 son
1775 2095 1976 2137 hombres

210 2159 262 2200 de
289 2159 399 2208 bien,
434 2173 527 2201 mas
560 2174 613 2201 no
647 2159 877 2201 entienden
910 2160 974 2201 los
1008 2160 1209 2213 negocios
1243 2160 1295 2202 de
1317 2160 1545 2201 Alemania
1577 2159 1689 2210 (esto
1723 2160 1842 2201 dezia
1874 2174 1974 2214 pen-

209 2224 344 2265 sando
378 2238 459 2277 que
491 2227 690 2266 nosotros
723 2224 975 2266 liiziesemcs
1009 2239 1110 2266 cosa
1142 2239 1224 2278 que
1257 2239 1283 2267 a
1315 2239 1363 2266 su
1396 2225 1629 2278 Magestad
1659 2239 1713 2266 no
1747 2225 1974 2278 agradase,

209 2288 495 2342 aconsejando
530 2287 644 2341 etc).
700 2289 752 2330 El
775 2289 943 2330 Nuncio
976 2290 1016 2331 10
1049 2303 1247 2342 aseguro,
1283 2289 1519 2331 diziendole
1552 2303 1633 2342 que
1665 2304 1714 2330 su
1745 2290 1975 2342 Magestad

209 2353 323 2395 seria
354 2368 457 2407 muy
489 2356 706 2404 contento,
751 2354 786 2394 si
828 2354 999 2407 supiese
1041 2355 1080 2395 el
1121 2354 1262 2396 officio
1301 2368 1383 2407 que
1415 2353 1609 2396 auiamos
1642 2354 1790 2404 heclio,
1831 2369 1860 2408 y
1893 2368 1975 2407 que

210 2419 249 2459 el
281 2418 528 2460 testificaua
560 2422 654 2460 esto
688 2419 739 2459 de
772 2418 887 2460 vista
928 2433 956 2472 y
990 2419 1116 2472 oyda,
1161 2433 1242 2472 que
1275 2418 1373 2460 auia
1405 2419 1556 2461 estado
1588 2421 1791 2472 presente
1824 2432 1877 2460 en
1910 2419 1974 2460 las

210 2483 568 2536 congregationes
611 2497 692 2536 que
733 2497 780 2524 se
821 2483 948 2525 auian
989 2484 1135 2526 tenido
1175 2484 1300 2525 sobre
1333 2484 1371 2525 el
1405 2483 1528 2525 dicho
1561 2484 1762 2536 negocio:
1805 2497 1887 2535 que
1918 2497 1973 2525 no

210 2561 256 2588 es
299 2549 392 2589 otro
435 2549 527 2589 sino
570 2548 610 2589 lo
644 2561 725 2601 que
757 2551 956 2590 nosotros
994 2548 1202 2590 hauemos
1235 2548 1391 2590 escrito
1424 2561 1450 2589 a
1482 2548 1534 2590 V.
1568 2548 1614 2589 P.
1648 2562 1676 2600 y
1706 2548 1888 2589 firmado
1922 2548 1973 2589 de

210 2615 410 2654 nuestros
442 2614 664 2662 nombres3
699 2613 825 2667 quiea
856 2627 1050 2666 pensaua
1071 2628 1120 2654 su
1143 2613 1387 2665 Magestad,
1422 2626 1504 2665 que
1536 2615 1735 2654 nosotros
1758 2612 1973 2654 deziamos

211 2677 251 2717 10
285 2677 523 2727 contrario;
558 2692 652 2719 mas
685 2677 856 2730 aquello
890 2677 1073 2719 diximos
1106 2678 1232 2719 sobre
1265 2679 1465 2719 nuestras
1488 2677 1774 2718 conscientias
1806 2677 1871 2718 sin
1904 2690 1972 2718 re-

212 2743 360 2793 specto
393 2742 550 2794 alguno
583 2742 784 2785 humano.

334 2826 531 2862 Sacchinus
557 2827 645 2862 haec
671 2839 741 2862 non
768 2828 812 2862 ad
838 2829 989 2862 verbum
1025 2829 1188 2872 quidem,
1224 2829 1314 2862 satis
1350 2831 1470 2861 tamen
1506 2829 1673 2861 accurate
1700 2839 1745 2861 ex
1770 2827 1847 2872 ipso
1874 2827 1972 2862 fonte

213 2879 414 2922 exscripsit.
458 2881 622 2924 Dorsyny
649 2893 733 2914 vero
759 2881 795 2914 in
821 2881 937 2915 locum
959 2881 1071 2915 Biliae
1097 2881 1211 2915 nuntii
1239 2880 1354 2925 ipsum
1376 2880 1677 2915 Commendonum
1704 2880 1862 2923 legatum
1890 2880 1971 2914 sub—

213 2929 331 2963 stituit
360 2931 398 2973 (1.
426 2943 455 2966 0.
483 2933 587 2976 276);
626 2945 667 2967 ac
693 2934 914 2977 Dorignium,
950 2934 1074 2968 relicto
1102 2933 1285 2974 Saccffino,
1322 2934 1437 2967 secuti
1473 2936 1558 2967 sunt
1583 2933 1720 2976 Python
1753 2932 1789 2975 (l.
1817 2945 1846 2967 c.
1873 2933 1970 2976 236),

215 2983 314 3015 Riess
342 2983 379 3024 (l.
408 2995 435 3017 0.
464 2985 561 3027 357),
588 2987 702 3019 Boero
730 2986 831 3029 (Can.
860 2987 957 3022 304).

333 3064 359 3095 a)
387 3065 485 3090 omnis
511 3075 556 3097 ap.
631 3066 659 3093 b)
686 3069 734 3092 Vel
762 3070 801 3093 ita
831 3069 872 3093 rel
899 3067 979 3101 quod
999 3075 1054 3101 per
1074 3067 1248 3093 huiusmodi
1268 3066 1529 3093 confirmationem
1548 3066 1750 3097 corriyendum
1771 3070 1812 3091 est
1833 3075 1868 3091 ea·
1889 3066 1969 3099 quod

216 3103 387 3129 huiusmodi
408 3106 679 3137 confirmationem,
708 3117 780 3140 qnae
805 3113 873 3133 sunt
901 3110 930 3133 in
957 3118 1003 3140 ap.
1095 3109 1121 3139 0)
1152 3109 1197 3133 Ita
1225 3116 1291 3139 ap.;
1320 3108 1560 3139 corricendumne
1586 3105 1707 3138 quando
1740 3108 1780 3131 vel
1808 3107 1973 3140 quamdiu?

218 3143 247 3174 d)
266 3146 314 3169 Vel
335 3145 374 3169 ita
396 3147 437 3169 vel
459 3146 538 3178 quod
559 3147 612 3172 fiat
634 3149 674 3172 vel
694 3149 728 3173 ut
749 3149 802 3174 fiat
822 3158 858 3174 eat
877 3149 936 3174 fuit
957 3150 1043 3181 (qnod
1063 3153 1104 3175 est
1125 3150 1153 3174 in
1175 3150 1235 3180 ap.)
1255 3149 1458 3180 corriyendum
1477 3155 1547 3178 esse,
1570 3150 1596 3172 et
1615 3155 1663 3171 res
1682 3148 1764 3178 ipsae
1785 3151 1810 3173 et
1830 3155 1970 3179 responsa

217 3192 308 3215 supra
325 3193 355 3215 2²·
371 3187 510 3210 239—240
526 3188 622 3217 posita
644 3190 793 3215 ostendere
813 3191 958 3215 videntur.
1019 3190 1046 3221 e)
1068 3191 1115 3215 Sic
1134 3198 1200 3221 ap.;
1220 3189 1338 3215 secreta
1352 3195 1452 3214 coram
1467 3187 1609 3213 notario?
1628 3189 1671 3218 Cf.
1685 3196 1777 3219 supra
1792 3197 1823 3220 p.
1838 3190 1889 3213 935
1909 3190 1969 3213 239.
