2045 3471
211 206 295 247 564
468 203 562 238 Mon.
582 203 650 238 659
676 203 754 237 sive
780 214 862 246 aug.
883 203 920 247 (b
942 204 1013 245 16).
1053 203 1083 237 A
1110 203 1141 237 d.
1161 203 1217 238 27.
1237 202 1337 237 Febr.
1357 203 1401 237 ad
1424 203 1480 236 22.
1499 202 1584 237 Maii
1606 202 1708 238 1566.

208 321 364 365 aliquam
399 321 545 355 breuem
582 321 854 355 instructionem
891 323 928 355 et
961 320 1058 355 illam
1094 320 1286 355 fundemus
1321 320 1356 354 in
1382 320 1504 355 verbis
1530 320 1678 355 Jacobia
1707 320 1820 355 nostri
1846 320 1972 365 Apost.

209 373 254 408 Si
280 374 388 418 quis
414 375 629 408 uestrum
657 373 846 417 indiget
872 373 1118 418 sapientia
1145 376 1213 408 etc.
1248 373 1467 418 postulet
1503 385 1523 408 a
1550 374 1630 407 deo
1656 374 1700 407 in
1726 373 1825 408 fide
1850 373 1974 408 nihil

207 427 462 461 haesitans
478 427 497 460 ¹.
542 426 642 461 Sicut
667 427 806 461 scilicet
829 427 1018 461 Cananaea
1043 426 1136 460 haud
1165 426 1270 460 dubie
1296 427 1504 471 postulauit.
1548 426 1672 461 Dicam
1698 438 1782 470 ergo
1808 426 1972 471 primum,

207 492 275 525 quo
294 479 396 514 modo
413 479 470 513 his
489 479 608 514 verbis
626 480 799 514 notandib
820 480 864 522 [22]
892 481 965 514 sint
990 479 1243 524 quadruplices
1261 490 1409 521 errores,
1435 479 1466 513 si
1485 479 1574 513 bene
1601 481 1635 513 et
1654 479 1790 514 Vtiliter
1808 479 1974 514 volumus

206 544 319 567 orare.
369 533 401 574 2,
428 544 519 577 quae
545 533 663 567 media
689 534 883 567 orationem
911 534 1144 577 promoueant
1179 535 1215 566 et
1240 532 1423 566 efficacem
1449 532 1586 566 faciant
1611 535 1652 566 vt
1677 544 1756 566 cum
1784 532 1974 567 Cananaea

206 586 470 620 exaudiamur.“
529 585 701 628 ,Multum
739 586 839 620 iuuat
872 586 1003 620 habere
1030 587 1147 619 certas
1173 588 1209 619 et
1235 585 1405 630 probatas
1430 596 1555 629 preces
1587 587 1623 619 et
1648 585 1683 618 in
1711 585 1839 629 quibus
1865 596 1973 619 uerus

205 642 259 674 est
286 639 467 684 spiritus.“
525 639 613 681 „Tot
646 639 830 684 phanatici
851 667 856 672 .
880 666 885 673 .
907 666 914 672 .
933 641 1061 683 putant
1096 650 1134 672 se
1159 638 1291 672 habere
1317 637 1555 672 reuelationes
1581 638 1754 683 proprias,
1789 638 1971 683 proprium

204 692 427 727 intellectum
454 694 490 726 et
514 692 685 727 maiorem
711 692 925 737 sapientiam
953 691 1054 737 alijs“
1088 691 1126 733 (l.
1154 703 1183 726 0.
1210 692 1233 725 f.
1264 692 1510 735 Ula—175²).

327 745 399 788 „De
434 757 563 780 corona
597 746 713 780 uitae“
756 745 842 788 (lac.
870 745 909 786 1,
939 745 1012 788 12).
1068 744 1190 787 ,Nunc
1226 745 1467 789 inquiremus,
1504 756 1595 788 quae
1631 756 1760 778 corona
1795 744 1890 778 uitae
1926 743 1974 777 sit

205 799 382 844 promissa
407 811 492 833 uere
517 799 739 844 patientibus
774 800 813 832 ut
839 798 913 833 sint
947 798 982 831 in
1009 798 1085 832 celo
1112 809 1195 832 uere
1222 798 1317 832 beati
1345 798 1376 831 2.
1405 798 1448 831 ad
1484 809 1574 841 quos
1600 797 1778 842 patientes
1804 797 1870 831 hec
1895 808 1972 841 per-

203 853 317 886 tineat
352 863 491 894 corona,
527 854 567 886 ut
601 851 698 885 illam
735 853 926 896 expectare
963 853 998 885 et
1023 851 1186 896 accipere
1212 851 1393 896 possint“;
1429 851 1487 885 ubi
1518 851 1581 893 „de
1608 850 1740 895 duplici
1774 850 1967 895 martyrio“

208 905 441 950 („corp0rali“
482 907 517 938 et
557 904 775 949 „spirituali“
815 904 908 948 agit)
946 904 1041 947 (1.0.
1068 904 1092 938 f.
1120 904 1319 948 222—25a).
1372 903 1454 938 Sine
1490 904 1556 938 die.
1608 903 1734 938 Contio
1769 903 1803 937 in
1838 902 1972 947 templo

205 958 237 993 S.
257 958 399 993 Ioannis
425 957 548 992 habita
575 960 631 991 est
656 958 756 998 feria,
783 959 824 991 ut
848 957 1001 998 videtur,
1028 957 1072 992 ΙΙ.
1099 959 1181 1002 post
1207 957 1306 991 Dom.
1335 957 1377 991 H.
1397 956 1528 998 Quadr.
1556 957 1633 991 sive
1655 957 1708 992 11.
1726 956 1847 990 Martii
1869 956 1971 991 1566.

320 1012 359 1045 In
387 1011 445 1045 Iac
475 1012 503 1051 l,
533 1011 680 1045 13—15.
732 1011 783 1044 De
809 1010 1007 1044 tentatione
1038 1011 1252 1052 „interiori“.
1310 1010 1361 1044 De
1395 1011 1472 1044 eius
1504 1010 1633 1044 causis.
1678 1010 1809 1044 Contra
1839 1009 1972 1051 „Mani-

204 1064 367 1102 chaeos“.
399 1064 659 1106 „Suermeros“,
692 1063 934 1105 „Wiclefitas“
964 1066 1032 1097 etc.
1079 1063 1192 1097 Deum
1220 1064 1357 1108 peccati
1384 1065 1566 1097 auctorem
1593 1075 1671 1097 esse
1698 1063 1869 1096 dicentes.
1919 1061 1972 1095 De

203 1117 362 1162 peccatis
398 1118 432 1150 in
468 1117 595 1160 gravia
631 1119 667 1150 et
692 1116 788 1150 levia
814 1116 1078 1159 distinguendis
1106 1116 1145 1159 (l.
1173 1128 1201 1150 c.
1228 1117 1253 1150 f.
1280 1116 1483 1159 2511—292).
1535 1116 1617 1150 Sine
1644 1116 1710 1150 die.
1763 1115 1969 1150 Contionem

203 1172 238 1204 in
273 1170 406 1215 templo
442 1169 474 1204 S.
504 1169 646 1204 Ioannis
684 1169 843 1203 habitam
883 1181 962 1203 esse
1002 1169 1153 1203 dixerim
1192 1169 1283 1203 feria
1310 1170 1371 1204 IV.
1406 1172 1487 1214 post
1519 1169 1618 1203 Dom.
1654 1169 1698 1203 II.
1727 1168 1857 1211 Quadr.
1892 1168 1970 1202 sive

206 1224 257 1258 13.
278 1223 399 1257 Martii
428 1223 529 1257 1566.
580 1222 746 1257 Canisius
772 1225 809 1256 et
833 1222 926 1256 hanc
953 1223 1152 1257 contionem
1180 1225 1216 1256 et
1241 1222 1416 1257 contionis
1441 1223 1626 1266 sequentis
1652 1224 1790 1267 partem
1816 1222 1970 1266 priorem

204 1277 355 1311 dictavit
378 1276 417 1310 P.
436 1276 572 1310 Didaco
591 1276 750 1310 Jimenez
774 1276 809 1310 S.
829 1276 872 1317 J„
901 1287 979 1310 cum
1008 1276 1046 1310 P.
1067 1276 1196 1310 Natale
1223 1277 1423 1319 Augustam
1451 1276 1622 1316 advecto;
1650 1288 1683 1310 v,
1710 1287 1819 1320 supra
1837 1287 1869 1320 p.
1892 1275 1970 1310 187.

325 1329 566 1372 „Prosecutid
630 1328 1042 1373 Concupiscentia
1082 1340 1179 1362 cum
1219 1329 1561 1373 concepe1·it‘'‘²,
1604 1329 1768 1362 Diximus
1810 1328 1970 1373 proxime

203 1383 334 1428 duplex
371 1393 485 1426 genus
521 1393 599 1416 esse
634 1382 912 1416 tentationum..
933 1409 968 1415 ..
1019 1381 1068 1415 Vt
1107 1393 1299 1426 pergamus
1335 1384 1454 1416 autem
1490 1382 1533 1415 de
1568 1381 1734 1416 interiore
1771 1381 1970 1415 tentatione

200 1438 358 1471 tractare
394 1436 486 1480 quod
523 1435 731 1480 incepimus,
767 1435 926 1470 breuiter
960 1437 1164 1480 repetemus
1199 1436 1476 1469 declarationem
1513 1435 1580 1470 loci
1612 1435 1811 1479 praesentis
1837 1435 1872 1468 in
1899 1433 1970 1479 epi-

201 1490 294 1524 stola
321 1490 341 1524 2
368 1489 597 1524 ostendemus
632 1488 806 1532 quomodo
842 1489 937 1522 circa
972 1488 1191 1522 tentationes
1226 1489 1306 1532 quis
1332 1488 1463 1522 habere
1490 1500 1528 1522 se
1555 1488 1707 1522 debeat<1
1733 1489 1753 1522 3
1780 1498 1970 1532 pergemus

201 1543 237 1576 in
263 1545 367 1576 textu
402 1544 574 1586 quantum
610 1544 753 1586 tempus
780 1542 981 1576 concedet.“
997 1548 1009 1562 θ
1063 1540 1264 1583 „Quomodo
1299 1544 1418 1586 potest
1443 1541 1547 1575 homo
1584 1543 1620 1575 et
1645 1541 1751 1575 debet
1775 1553 1813 1575 se
1839 1541 1970 1575 habere

203 1596 360 1640 quotidie
387 1597 482 1630 circa
507 1595 724 1629 tentationes
749 1596 864 1629 suas?
881 1622 887 1628 .
906 1623 934 1628 ..
970 1596 992 1628 4
1018 1595 1075 1628 hic
1102 1605 1190 1639 opus
1217 1597 1271 1628 est
1297 1607 1365 1628 non
1392 1594 1460 1629 sibi
1487 1597 1523 1629 et
1548 1606 1612 1629 suo
1636 1595 1766 1629 iudicio
1793 1594 1970 1628 confidere

199 1649 261 1683 sed
289 1649 412 1683 audire
439 1651 475 1683 et
500 1648 600 1692 sequi
629 1648 815 1682 consilium
853 1647 1028 1692 sapientis
1064 1650 1101 1682 et
1126 1648 1314 1681 exercitati
1342 1649 1377 1681 in
1403 1648 1463 1681 via
1489 1647 1668 1693 spirituali
1694 1647 1906 1692 praesertim
1932 1647 1967 1681 in

200 1701 317 1746 dubijs
354 1701 619 1736 conscientiae.
640 1703 675 1734 et
709 1701 922 1745 simpliciter
957 1700 1098 1735 obedire
1134 1701 1267 1734 uicario
1303 1700 1359 1734 dei
1398 1703 1434 1734 et
1468 1701 1602 1745 pastori
1638 1703 1699 1734 tuo
1734 1701 1793 1734 uel
1831 1700 1967 1734 medico

199 1755 389 1800 spirituali.
444 1754 539 1788 Haec
565 1754 624 1788 uia
650 1754 782 1788 multos
809 1753 988 1798 scrupulis
1024 1755 1059 1787 et
1093 1753 1262 1798 periculis
1288 1753 1400 1798 varijs
1425 1754 1664 1787 tentationum
1691 1753 1839 1788 liberat“
1872 1753 1909 1797 (l.
1937 1765 1967 1788 c.

203 1808 226 1842 f.
255 1808 458 1851 29b-31b).

321 1861 526 1903 „Dominica
553 1860 676 1894 Oculi“
709 1860 769 1904 (z
794 1860 893 1893 Dom.
923 1860 982 1894 Ill.
1011 1858 1189 1902 Quadrag.
1217 1860 1295 1894 sive
1326 1860 1376 1894 17.
1405 1860 1528 1894 Martii
1557 1860 1676 1903 1566).
1728 1860 1964 1903 Evangelium

200 1914 268 1948 diei
304 1914 462 1948 breviter
498 1913 672 1958 explicat:
710 1913 836 1947 deinde
867 1913 929 1954 „de
955 1913 1114 1957 peccatis
1140 1913 1176 1947 in
1207 1913 1372 1958 spiritum
1399 1914 1584 1947 sanctum⁴‘
1615 1913 1842 1947 contionatur
1871 1913 1909 1956 (l.
1936 1925 1965 1948 c.

200 1968 223 2001 f.
255 1967 503 2009 175b—178b).
555 1966 679 2001 Contio
706 1966 741 1999 in
769 1966 921 2000 ecclesia
947 1965 1145 2000 cathedrali
1171 1965 1305 2000 habita.

321 2019 408 2063 „Qui
443 2019 581 2064 priores
617 2020 800 2053 contiones
835 2019 1025 2059 audierint,
1061 2019 1175 2052 scient
1209 2019 1414 2053 meminisse
1450 2019 1564 2053 multa
1597 2030 1662 2053 nos
1696 2020 1895 2053 tractasses
1924 2020 1966 2053 de

200 2073 494 2107 tentationibus..
513 2101 542 2106 ..
584 2072 687 2106 Nunc
713 2072 982 2117 progrediemur
1008 2072 1052 2105 ad
1071 2074 1211 2105 textum
1238 2072 1394 2106 audituri
1420 2072 1580 2112 laetiora,
1608 2072 1650 2106 de
1677 2072 1741 2106 deo
1767 2072 1906 2106 scilicet
1931 2075 1967 2107 et

202 2127 278 2160 eius
303 2127 463 2161 bonitate
490 2127 608 2159 Causa
644 2125 815 2159 bonorum
851 2126 1006 2159 omnium
1043 2127 1079 2158 et
1105 2125 1147 2159 de
1175 2125 1334 2159 eiusdem
1362 2125 1579 2170 proprietate
1606 2136 1677 2169 qua
1702 2127 1844 2159 excedit
1869 2137 1965 2160 crea-

198 2181 299 2214 turas
338 2182 373 2213 et
408 2191 446 2213 se
481 2179 670 2213 fidelibusg
704 2190 790 2212 uere
825 2181 965 2223 patrem
998 2178 1165 2212 ostendit.
1216 2178 1356 2212 Omne
1396 2179 1552 2212 datum
1592 2179 1865 2223 optimum“³
1896 2182 1964 2214 etc.

205 2233 242 2275 (l.
270 2245 298 2267 c.
326 2233 343 2266 f
379 2232 577 2275 322—348).
630 2231 712 2266 Sine
748 2232 815 2266 die.
867 2231 993 2265 Contio
1020 2232 1055 2265 in
1081 2232 1215 2276 templo
1243 2232 1276 2266 S.
1296 2232 1438 2266 Ioannis
1464 2232 1587 2266 habita
1614 2232 1714 2272 feria,
1746 2234 1787 2265 ut
1811 2232 1964 2271 videtur,

200 2286 242 2320 ΙΙ.
270 2288 351 2331 post
376 2286 477 2319 Dom.
504 2285 565 2319 ΙΙΙ.
586 2284 716 2326 Quadr.
743 2285 821 2318 sive
850 2284 903 2318 18.
923 2284 1044 2318 Martii
1073 2285 1174 2319 1566.

323 2338 394 2381 „De
421 2338 620 2381 Euangelio
647 2338 798 2372 Matth.:
839 2338 879 2371 15
906 2337 958 2370 De
992 2337 1245 2372 traditionibus
1281 2340 1317 2371 et
1343 2338 1431 2372 cibis
1456 2338 1648 2372 immundis
1660 2339 1704 2372 ¹¹.“
1763 2338 1855 2380 „Obi
1881 2338 1963 2372 sim-

199 2391 310 2436 plices
346 2392 471 2436 paucis
506 2391 691 2425 ostendam
728 2391 811 2435 quid
848 2402 967 2424 errare
1001 2391 1134 2425 multos
1169 2390 1280 2425 faciat
1315 2391 1410 2425 circa
1445 2391 1511 2425 hoc
1538 2391 1774 2434 Euangelium
1810 2394 1846 2425 et
1871 2391 1964 2435 quod

201 2444 374 2478 Catholici
411 2456 536 2478 curare
568 2456 636 2478 non
664 2445 818 2478 debeant
843 2443 1060 2478 obiectiones
1086 2444 1393 2478 aduersariorum“
1425 2444 1464 2487 (l.
1491 2456 1522 2478 c.
1548 2445 1572 2478 f.
1599 2444 1798 2487 34b—35a).
1850 2443 1964 2488 Signi-

199 2498 328 2531 ficatur
362 2501 481 2532 autem
519 2497 747 2540 evangelium
775 2498 829 2530 Mt
858 2497 910 2537 15,
940 2497 1063 2538 1—20,
1100 2497 1193 2541 quod
1228 2498 1264 2531 in
1298 2497 1445 2540 liturgia
1480 2499 1682 2541 augustana
1718 2498 1774 2541 (ut
1803 2509 1897 2531 nunc
1927 2498 1962 2531 in

200 2550 346 2594 liturgia
373 2550 534 2594 romana)
562 2551 652 2584 feria
678 2550 739 2584 IV.
767 2552 847 2595 post
872 2549 972 2584 Dom.
1001 2550 1062 2584 III.
1090 2549 1220 2591 Quadr.
1249 2550 1306 2593 (eo
1333 2562 1424 2584 anno
1451 2551 1505 2585 20.
1531 2550 1665 2593 Martii)
1693 2550 1914 2594 legebatur4.

323 2604 487 2646 ,Certum
525 2606 579 2638 est
605 2605 698 2638 sicut
724 2606 904 2648 postremo
930 2614 994 2637 nos
1021 2603 1141 2637 docuit
1176 2603 1339 2646 [Iacobus
1373 2603 1569 2648 apostolus]
1606 2603 1745 2637 Omne
1781 2604 1963 2638 datum⁵

201 2657 349 2690 bonum“
365 2657 379 2677 k
407 2660 473 2691 etc.
495 2684 501 2690 .
524 2685 528 2689 .
551 2685 556 2690 .
613 2656 733 2698 „Haec
759 2656 914 2690 diximus
949 2656 1110 2700 proxime
1137 2656 1256 2691 latius.
1306 2656 1409 2690 Nunc
1435 2657 1527 2700 quod
1553 2656 1716 2700 sequitur
1741 2656 1959 2691 uideamus.“

322 2734 349 2763 a)
371 2733 435 2757 Duo
457 2740 496 2757 ιϊ.
517 2741 574 2764 sqq.
596 2741 612 2757 α
635 2733 662 2757 C.
683 2733 746 2764 ipso
772 2734 874 2758 addita
900 2737 975 2758 sunt.
1058 2733 1088 2764 b)
1110 2734 1156 2758 Ita
1178 2734 1243 2758 libr.
1264 2734 1391 2758 cori-eri!
1412 2741 1447 2757 ea:
1467 2731 1618 2764 quomodo
1639 2731 1771 2758 Jacobus
1791 2731 1838 2758 his
1858 2733 1962 2760 verbis

202 2772 315 2797 refellit
335 2772 582 2805 quadruplicem,·
602 2775 748 2805 corriyere
768 2775 876 2806 debuit,
895 2775 954 2799 nisi
973 2776 1074 2806 fallor,
1094 2775 1182 2799 etiam
1203 2773 1318 2799 uitandi
1340 2782 1375 2799 ex
1396 2773 1442 2799 his
1463 2773 1566 2798 verbis
1579 2772 1715 2799 notandi.
1778 2774 1803 2804 c)
1825 2775 1963 2806 Sequitur

204 2812 311 2843 Graue,
332 2822 348 2837 a
370 2815 439 2838 Can.
460 2815 663 2840 oblitteratum.
750 2814 779 2843 d)
800 2816 846 2840 Ila
868 2818 895 2841 C.
916 2817 978 2847 ipse
998 2816 1146 2846 correxit;
1170 2816 1258 2847 prius
1277 2816 1454 2846 scripserat:
1474 2813 1671 2840 ostendemus
1691 2814 1738 2840 hic
1757 2814 1840 2846 reijci
1860 2816 1891 2840 et
1910 2822 1961 2841 ex-

203 2853 280 2878 cludi
302 2854 378 2879 duos
398 2861 495 2880 nouos
516 2856 547 2880 et
567 2862 674 2887 graues
695 2863 826 2883 errores.
912 2859 938 2883 e)
959 2858 1037 2882 Haec
1056 2857 1152 2881 omnia
1173 2857 1268 2888 ipsius
1289 2859 1317 2882 ζ’.
1337 2864 1424 2881 manu
1445 2856 1557 2887 scripta
1576 2858 1652 2880 sunt,
1738 2856 1765 2886 f)
1790 2857 1836 2881 Ita
1857 2858 1885 2885 C.
1906 2865 1960 2882 sua

204 2902 291 2918 mmm
319 2896 445 2919 correxit
472 2904 507 2920 ea:
532 2895 627 2921 Multa
654 2897 868 2927 tractaffimus,
894 2906 966 2929 quae
991 2898 1152 2929 scripserat
1178 2899 1330 2922 librarius.
1421 2904 1451 2928 g)
1478 2899 1503 2922 Α
1530 2897 1595 2921 libr.
1622 2900 1777 2921 correctum
1804 2905 1839 2921 ez·
1864 2897 1962 2924 nobis.

204 2934 234 2965 11)
262 2935 443 2961 immundeis
469 2938 535 2961 libr.
627 2937 647 2968 i)
669 2939 729 2963 Hoc
756 2947 779 2963 ν.
800 2942 825 2963 et
844 2947 965 2970 sequens
984 2940 1018 2963 ab
1039 2939 1102 2970 ipso
1123 2941 1150 2964 ι’.
1171 2939 1273 2963 addita
1294 2942 1369 2963 sicut.
1461 2937 1491 2968 k)
1518 2938 1597 2962 Haec
1622 2945 1663 2962 vv.
1684 2936 1820 2965 (Certum
1840 2939 1902 2967 etc.)
1925 2939 1960 2964 ab

204 2976 266 3006 ipso
290 2979 314 3000 τ’,
336 2977 446 3007 scripta
467 2982 542 3002 sunt.

329 3083 422 3116 ¹Iac
450 3084 479 3124 1,
507 3085 526 3116 5
555 3086 585 3118 6.
738 3085 751 3104 2
776 3086 835 3119 lac
864 3087 892 3125 1,
924 3087 974 3119 15.
1127 3087 1139 3106 ³
1164 3086 1224 3119 Iac
1253 3089 1281 3125 1,
1312 3087 1365 3119 17.

325 3136 336 3154 ⁴
364 3137 508 3169 Missale
532 3137 724 3170 secundum
752 3138 858 3171 ritum
886 3138 1124 3180 Augustensis
1151 3139 1311 3179 ecclesie,
1339 3137 1530 3182 [Dilingae]
1562 3138 1660 3177 1555,
1688 3138 1711 3170 f.
1739 3138 1809 3171 65³.

327 3188 338 3205 5
364 3188 422 3220 Iac
452 3189 480 3222 1,
510 3189 562 3221 17.
