2045 3471
236 204 320 246 534
491 200 585 235 Mon.
607 199 673 234 627
700 198 778 233 sive
804 209 886 241 aug.
907 196 943 241 (a
957 196 1006 241 2).
1050 196 1199 231 Ineunte
1225 193 1284 229 vel
1309 193 1425 228 medio
1450 205 1496 227 m.
1516 193 1611 227 Maio
1631 193 1732 227 1565.

232 321 373 364 JESV
415 321 567 362 sancta
611 318 822 360 societate
862 316 1069 371 accipiat,
1120 313 1477 369 quemadmodum
1525 311 1647 354 breui
1687 311 1858 365 quidem
1899 310 1993 352 fore

232 386 361 429 ualde
387 398 612 440 speramus
633 383 676 425 in
699 382 897 425 Domino.
915 417 923 425 .
941 417 950 426 .
969 417 976 425 .
1020 380 1200 431 Deinde,
1225 393 1353 434 quam
1376 392 1551 433 possum
1574 377 1774 427 maxime,
1807 376 1856 419 T.
1875 375 1926 419 R.
1944 375 1990 416 P.

232 453 431 505 rogatam
470 452 514 492 et
546 450 773 491 exoratam
805 447 948 497 uelim,
990 448 1040 489 ut
1071 445 1155 487 mei
1186 443 1441 499 peccatricis
1472 443 1670 492 miserae,
1713 455 1763 484 ac
1794 440 1996 495 precipue

231 515 381 558 Mariti
421 513 505 557 mei
546 514 589 556 in
629 513 713 556 fide
754 512 894 555 adhuc
934 526 1020 553 non
1060 510 1169 553 satis
1210 508 1465 559 confirmati,
1509 521 1559 550 ac
1601 507 1770 548 demum
1810 505 1993 547 filiorum

232 583 518 630 nostroruma,
570 579 614 621 in
666 577 848 632 collegio
901 575 1089 619 maxime
1138 574 1393 617 Germanico
1444 571 1712 615 uersantium
1765 573 1808 613 et
1859 569 1995 613 totius

230 645 499 699 Fuggericae
530 643 733 694 familiae,
767 656 932 685 memor
963 654 1058 683 esse
1092 640 1294 693 dignetur
1323 638 1367 680 in
1399 638 1487 680 suis
1520 639 1564 680 et
1596 650 1769 678 suorum
1793 634 1996 677 charissi-

230 725 397 753 morum
429 710 629 765 precibus
661 712 706 752 et
738 706 1022 750 sanctissimis
1055 705 1278 758 sacrificijs
1309 718 1387 758 pro
1410 703 1538 745 solito
1570 702 1644 744 illo
1677 700 1899 743 societatis
1929 699 1995 741 in-

230 776 400 820 stituto,
462 775 698 817 Praeterea
739 773 791 815 de
833 771 1129 814 contractibus
1168 768 1402 823 usurarijs,
1445 767 1598 822 quibus
1638 767 1804 809 isthaec
1844 767 1995 807 nostra

230 841 396 883 familia
427 855 513 882 non
545 854 697 894 parum
719 838 890 880 irretita
913 839 993 887 est,
1028 834 1253 878 consilium
1275 834 1468 876 salutare
1491 832 1664 886 aliquod
1687 830 1994 881 desideramus,

230 906 267 948 si
310 907 424 949 forte
464 905 674 947 Dominus
716 904 893 945 moueat
937 900 1067 943 corda
1110 903 1371 950 nostrorum,
1416 901 1465 941 ut
1508 896 1740 951 aliquando
1785 896 1838 937 de
1881 894 1996 937 seria

230 971 500 1026 poenitentia
542 970 749 1023 cogitent,
792 982 846 1009 ne
887 966 1076 1020 alioquin
1117 979 1272 1019 corpus
1312 964 1439 1006 simul
1480 966 1524 1005 et
1556 962 1744 1005 animam
1786 975 1880 1003 cum
1918 973 1995 1002 ex-

230 1035 367 1078 ternis
397 1035 494 1078 istis
526 1035 663 1084 bonis,
706 1047 817 1087 quae
849 1031 975 1086 parui
1006 1033 1108 1073 sunt
1139 1044 1243 1072 sane
1276 1028 1495 1079 momenti,
1529 1028 1705 1070 tandem
1736 1025 1997 1068 infaeliciter

230 1101 495 1144 amittamus.
559 1100 723 1141 Verum
757 1098 809 1140 de
840 1097 907 1139 his
939 1096 1077 1138 fusius
1110 1098 1154 1138 et
1187 1096 1239 1137 de
1271 1094 1367 1148 alijs
1399 1093 1547 1136 multis
1579 1093 1629 1135 R..
1654 1092 1700 1134 P.
1724 1092 1776 1134 D.
1800 1089 1996 1133 Canisius

231 1179 377 1208 coram
410 1164 661 1220 explicabit.
723 1163 876 1216 Neque
910 1161 1072 1211 dubito,
1108 1160 1209 1214 quin
1241 1160 1292 1202 R.
1311 1159 1357 1201 P.
1376 1159 1424 1202 T.
1458 1158 1555 1213 piae
1585 1160 1764 1199 nostrae
1795 1154 1996 1210 petitioni

229 1231 427 1284 quamuis
468 1232 583 1273 forte
628 1229 902 1283 importunae
949 1225 1203 1269 satisfaciet.
1276 1224 1369 1266 Nos
1415 1223 1604 1265 uicissim
1651 1220 1851 1264 societati
1896 1220 1995 1262 huic

229 1299 422 1347 sanctae,
457 1310 508 1338 ac
530 1292 862 1337 christianitatis
892 1290 1214 1345 conseruatricj,
1247 1304 1327 1331 nos
1358 1292 1476 1332 totos
1508 1287 1726 1330 offerimus
1757 1286 1801 1327 in
1822 1285 1993 1328 Christo

227 1361 425 1404 Domino.
452 1396 461 1404 .
486 1396 496 1404 .
522 1395 530 1403 .

347 1430 505 1474 Fuggeri
531 1429 664 1474 aliique
689 1430 909 1462 mercatores
935 1425 1128 1470 augustani
1155 1426 1224 1459 iam
1251 1423 1429 1469 prioribus
1455 1422 1590 1457 saeculi
1609 1420 1703 1456 XVI.
1728 1420 1920 1461 decenniis,
1947 1431 1993 1453 ex

228 1484 422 1518 multorum
448 1484 735 1529 iurisperitorum
762 1484 870 1525 atque
896 1481 1004 1514 etiam
1031 1491 1076 1513 ex
1102 1478 1277 1524 praeclari
1307 1477 1405 1511 illius
1431 1475 1590 1519 theologi
1615 1474 1759 1509 Ioannis
1786 1473 1888 1508 Eckii
1914 1484 1994 1507 sen-

228 1537 353 1578 tentia,
380 1538 437 1572 fas
462 1549 542 1571 esse
568 1537 747 1570 duxerant
766 1535 844 1577 5⁰!‘0
868 1544 1028 1574 sumere;
1055 1544 1163 1576 quam
1188 1531 1351 1565 sumendi
1378 1530 1553 1564 rationem
1579 1527 1650 1569 alii,
1677 1530 1786 1571 atque
1813 1527 1904 1561 inter
1929 1525 1994 1560 hos

230 1591 414 1633 Canisius‚
453 1591 489 1624 in
529 1589 793 1624 fenerationum
837 1587 915 1621 sive
950 1588 1135 1631 pactorum
1175 1583 1458 1627 „usurariorum‘
1496 1594 1644 1616 numero
1678 1579 1879 1615 habendam
1915 1590 1994 1613 esse

230 1644 435 1686 censebant,
471 1643 540 1678 nisi
575 1642 780 1686 singulares
814 1640 989 1685 quaedam
1026 1639 1238 1674 accederent
1274 1637 1431 1672 rationes
1466 1636 1544 1670 sive
1584 1634 1737 1677 „tituli“.
1795 1632 1994 1678 Praecipue

230 1700 362 1739 autem,
398 1700 519 1732 utrum
549 1698 774 1739 „contractus
800 1693 1047 1738 germanicus“
1077 1692 1200 1727 licitus
1226 1693 1322 1726 esset
1347 1701 1469 1732 necne,
1506 1700 1547 1723 ea
1574 1690 1692 1723 aetate
1719 1687 1994 1732 disputabatur;

230 1751 312 1785 vide
342 1752 428 1786 Can.
456 1751 506 1784 IV
532 1749 730 1785 568-569.

349 1810 500 1854 Borgias
525 1810 713 1852 Fuggerae
739 1806 922 1852 respondit
947 1807 978 1841 9.
1005 1805 1096 1840 Iunii
1125 1805 1226 1839 1565.

233 1906 337 1943 627
364 1909 442 1942 sive
469 1915 592 1951 aug.
620 1906 677 1951 (a
697 1905 771 1950 2).
846 1903 997 1939 Ineunte
1023 1901 1082 1938 vel
1109 1900 1225 1937 medio
1252 1910 1298 1936 ιιι.
1322 1898 1414 1935 Maio
1441 1898 1534 1934 1565.

350 1972 407 2006 Ex
432 1971 666 2016 autographo.
721 1969 783 2013 „G.
811 1969 875 2014 Ep.
895 1969 964 2003 V1“
995 1968 1020 2002 f.
1048 1968 1092 2002 99
1122 1967 1199 2002 100.

355 2038 562 2071 Cathedrale
588 2036 784 2079 capitulam
802 2038 1042 2077 azcyustanum
1060 2033 1228 2065 adversas
1249 2031 1435 2065 Canisizmn
1462 2034 1491 2062 et
1512 2030 1548 2063 P.
1566 2030 1731 2071 Eleleren,
1757 2028 1889 2061 sociam
1916 2028 1991 2060 elus

233 2095 483 2135 augustanum,
512 2091 635 2123 varias
660 2089 821 2133 querelas
846 2088 893 2120 acl
923 2087 1077 2120 Ottonem
1105 2086 1325 2118 cardinalem
1351 2085 1602 2127 Aayzcstanum
1628 2082 1751 2124 defert.

353 2157 401 2199 P.
427 2157 707 2198 Theodoriana
731 2155 930 2196 Caniszssus
952 2154 995 2195 S.
1013 2153 1071 2205 J„
1107 2152 1365 2193 Germaniae
1386 2150 1617 2204 superioris
1638 2147 1997 2203 viceprovincialis

237 2227 270 2264 et
303 2223 460 2276 colleyii
493 2221 706 2276 dilinyani
737 2224 884 2269 rector,
917 2219 1095 2272 Dilinqa
1129 2218 1197 2258 18.
1223 2216 1472 2257 Maii1565
1498 2215 1674 2256 Romam
1709 2213 1766 2253 ad
1788 2213 1830 2255 S.
1854 2212 1995 2253 Fran-

235 2288 389 2328 ciscum
411 2287 611 2341 Boryiam
637 2286 854 2328 Societatis
876 2284 1083 2324 vicarium
1105 2282 1339 2336 qeneralem
1361 2280 1475 2333 haec,
1506 2283 1675 2334 praeter
1705 2278 1806 2331 alia,
1841 2277 1997 2318 rettulit

237 2353 288 2393 de
329 2353 584 2393 cathedralis
622 2351 816 2392 ecclesiae
857 2352 1121 2403 anqustawae
1162 2346 1374 2388 canonicis
1416 2345 1623 2385 mandata
1658 2343 1790 2397 ipsias
1823 2341 1997 2396 capituli

235 2417 455 2471 Diliizqam
500 2416 558 2458 ad
594 2415 777 2457 Ottonem
819 2414 1083 2455 cardinalem
1127 2416 1163 2453 et
1195 2412 1428 2465 episcopum
1464 2413 1747 2463 anqustanam
1780 2407 1996 2461 aliquanto

232 2486 326 2537 post
366 2482 533 2523 Pascha
571 2481 771 2536 profectis
813 2481 870 2529 (v.
912 2492 1045 2532 supra
1082 2491 1127 2531 p.
1162 2478 1215 2518 31
1261 2476 1338 2528 68)
1386 2489 1435 2515 ac
1480 2474 1530 2514 de
1574 2473 1752 2528 querelis
1794 2472 1996 2512 adversus

237 2547 408 2588 Petrum
445 2547 664 2588 Canisium
694 2544 981 2599 praepositum
1007 2542 1311 2596 provincialem
1354 2545 1390 2581 et
1421 2539 1471 2581 P.
1506 2539 1777 2579 Guilielmum
1808 2536 1996 2577 Elderen

237 2613 393 2653 socium
427 2613 518 2653 eius
550 2615 834 2665 aayustaozum
867 2608 918 2649 ab
942 2609 1000 2648 eis
1029 2607 1231 2661 prolatis:
1262 2603 1492 2658 Repetitae
1524 2604 1625 2644 sunt
1656 2601 1860 2653 antiquae
1893 2612 1997 2652 que-

237 2676 355 2718 relae
400 2678 552 2718 contra
596 2675 642 2717 P.
677 2672 894 2716 Ganisium
938 2674 982 2714 et
1026 2671 1072 2714 P.
1108 2669 1404 2718 Guilielmum,
1451 2667 1565 2720 quod
1608 2665 1806 2707 nimirum
1852 2666 1998 2706 essent

237 2740 396 2790 tetrici,
431 2742 701 2793 arrogantes,
736 2752 762 2779 a
785 2735 1010 2778 Canonicis
1032 2734 1174 2785 alieni,
1208 2736 1252 2776 et
1274 2733 1381 2775 alios
1405 2732 1533 2774 etiam
1562 2731 1616 2772 ab
1649 2730 1710 2771 eis
1743 2729 1995 2778 alienarent,

240 2805 352 2857 quod
399 2805 587 2847 acriores
633 2804 675 2845 in
723 2800 1066 2857 perstringendis
1113 2798 1387 2842 sacerdotum
1435 2796 1552 2850 vitijs
1599 2797 1766 2844 essent,
1816 2793 1997 2846 angulos

241 2872 452 2920 amarent,
486 2883 512 2911 a
543 2867 888 2923 processionibus
926 2868 970 2907 et
1002 2864 1157 2906 diuinis
1189 2863 1342 2916 officijs
1374 2861 1556 2916 publicis
1588 2874 1684 2901 cum
1715 2858 1918 2900 scandalo
1951 2871 1998 2899 se

241 2933 535 2985 absentarent,
578 2933 691 2986 quod
731 2931 970 2973 reformare
1011 2942 1158 2970 omnes
1199 2928 1376 2977 vellent,
1419 2926 1494 2968 sed
1535 2924 1777 2978 Capitulum
1817 2922 1931 2964 nolle
1972 2935 1998 2963 a

241 2996 453 3048 Flandris‚
496 2998 639 3048 Jtalis,
682 2996 888 3050 Hispanis
927 2992 1169 3035 reformari.
1238 2992 1417 3033 Placere
1458 2989 1616 3042 alioqui
1656 2988 1735 3029 sibi
1777 2985 1999 3029 societatis

242 3060 501 3112 institutum,
545 3065 588 3104 et
628 3061 665 3103 si
707 3061 943 3103 Germanos
983 3060 1132 3112 patres
1172 3057 1396 3106 haberent,
1444 3055 1628 3096 libenter
1667 3052 1772 3093 illud
1813 3065 1859 3093 se
1899 3063 1999 3105 pro-

243 3138 418 3166 mouere
451 3127 575 3169 velle.

361 3200 389 3229 a)
413 3199 541 3229 Quinque
562 3207 604 3223 vv.
624 3206 681 3229 sqq.
702 3206 793 3229 snpra
816 3206 928 3223 versam
949 3197 1059 3228 scripta
1079 3199 1155 3221 sunt.
