2045 3471
235 214 319 255 440
718 211 819 246 1427.
847 211 1012 245 Canisius
1039 210 1073 245 S.
1092 210 1282 246 Francisco
1308 210 1351 244 de
1377 209 1518 253 Borgia.

234 334 300 373 est
315 331 341 372 1.
405 329 483 371 His
517 329 727 371 absolutis
758 328 909 371 habita
941 332 1007 372 est
1039 333 1193 383 postea
1233 328 1431 381 aliqualis
1474 327 1712 370 studiorum
1753 327 1988 378 innouatio,

233 394 469 449 praemisso
502 394 713 442 examine,
747 393 1014 436 orationibus
1047 397 1092 437 et
1124 393 1384 436 carminibus
1406 392 1614 442 recitatis,
1647 391 1745 434 hinc
1766 393 1815 434 fit
1836 395 1885 435 ut
1906 406 1991 433 non

232 473 383 513 parum
416 459 589 501 scholae
621 461 798 501 nostrae
830 461 1084 512 augeantur.

349 523 490 566 Multa
523 523 606 565 dici
638 525 821 578 possunt
852 523 1136 577 particularia
1159 523 1211 565 de
1234 523 1379 564 fructu
1403 521 1619 576 spirituali
1641 521 1834 571 collecto,
1868 519 1991 563 Vtilia

233 590 276 631 et
307 588 504 639 iucunda,
538 588 582 630 in
615 588 767 642 quibus
800 588 1061 642 singularem
1097 602 1200 641 ergo
1233 601 1311 629 nos
1333 587 1413 641 Dej
1436 586 1672 629 bonitatem
1695 585 1990 640 perspicimus

233 653 531 707 Superioribus
574 653 722 695 diebus
763 653 887 706 grauj
929 652 1182 695 infirmitate
1222 651 1440 694 laborauit
1478 651 1525 693 P.
1560 650 1872 699 Theobaldus2‚
1915 650 1991 692 sed

232 721 465 771 utcumque
505 718 724 767 restituto,
767 731 877 771 pene
920 718 963 758 in
996 717 1204 760 extremis
1236 716 1389 770 reliquj
1424 716 1820 770 Chrystophorum3
1848 714 1991 756 OEni-

231 785 469 837 pontanum
502 786 684 825 vocatus
717 782 935 835 Dilingam
968 783 1022 824 ad
1055 783 1100 826 P.
1135 781 1449 824 Prouincialem
1488 781 1544 835 ibj
1586 780 1813 823 infirmum.
1875 779 1991 822 Ante

230 851 322 889 tres
355 847 445 889 dies
478 847 622 901 accepi
656 847 806 889 literas
839 847 891 889 de
913 850 1053 890 morte
1075 849 1317 901 parentum,
1353 849 1397 888 et
1419 845 1673 899 quibusdam
1697 845 1792 898 alijs
1815 844 1991 886 calami-

230 912 408 962 tatibus,
442 912 551 954 fiat
582 912 625 952 in
659 912 855 953 omnibus
878 912 975 965 Dej
1009 912 1314 954 uoluntas&
1359 911 1566 965 Superest
1597 913 1645 952 ut
1677 923 1745 951 me
1777 911 1821 951 et
1844 922 1991 951 omnes

232 991 349 1019 meos
394 976 558 1019 sanctis
600 976 799 1030 precibus
841 977 887 1019 P.
922 977 1108 1019 Vestrae
1150 976 1457 1018 commendem.
1522 975 1625 1017 Cras
1667 974 1721 1016 ad
1762 974 1989 1027 collegium

231 1042 536 1084 Monachiense
569 1041 710 1083 redeo.
775 1041 1002 1094 Augustae
1038 1043 1088 1083 17
1124 1041 1273 1096 aprilis
1308 1042 1389 1083 .67.

1216 1119 1267 1160 V.
1293 1118 1343 1160 R.
1367 1118 1413 1159 P.

1419 1195 1571 1223 seruus
1603 1182 1646 1222 in
1679 1181 1848 1224 Christo

1365 1246 1614 1289 Dominicus
1646 1246 1887 1300 Menginus.

349 1331 376 1382 †
406 1329 645 1372 Admodum
678 1329 932 1372 Reuerendo
961 1330 1009 1383 jn
1042 1329 1210 1372 Christo
1244 1329 1365 1372 Patri
1397 1329 1449 1372 D.
1482 1327 1712 1370 Francisco
1746 1327 1797 1368 de
1830 1327 1990 1380 Borgia

231 1396 426 1448 generali
459 1395 680 1437 societatis
712 1395 830 1438 Jesu.
894 1395 1070 1437 Romae.

348 1482 401 1516 De
448 1482 689 1524 „comoedia‘‚
731 1492 823 1526 quae
866 1482 901 1514 in
942 1481 998 1515 his
1040 1481 1171 1514 litteris
1213 1483 1531 1521 commemoratur,
1575 1480 1762 1522 Menqt’mcs
1804 1478 1990 1513 Monachio

230 1535 285 1570 26.
313 1535 497 1569 Februarii
524 1535 614 1569 1567
642 1534 675 1568 S.
703 1534 893 1569 Francisco
920 1535 1073 1577 Borgiae
1099 1542 1117 1547 ”
1129 1534 1342 1578 scripserat:
1374 1533 1503 1575 ,Petiit
1528 1531 1806 1566 Jllustrissimus
1824 1531 1864 1566 P.
1890 1534 1930 1565 ut
1954 1531 1991 1565 in

229 1588 335 1623 festis
368 1587 598 1632 paschalibus
633 1590 762 1630 agatur
792 1587 972 1621 comoedia
1000 1587 1115 1627 Ester,
1150 1598 1241 1631 quae
1267 1598 1361 1620 nunc
1388 1598 1408 1620 a
1433 1585 1566 1620 nostris
1591 1586 1666 1620 fere
1692 1587 1768 1618 tota
1794 1584 1990 1629 composita

230 1642 266 1675 et
291 1653 312 1675 a
337 1641 445 1675 Patre
471 1641 635 1675 Prouinc.
663 1640 869 1685 approbata,
906 1640 1078 1685 paulatim
1114 1642 1303 1674 exercetur
1338 1651 1358 1673 a
1384 1638 1602 1684 discipulis“.
1654 1637 1708 1674 Cf.
1735 1638 1843 1672 etiam
1870 1638 1988 1682 Dnhr,

230 1695 303 1728 Jes.
331 1694 345 1728 I
372 1694 450 1729 342.

231 1808 382 1845 1427.
491 1810 707 1846 CANISIUS
739 1808 1004 1846 SANCTO
1032 1807 1418 1845 FRANCISGO
1448 1808 1539 1843 DE
1567 1806 1854 1850 BORGIA,
1891 1819 1990 1852 prae-

419 1864 534 1908 posito
560 1863 719 1906 generali
746 1863 936 1898 Societatis
963 1864 1054 1898 Iesu.
1424 1862 1568 1905 Dilinga
1595 1862 1649 1895 24.
1677 1861 1811 1906 Aprilis
1841 1861 1940 1895 1567.

347 1939 403 1974 Ex
430 1940 585 1983 imagine
611 1939 894 1984 photographica
915 1939 1123 1974 litterarum
1154 1940 1431 1984 archetyparum
1461 1938 1532 1980 (20;
1561 1938 1582 1972 2
1608 1950 1686 1982 pp.;
1713 1937 1749 1971 in
1775 1949 1808 1982 p.
1835 1939 1858 1972 4
1882 1938 1989 1971 inscr.

230 1994 264 2026 et
299 1993 497 2037 particulae
532 1992 628 2036 sig),
665 2004 756 2037 quae
792 1995 938 2026 exstant
972 1993 1008 2026 in
1039 1992 1097 2034 „E.
1127 1992 1162 2026 C.
1191 1992 1243 2026 II“
1273 2004 1306 2026 n.
1336 1992 1400 2026 191
1433 1991 1546 2035 (258).
1599 1990 1765 2025 Canisius
1790 2002 1856 2025 sua
1882 2002 1989 2024 manu

228 2057 355 2080 nomen
384 2045 577 2089 („Seruus“
607 2045 691 2089 etc.)
720 2045 934 2090 subscripsit
969 2048 1004 2079 et
1043 2045 1345 2089 „Postscriptum“
1385 2044 1531 2078 addidit.
1583 2044 1732 2078 Praesto
1769 2046 1846 2077 erat
1880 2043 1987 2077 etiam

228 2098 430 2133 litterarum
457 2098 703 2143 apographum
728 2098 794 2132 sub
822 2110 853 2132 a.
883 2098 972 2133 1860
999 2110 1019 2132 a
1045 2098 1084 2132 P.
1111 2099 1179 2132 Ios.
1206 2099 1320 2132 Boero
1348 2097 1380 2131 S.
1401 2098 1433 2132 J.
1460 2108 1505 2131 ex
1533 2097 1729 2141 archetypo
1756 2096 1986 2141 exscriptum.

227 2150 306 2185 Duo
331 2152 533 2186 litterarum
560 2152 679 2196 capita
705 2163 750 2185 ex
776 2151 973 2196 archetypo
999 2151 1217 2195 transcripta
1243 2153 1327 2184 sunt
1353 2151 1388 2184 in
1416 2150 1503 2195 Epp.
1531 2151 1652 2184 thdal
1678 2149 1728 2183 III
1756 2150 1834 2184 791.
1874 2148 1987 2183 Parti-

229 2204 345 2238 culam
372 2204 576 2248 germanice
602 2216 744 2238 versam
771 2205 891 2248 posuit
915 2204 1032 2248 Duhr,
1060 2204 1133 2238 Jes.
1161 2204 1175 2236 Ι
1202 2204 1282 2238 565.

351 2275 438 2309 Cum
463 2276 502 2308 P.
530 2275 659 2308 Natale
692 2276 805 2317 sentit,
833 2275 1046 2317 Societatem,
1083 2286 1159 2306 citui
1196 2275 1434 2307 contionatori
1460 2279 1489 2307 et
1516 2274 1704 2317 tleeoloyc'oe
1724 2273 1987 2316 professorfflus

230 2328 448 2371 Herbipolim
484 2329 662 2361 mittendis
695 2339 730 2360 se
760 2328 892 2370 obliqet,
928 2328 1190 2360 constitutiones
1223 2338 1307 2360 snas
1342 2338 1412 2361 non
1437 2328 1579 2360 violare.
1632 2328 1672 2359 Si
1697 2327 1783 2369 quid
1808 2330 1922 2359 autem
1949 2326 1986 2358 in

230 2382 357 2414 litteris
389 2382 617 2423 fundationis
650 2381 748 2414 illius
784 2381 993 2413 mutandum«
1029 2381 1085 2421 sit,
1125 2382 1263 2413 moneri
1300 2383 1404 2423 cupit.
1464 2381 1700 2423 Episcopatus
1735 2379 1986 2421 lterbt‘polenst’s

226 2436 371 2476 pessime
395 2434 504 2468 habet.
544 2435 687 2467 Licetne
712 2434 965 2467 archiducissis
991 2438 1094 2476 atque
1119 2434 1269 2466 ducissz's
1294 2434 1437 2477 oolleyz'a
1465 2434 1649 2466 Societatis
1674 2433 1842 2466 intrare?
1883 2432 1985 2464 Cata—

230 2488 336 2530 Zoyus
401 2488 599 2530 Optandzmz
638 2492 704 2529 est,
742 2491 780 2520 ut
817 2487 998 2520 Societatis
1033 2486 1189 2519 homines
1224 2487 1447 2520 honestorum
1482 2486 1700 2519 sacerdotmn
1732 2496 1985 2527 yermcmorum

229 2542 314 2595 usui
339 2542 376 2573 in
403 2543 523 2573 vestitit
548 2551 582 2572 se
608 2541 874 2573 accommodent.

1024 2610 1183 2652 Jhesus

461 2675 556 2717 Pax
587 2675 745 2718 Christi
775 2675 1004 2717 admodum
1037 2675 1290 2717 Reuerende
1322 2675 1454 2717 Pater
1485 2676 1656 2716 nostera
1679 2671 1740 2727 [P]

350 2751 428 2793 His
461 2752 611 2793 diebus
642 2752 792 2794 literas
824 2751 970 2805 accepi
1004 2752 1050 2794 P.
1083 2752 1133 2794 D.
1166 2751 1353 2802 Natalis,
1397 2751 1548 2803 quibus
1588 2749 1858 2803 potissimum
1890 2749 1982 2803 agit

231 2815 282 2857 de
315 2816 503 2869 Collegio
536 2816 839 2871 Herbipolensi
873 2822 940 2858 etc.
977 2814 1042 2870 [ut
1073 2831 1206 2872 supra
1235 2832 1277 2872 p.
1311 2814 1430 2870 4:23}
1494 2816 1587 2868 Ego
1628 2814 1767 2855 minus
1803 2814 1982 2868 periculi

231 2882 274 2921 et
306 2880 561 2922 incommodi
593 2881 636 2922 in
668 2881 808 2935 pactis
839 2881 924 2923 illis
965 2895 1060 2923 esse
1101 2884 1314 2935 putarem,
1356 2880 1392 2922 si
1432 2880 1536 2922 haec
1576 2879 1733 2929 ferant,
1779 2893 1888 2932 quae
1925 2879 1980 2921 ad

231 2943 515 2996 obligationes
546 2945 688 2988 factas
720 2946 950 3000 pertinent,
994 2949 1169 2988 nostrae
1201 2945 1542 2994 constitutiones,
1585 2943 1696 2985 sicut
1728 2944 1774 2986 P.
1808 2943 1980 2986 Natalis

350 3030 376 3059 a)
398 3030 457 3053 Hot¹
480 3038 501 3054 v.
521 3031 670 3056 obscurius
689 3033 829 3064 scriptum
850 3035 899 3057 est.
931 3032 1132 3063 Leyendwnne
1153 3031 1230 3057 etcu?

354 3134 363 3153 ¹
388 3134 439 3167 De
464 3135 532 3169 hac
558 3137 738 3171 comoedia
763 3138 857 3179 vide,
885 3149 975 3181 quae
1001 3137 1067 3171 sub
1092 3137 1207 3182 ipsam
1233 3137 1326 3171 hanc
1352 3135 1540 3181 epistulam
1567 3135 1741 3169 dicuntur.

350 3186 362 3205 ²
389 3186 496 3220 StotZ.
642 3190 654 3208 ³
679 3189 832 3234 Neyner.
978 3192 990 3210 ⁴
1017 3191 1085 3223 Act
1111 3190 1165 3230 21,
1195 3190 1247 3224 14.
1298 3190 1350 3222 Mt
1378 3189 1408 3230 6,
1439 3189 1479 3223 10
1507 3191 1571 3221 etc.
