2045 3471
136 198 230 233 Mon.
249 199 436 236 895—896
462 201 540 236 sive
565 213 642 238 var.
662 202 882 247 (15)-(16).
926 203 1024 238 Inter
1049 203 1080 239 8.
1101 204 1186 249 Apr.
1210 206 1245 238 et
1271 204 1406 241 ineunt.
1424 217 1470 240 m.
1489 205 1572 241 Dec.
1595 207 1695 242 1566.
1761 210 1844 253 837

88 317 166 350 esta
191 327 230 350 se
255 316 396 357 hiziese,
423 324 469 363 y³
494 330 533 352 se
559 319 744 354 declarase
762 320 965 355 Prouincial
992 321 1022 355 el
1043 321 1158 355 Padre
1172 321 1401 360 Theoderico.
1427 335 1452 368 y
1477 336 1522 358 no
1548 324 1717 359 saltarian
1744 337 1847 361 cosas

88 368 131 402 de
155 369 286 404 mucha
321 370 558 415 importancia
592 383 633 406 011
661 384 729 416 que
756 385 928 419 ocuparse
954 374 986 408 el
1013 374 1122 419 padre
1149 374 1301 416 Canisio‚
1338 379 1376 410 es
1402 388 1423 410 3
1447 377 1553 411 saber
1586 389 1629 411 en
1655 378 1846 413 fundacion

87 421 130 456 de
155 422 265 466 algun
292 422 440 466 colegio‚
476 424 506 458 si
531 436 576 458 no
602 424 648 459 ha
674 425 717 459 de
744 428 841 460 estar
875 439 917 461 en
945 429 1023 461 esta
1050 427 1231 470 cathedra,
1267 441 1291 473 y
1319 429 1361 463 de
1386 431 1488 464 tanto
1524 441 1544 463 3.
1578 432 1678 465 tanto
1704 432 1846 475 quando

86 475 288 519 paresciese
322 487 342 510 a
367 475 411 511 V.
438 476 478 511 P.
512 477 547 511 10
572 478 696 522 podria
721 478 828 513 hazer
854 480 1038 521 uisitador,
1074 493 1095 515 a
1120 481 1154 515 lo
1180 493 1302 516 menos
1328 483 1431 517 desta
1457 483 1646 518 Prouincia
1671 496 1696 529 y
1722 484 1765 518 de
1790 485 1845 520 las

86 527 142 561 del
169 528 236 562 Rin
262 540 287 572 y
313 528 477 570 Flandes,
505 534 710 575 represento
738 536 814 566 esto
840 544 861 566 a
878 533 921 568 V.
949 534 989 569 P.

204 582 358 625 Boryias
391 584 505 616 Roma
539 586 596 617 20.
623 586 766 628 Aprilis
790 588 884 619 1566
917 588 1044 621 Natali
1081 589 1283 631 respondit:
1319 588 1386 622 Del
1424 588 1531 623 hazer
1569 589 1772 625 Prouincial
1811 591 1846 625 31

84 632 218 667 Doctor
243 633 461 669 Theoderico
488 635 640 677 Canisio,
669 638 915 682 desoargando
942 639 977 673 al
1002 640 1120 674 Padre
1146 640 1187 675 D.
1215 641 1330 675 Pedro
1350 641 1502 683 canisio,
1528 654 1585 676 me
1610 643 1738 677 remito
1765 655 1785 678 a
1810 643 1844 678 lo

85 697 154 729 que
179 697 200 720 a
225 686 268 721 V.
296 687 516 723 Reuerencia
542 690 735 734 pareciere,
761 703 786 736 y
812 692 866 726 asi
891 691 924 726 10
950 693 1060 737 podra
1086 705 1197 738 poner
1222 706 1266 728 011
1293 695 1496 729 execucion.

89 804 197 843 895
224 809 303 843 sive
330 819 443 845 var.
465 810 592 855 (15).
666 811 768 848 Inter
795 812 826 848 8.
852 812 994 859 Aprilis
1020 815 1056 850 et
1083 814 1138 850 27.
1155 813 1241 850 Iulii
1267 815 1361 852 1566.

202 883 258 918 Ex
285 884 503 930 archetypis,
542 898 633 930 quae
659 890 744 921 sunt
770 889 805 922 in
833 888 940 924 codd.
971 889 1070 932 „EB“
1100 902 1133 924 n.
1163 891 1229 925 172
1257 892 1324 926 178
1354 892 1420 926 184
1446 895 1482 927 et
1511 893 1611 935 „EN‘
1642 906 1676 929 n.
1705 895 1782 937 122,
1809 897 1846 930 et

83 947 129 969 ex
155 937 388 982 autographo,
425 939 517 982 quod
553 943 609 973 est
641 941 677 974 in
708 940 810 981 ,ΕΝ“ι
839 954 872 975 11.
903 943 979 976 117.
1032 943 1149 977 Etiam
1187 943 1248 988 (ex
1281 945 1406 980 iisdem
1433 946 1640 992 archetypis
1674 950 1711 982 et
1745 950 1844 983 auto-

83 988 236 1034 grapho)
265 990 300 1024 in
327 990 415 1036 Epp.
443 993 566 1026 Nadal
592 993 642 1027 III
669 994 807 1028 58—59
834 995 880 1029 82
908 995 974 1029 126
1003 996 1069 1030 175
1096 997 1176 1032 204.

205 1061 304 1102 Quod
332 1062 499 1095 Canisius
518 1066 628 1106 petit:
663 1065 704 1098 Ut
735 1065 973 1100 Theodoricus
1004 1068 1124 1110 frater
1157 1068 1272 1111 ipsius
1291 1071 1516 1112 provinciam
1547 1072 1762 1105 Germaniae
1785 1083 1843 1106 su-

78 1114 249 1158 perioris,
276 1125 380 1157 quam
406 1127 525 1158 reyere
551 1119 670 1161 coepit,
691 1129 760 1160 per
785 1123 855 1152 tres
880 1130 995 1153 annos
1019 1132 1138 1164 reyere
1163 1123 1339 1166 iubeatur,
1365 1124 1404 1156 id
1428 1128 1457 1157 et
1482 1124 1637 1167 Boryiae
1662 1130 1691 1157 et
1716 1125 1844 1158 Natali·

76 1166 205 1210 placet,
240 1178 307 1211 quo
343 1169 490 1201 liberius
522 1170 581 1202 ille
607 1173 717 1213 possit
743 1174 945 1206 contionari
978 1178 1008 1206 et
1033 1175 1186 1208 scribere
1211 1179 1270 1210 ete.
1324 1176 1423 1218 Quod
1448 1181 1564 1210 tamen
1589 1182 1619 1211 et
1644 1178 1787 1212 Natalis
1812 1183 1842 1212 et

85 1219 255 1253 Canisius
280 1226 416 1255 censent
442 1233 511 1255 non
540 1234 609 1256 esse
628 1226 943 1270 promulyandwn‚
971 1231 1160 1270 antequam
1177 1229 1322 1262 Natalis
1340 1231 1460 1263 omnia
1472 1232 1681 1272 provinciae
1698 1233 1842 1275 colleyta

81 1273 285 1307 visitaverit.
344 1275 497 1318 Boryias
528 1278 832 1321 proiiztclyationis
868 1284 1003 1322 tempus
1036 1281 1180 1314 Natalis
1217 1283 1370 1316 arbitrio
1406 1284 1588 1327 permittit,
1626 1295 1667 1317 ac
1701 1286 1842 1318 tandem

81 1325 208 1359 Natali
231 1329 413 1370 permittit,
442 1333 477 1361 ut
502 1333 645 1373 statuat,
675 1335 750 1363 uter
775 1343 818 1364 ex
846 1332 1002 1366 (lanistis
1024 1335 1258 1376 provincialis
1282 1337 1326 1368 sit
1350 1337 1509 1378 futurus.

200 1380 236 1413 S.
263 1380 483 1414 Franciscus
508 1383 662 1425 Borqtas
694 1386 919 1427 praepositus
950 1388 1127 1429 generalis
1153 1388 1190 1421 S.
1219 1390 1254 1422 J.
1291 1389 1331 1422 Ρ.
1357 1390 1484 1422 Natali
1516 1391 1694 1424 visitatori
1726 1392 1840 1425 Roma

83 1433 113 1465 9.
142 1433 284 1474 Aprilis
313 1436 404 1467 1566
428 1436 571 1478 scripsit
597 1436 638 1469 de
665 1437 703 1470 P.
730 1438 834 1471 Petro
864 1438 1008 1473 canisio
1034 1451 1076 1473 ac
1102 1441 1142 1474 de
1168 1442 1206 1475 P.
1240 1441 1456 1476 Theodorico
1485 1443 1641 1487 Canisz‘o,
1680 1446 1743 1488 qui
1766 1446 1840 1478 iam

82 1485 163 1518 inde
197 1496 219 1517 a
244 1497 288 1519 m.
316 1488 440 1529 Aprili
466 1499 497 1522 a.
528 1491 619 1522 1565
644 1500 717 1532 pro
744 1491 848 1524 Petro
882 1492 1000 1533 fratre
1030 1495 1256 1536 provinciam
1287 1496 1502 1529 Germaniae
1537 1498 1736 1540 superioris
1761 1509 1839 1530 cum

84 1539 428 1581 ,.viceprovineiaiis“
466 1544 606 1574 nomine
641 1544 917 1578 administrabat
953 1547 1001 1587 (v.
1038 1557 1151 1589 supra
1181 1559 1218 1590 p.
1255 1551 1301 1581 33
1336 1550 1447 1589 320):
1485 1548 1527 1582 El
1560 1549 1669 1594 padre
1697 1549 1839 1584 canisio

79 1589 279 1624 Prouintial
306 1592 443 1626 escriue
470 1592 573 1627 sobre
599 1593 633 1628 13
658 1594 915 1631 Continuacion
942 1598 999 1632 del
1025 1599 1195 1642 gouierno
1222 1600 1279 1634 del
1305 1600 1433 1635 Dottor
1458 1601 1676 1637 Theodorieo
1702 1615 1766 1647 por
1791 1615 1839 1637 un

79 1643 250 1683 trienni0;
284 1656 309 1689 y
336 1656 400 1679 aea
426 1657 555 1690 parece
582 1647 661 1680 bien
688 1659 822 1693 porque
857 1649 890 1683 el
915 1651 1031 1695 pueda
1056 1663 1171 1695 segun
1196 1664 1239 1687 su
1265 1654 1479 1689 inclinacion
1513 1667 1539 1700 y
1563 1656 1761 1700 particular
1786 1659 1838 1691 13-

78 1695 176 1730 lento
202 1708 270 1741 que
296 1698 390 1731 tiene
426 1710 484 1733 ser
509 1711 587 1734 mas
613 1700 712 1743 libre,
748 1713 772 1746 y
798 1704 900 1737 tener
925 1715 1003 1738 mas
1028 1705 1161 1750 tiempo
1195 1718 1282 1751 para
1317 1707 1488 1752 predicar,
1524 1710 1670 1751 screuir,
1705 1721 1729 1754 y
1756 1721 1838 1744 con-

79 1760 203 1783 uersar
230 1752 307 1784 ,etc

198 1805 255 1836 Aa
292 1804 376 1837 haee
410 1805 556 1839 Natalis
591 1808 752 1850 Auynsta
779 1810 835 1842 27.
864 1811 1006 1852 Aprilis
1032 1813 1125 1844 1566
1158 1813 1315 1855 Boryiae
1347 1816 1550 1858 respondit:
1588 1814 1727 1856 Quanto
1765 1815 1836 1850 alla

78 1856 343 1890 continuatione
378 1857 434 1891 del
460 1858 627 1893 Triennio
663 1860 719 1894 del
746 1861 861 1895 Padre
888 1862 1117 1905 Theoderico,
1153 1865 1188 1899 al
1214 1866 1330 1900 Padre
1357 1867 1499 1901 Canisio
1535 1871 1570 1901 et
1605 1870 1625 1902 3
1660 1880 1715 1901 me
1749 1880 1835 1913 pare

78 1907 266 1943 ch'insino
302 1921 321 1943 a
356 1910 421 1944 che
456 1911 488 1944 io
524 1911 631 1946 habbi
657 1917 804 1958 passato
839 1927 902 1959 per
928 1917 1046 1960 questi
1073 1917 1225 1963 collegij,
1262 1921 1298 1953 et
1332 1920 1471 1964 parlato
1498 1933 1562 1955 con
1587 1922 1674 1955 tutti
1708 1933 1777 1956 non
1803 1921 1834 1956 si

76 1961 245 2005 publichi,
272 1962 375 2007 dapoi
401 1964 431 1997 si
458 1964 537 1998 fara
562 1977 627 1999 con
653 1966 688 2000 la
714 1966 845 2001 Diuina
871 1969 1007 2011 gratia;
1046 1971 1081 2003 in
1108 1975 1235 2015 questo
1262 1984 1379 2007 mezzo
1406 1974 1435 2007 si
1462 1985 1662 2016 gouernara
1688 1974 1723 2008 la
1748 1975 1834 2008 Pro-

76 2014 194 2048 uincia
230 2026 328 2049 come
364 2016 478 2051 insino
505 2029 525 2051 3
553 2019 624 2062 qui.
675 2019 722 2054 Et
748 2031 852 2064 spero
878 2021 936 2055 nel
963 2021 1110 2065 Signore
1138 2024 1190 2058 ch'
1212 2024 1234 2058 il
1263 2025 1377 2059 Padre
1405 2026 1546 2061 Canisio
1571 2029 1699 2072 puotriz
1725 2027 1833 2062 molto

76 2065 144 2100 ben
170 2068 305 2101 seruire
331 2069 366 2102 in
393 2070 483 2103 altre
509 2082 600 2105 cose.

199 2121 284 2154 Cam
313 2127 428 2156 (cutem
447 2124 591 2157 Natalis
618 2126 763 2167 infirma
782 2127 980 2161 valetudine
997 2130 1237 2171 afflictaretur
1264 2136 1293 2164 et
1319 2134 1366 2165 ad
1384 2144 1498 2176 aquas
1514 2135 1697 2176 spadanas
1716 2134 1830 2177 (Spa)

72 2173 253 2216 proficisci
278 2177 455 2220 cossium-et,
482 2178 636 2221 Boryias
662 2179 773 2212 Roma
800 2183 854 2213 16.
883 2182 977 2215 Mate?
1005 2185 1095 2215 1566
1125 2185 1156 2216 el
1190 2187 1391 2228 respondit:
1425 2186 1475 2220 La
1501 2185 1740 2231 publicatione
1775 2187 1832 2221 del

73 2225 227 2259 triennio
253 2227 310 2261 del
336 2228 452 2262 Padre
479 2229 696 2264 Tlieodorico
723 2232 753 2265 si
780 2232 894 2267 faccia
920 2235 1060 2278 quando
1088 2248 1214 2280 patera
1240 2239 1259 2271 ἐι
1287 2238 1342 2272 .V.
1369 2239 1586 2273 Reuerenza.

192 2280 335 2314 Natalis
369 2294 448 2315 vero
475 2284 623 2326 Dilinya
661 2288 690 2318 6.
718 2286 806 2319 Iulii·
834 2289 935 2331 1566,
973 2300 1051 2322 cum
1089 2291 1158 2322 iam
1184 2292 1428 2325 Vindobouam
1458 2298 1539 2326 esset
1564 2295 1749 2337 petiturus,
1784 2295 1832 2327 acl

75 2333 245 2375 Bor-(siam
279 2346 346 2367 sua
381 2347 489 2369 mama
515 2338 653 2370 litteras
678 2340 783 2382 dedit,
819 2341 857 2373 vin
884 2342 1010 2384 quibus
1044 2354 1081 2375 eo
1107 2344 1149 2376 de
1174 2346 1309 2386 neyotio
1343 2347 1393 2378 ita
1420 2347 1582 2380 disserit:
1617 2347 1660 2381 Jo
1695 2349 1751 2381 sto
1786 2359 1830 2381 011

74 2385 180 2418 dubio
206 2386 267 2420 etb
292 2388 340 2421 mi
375 2388 582 2423 inclinareic
609 2402 629 2424 a
664 2391 720 2424 far
755 2393 950 2436 prouincia]
987 2394 1012 2428 il
1040 2407 1083 2440 .p.
1111 2395 1341 2432 theodorico.
1362 2400 1443 2432 1113(ἰ
1470 2411 1537 2433 non
1564 2402 1666 2433 trouo
1692 2400 1749 2434 chi
1775 2401 1829 2434 sia

72 2440 189 2472 rector
215 2440 249 2473 di
276 2440 437 2484 dilinga.
458 2445 522 2476 che
549 2443 702 2488 importa
737 2445 791 2479 sia
817 2446 1030 2489 sufficiente,
1059 2476 1093 2483 ..
1114 2476 1121 2483 .
1149 2461 1183 2483 v.
1210 2462 1243 2495 p.
1273 2451 1318 2484 mi
1346 2452 1424 2485 dica
1450 2451 1484 2486 la
1510 2452 1659 2486 volunta
1684 2464 1760 2495 sua,
1796 2454 1828 2487 io

72 2503 141 2525 non
168 2495 307 2526 mutaro
334 2494 452 2528 niente
478 2496 526 2529 fin
553 2496 624 2530 alla
649 2499 792 2531 tornata
819 2499 852 2543 dj
881 2511 1003 2543 praga.

191 2547 381 2589 Respondit
406 2549 560 2591 Boryias
585 2551 698 2583 Roma
724 2554 780 2586 27.
807 2553 897 2586 Iulii
924 2557 1035 2588 1566:
1068 2554 1133 2588 Del
1159 2556 1216 2589 far
1241 2556 1465 2591 Prouinciale
1500 2558 1524 2591 11
1551 2559 1589 2593 P.
1617 2558 1737 2593 Pietro
1763 2560 1827 2594 Ca-

72 2598 174 2639 nisio,
201 2601 220 2633 ὸ
246 2611 309 2633 suo
336 2601 490 2642 fratello,
512 2629 518 2635 .
540 2630 546 2636 .
567 2630 574 2636 .
602 2603 635 2636 io
661 2604 707 2636 mi
736 2604 878 2639 rimetto
905 2606 939 2639 31
965 2618 1070 2651 parer
1097 2608 1130 2641 di
1151 2609 1191 2642 V.
1219 2609 1260 2644 R.

73 2717 180 2754 896
208 2719 285 2753 sive
312 2729 426 2755 var.
447 2719 575 2766 (16).
650 2721 678 2757 Α
706 2723 821 2759 medio
848 2734 892 2760 111.
912 2724 1003 2761 Maio
1031 2726 1075 2762 ad
1101 2726 1287 2764 ineuntem
1313 2739 1360 2765 111.
1379 2729 1609 2767 Decembrem
1636 2731 1730 2768 1566.

190 2791 243 2824 Ex
269 2790 486 2836 archetypis,
513 2803 604 2835 quae
631 2796 716 2828 sunt
742 2794 776 2828 in
806 2796 909 2838 „EN“
935 2809 968 2831 n.
991 2798 1143 2833 129144
1170 2803 1205 2834 et
1228 2801 1326 2842 „Ess“
1350 2814 1381 2836 11.
1404 2803 1469 2837 186
1492 2804 1567 2845 190,
1594 2806 1630 2838 et
1655 2816 1699 2838 ex
1727 2808 1823 2840 auto-

70 2843 216 2888 grapho,
243 2844 336 2888 quod
363 2847 418 2878 est
444 2845 478 2878 in
510 2845 610 2887 „EN‘
640 2859 672 2880 n.
704 2848 779 2882 161.
832 2849 948 2883 Etiam
977 2851 1038 2892 (ex
1066 2852 1191 2887 iisdem
1218 2854 1426 2899 archetypis
1452 2859 1488 2890 et
1513 2858 1752 2903 autographo)
1789 2860 1824 2893 in

70 2897 158 2941 Epp.
185 2898 306 2931 Nadal
332 2897 381 2930 111
411 2898 476 2932 135
506 2899 688 2934 195—197
717 2901 904 2938 229-230
931 2904 998 2939 309
1025 2905 1104 2939 326.

187 2968 225 3001 I'.
246 2969 387 3002 Natalis
411 2970 570 3003 visitator
595 2972 641 3015 id,
670 2974 762 3015 quod
786 2974 854 3006 sibi
872 2978 1063 3018 proposuit
1088 2978 1129 3010 (le
1148 2978 1185 3011 P.
1210 2978 1424 3013 sl'lieodomco
1445 2981 1588 3015 Canisio
1613 2986 1747 3016 rectore
1771 2985 1821 3016 di·-

69 3021 214 3064 Zinyano
232 3022 304 3054 loco
325 3022 421 3055 Petri·
442 3023 579 3056 Caussa·
591 3027 811 3066 provinciali
833 3030 1047 3062 Germaniae
1064 3032 1260 3073 superioris
1278 3034 1440 3076 creando,
1459 3037 1600 3078 exsequi
1617 3047 1684 3069 non
1706 3038 1822 3080 audet,

69 3084 146 3106 cum
173 3079 336 3107 rectorem
362 3079 469 3107 totum
508 3078 542 3108 in
570 3088 633 3110 suo
660 3080 787 3122 officio,
811 3082 1063 3122 provincialem
1090 3088 1197 3116 totum
1235 3087 1268 3117 in
1305 3097 1369 3119 sno
1395 3098 1463 3120 esse
1489 3093 1655 3130 oporteat.
1706 3090 1759 3123 De.
1783 3101 1822 3123 re

186 3150 213 3179 a)
234 3149 371 3180 Sequitur
390 3149 431 3179 su,
451 3151 540 3176 obliti.
603 3151 632 3184 b)
654 3154 699 3178 Ita
720 3155 787 3180 Nat.
808 3156 934 3180 ‹rm-reric
954 3164 989 3181 es
1009 3156 1072 3182 elie.
1140 3159 1166 3189 c)
1188 3161 1210 3184 ,Ἰ
1228 3161 1262 3185 Ν.
1278 3165 1434 3187 verret-tum
1455 3171 1491 3188 01·
1511 3163 1632 3191 inclino.
1693 3165 1723 3197 d)
1744 3168 1767 3191 A
1786 3168 1819 3191 N.

67 3192 223 3213 correctum
243 3197 279 3214 ei·
298 3190 337 3214 01.
