2045 3471
220 187 305 229 856
526 186 621 220 Mon.
640 186 708 220 910
734 185 811 219 sive
838 195 914 218 var.
934 183 1024 227 (30).
1067 183 1097 216 A
1125 182 1156 216 d.
1176 182 1233 217 30.
1250 183 1342 217 Iunii
1368 183 1411 217 ad
1439 183 1470 217 7.
1489 182 1569 216 Iulii
1589 182 1691 216 1567.

228 305 245 339 1
272 303 422 338 fratrem
448 303 590 344 laicum,
620 304 635 337 1
665 313 832 347 puerum:
868 300 1046 343 degebant
1071 302 1192 334 autem
1220 300 1256 334 in
1283 300 1397 341 domo,
1429 312 1521 344 quae
1546 299 1707 344 primarii
1733 298 1988 334 contionatoris

228 356 349 391 fuerat
369 355 592 400 (Sacchinus,
611 355 705 389 Hist.
726 354 759 388 S.
779 355 812 389 J.
832 353 882 387 111
900 353 922 387 l.
943 353 962 387 3
981 364 1014 387 n.
1036 353 1131 395 136).
1175 353 1311 387 Deinde
1328 352 1502 393 Andreas,
1530 353 1572 387 de
1590 352 1734 386 sacellis
1753 351 1788 386 S.
1807 351 1990 386 Laurentii

227 412 264 444 et
280 409 314 444 S.
333 409 483 449 Nicolai,
510 421 602 453 quae
621 408 803 442 Sociorum
829 406 910 440 usui
937 406 1124 448 assignata
1143 408 1255 446 erant,
1282 406 1454 447 scribens,
1481 405 1729 449 Magdalenae,
1756 404 1987 449 Margaritae,

223 462 383 496 Helenae
409 462 734 496 archiducissarum
760 460 817 493 his
834 458 955 493 verbis
982 458 1125 492 extollit
1141 459 1444 494 munificentiam:
1476 458 1727 504 ,Splendorem
1744 457 1801 492 his
1819 469 1986 502 magnum

230 515 470 549 adhibuerunt
497 526 577 549 cum
604 513 798 548 incolarum
826 523 983 553 munera,
1011 514 1087 545 tum
1114 512 1426 547 serenissimarum
1445 512 1615 546 Austriae
1633 511 1838 555 reginarum
1855 510 1989 554 regalis

224 568 480 606 munificentia,
516 567 645 612 quibus
670 567 762 600 satis
786 577 853 599 non
882 567 959 598 erat
984 563 1026 598 R.
1045 565 1086 599 P.
1104 564 1295 599 Rectorem
1320 566 1480 610 ipsarum
1514 565 1551 599 in
1576 564 1823 609 spiritualibus
1849 566 1987 609 patrem

225 633 267 656 ac
285 620 553 655 Confessarium
572 619 791 654 ornamentis
817 617 982 652 uenustis
1006 617 1043 651 in
1069 629 1172 652 usum
1193 618 1377 653 Ecclesiae
1395 619 1541 652 directis
1568 618 1810 652 discedentem
1828 628 1987 657 onerare,

226 674 374 708 calicem
411 685 570 714 aureum,
606 672 773 717 capsulae
808 670 1072 716 pulcherrimae
1098 671 1216 706 omnia
1253 672 1430 706 sacerdoti
1456 671 1680 705 celebraturo
1714 670 1918 704 necessaria
1951 669 1987 703 in

226 739 264 761 se
289 727 435 761 habenti
460 726 650 766 inclusum,
677 736 766 770 opus
792 724 881 758 miro
908 724 1060 759 artificio
1079 727 1284 759 extructum
1305 732 1342 759 et
1367 726 1466 769 regio
1492 725 1639 768 dignum
1665 724 1755 758 dono
1782 724 1877 759 dare.
1919 723 1987 758 Sed

226 781 351 825 paucis
376 782 458 824 post
484 780 608 813 diebus
635 777 834 823 corporalia
860 780 899 811 ut
932 778 1087 811 uocant¹
1113 777 1173 812 filo
1207 778 1428 819 tenuissimo,
1463 789 1602 823 pannos
1635 777 1794 811 turcicae
1823 778 1989 811 texturae

226 833 341 867 lineos
368 844 447 867 cum
475 832 555 877 alijs
580 831 772 877 permultis
798 831 930 864 diuinis
955 830 1081 865 usibus
1107 831 1262 865 addictis
1288 832 1475 873 miserunt,
1510 842 1577 865 nec
1601 830 1739 865 sicdum
1775 830 1881 864 dandi
1907 829 1988 864 finis

226 886 305 927 fuit,
333 913 339 920 .
360 913 367 920 .
389 912 396 919 .
422 886 600 920 sarcinam
627 895 795 928 magnam
823 911 829 917 .
851 912 857 918 .
879 911 886 918 .
914 884 959 918 ad
985 895 1049 917 nos
1076 883 1209 918 deferri
1236 888 1418 925 curarunt,
1447 884 1504 918 cui
1530 884 1714 929 byssinam
1735 882 1902 917 Casulam
1929 895 1988 917 ex-

227 939 341 983 ceptis
367 938 448 983 alijs
475 938 576 972 donis
602 938 718 972 colore
745 938 908 971 caeruleo
935 936 1114 971 cernimus
1140 937 1327 979 inclusam,
1364 949 1506 972 crucem
1532 949 1618 971 auro
1645 938 1681 970 et
1706 939 1854 980 argento
1879 936 1990 970 inter-

226 993 383 1032 textam,
428 993 555 1025 ornatu
598 1003 639 1025 ac
682 990 945 1025 oblectamento
987 990 1137 1024 mirifico
1175 990 1386 1025 habentem:
1430 991 1596 1036 Pyramis
1639 1001 1778 1034 quoque
1815 989 1987 1034 preciosa,

227 1047 432 1079 sanctorum
458 1045 629 1088 reliquias
654 1045 763 1089 bysso
790 1044 900 1078 rubea
925 1043 1102 1087 uitrisque
1129 1043 1322 1088 perlucidis
1348 1056 1390 1078 ac
1416 1044 1591 1078 teretibus
1625 1043 1764 1077 insutas
1790 1043 1988 1083 continens,

228 1098 470 1132 diuidentibus
495 1099 589 1132 nitra
615 1097 791 1132 columnis
809 1097 1001 1140 argenteis,
1027 1097 1158 1131 donata
1176 1101 1241 1131 est.
1273 1097 1403 1131 Mirum
1423 1097 1521 1131 dictu
1539 1108 1646 1141 quam
1665 1098 1814 1130 exornet
1831 1095 1989 1130 uarietas

229 1151 384 1186 colorum
421 1153 526 1194 grata
562 1162 722 1196 opusque
756 1150 848 1184 mira
882 1150 1034 1184 artificis
1060 1162 1174 1194 ,manu
1210 1150 1399 1184 caelatum.
1460 1150 1654 1185 Declarant
1691 1149 1989 1194 praeclarissimis

229 1205 330 1239 donis
364 1205 439 1239 suis
474 1206 619 1248 reginae
654 1204 906 1238 serenissimae
941 1215 1010 1248 quo
1045 1203 1080 1237 in
1107 1203 1320 1238 Societatem
1358 1204 1522 1238 ferantur
1557 1203 1684 1244 animo,
1721 1214 1762 1237 ac
1797 1202 1904 1237 simul
1930 1214 1988 1236 ue·

229 1258 429 1345 hgmenterx·7
452 1258 641 1292 obsecrant
678 1269 824 1302 precum
861 1258 1065 1291 nostrarum
1101 1257 1295 1302 participes
1330 1257 1427 1291 fieri*
1471 1257 1533 1300 (ex
1571 1256 1767 1301 archetypo
1805 1255 1988 1301 exemplo;

233 1339 246 1353 ,‚
268 1328 295 1345 τ.
315 1311 377 1356 Ep.
432 1311 502 1345 111²
532 1311 555 1345 f.
576 1311 689 1354 282b).

353 1432 362 1450 ¹
389 1429 442 1464 Cf.
473 1431 559 1464 Can.
587 1429 637 1463 IV
664 1429 759 1463 815¹.
