2045 3471
224 201 327 236 1324.
354 201 519 236 Canisius
546 200 580 235 S.
603 201 794 235 Francisco
820 200 863 234 de
889 200 1030 243 Borgia.
1081 199 1247 242 Augusta
1265 199 1371 234 Vind.
1393 199 1446 234 13.
1465 199 1551 233 Maii
1579 199 1682 234 1566.
1749 202 1833 243 263

73 321 177 355 molto
202 319 416 362 infor-matta
433 318 505 362 [.2]‚
532 324 561 352 et
583 323 689 362 parte
711 331 778 362 per
803 324 932 363 questo,
959 318 1013 351 etb
1032 317 1093 361 [ἓ]
1107 323 1212 362 parte
1232 329 1300 361 per
1326 319 1347 351 l’
1368 319 1479 361 obliyo
1504 318 1663 362 speciale,
1690 318 1748 351 che
1773 319 1836 351 noi

71 375 231 416 ltazcemo,
258 383 329 406 non
356 383 583 405 onam-(cremo
610 373 648 405 dt
671 373 735 414 far
761 373 881 416 qualsi
904 372 1023 415 uoylia
1041 372 1128 405 bono
1147 371 1276 414 officio,
1304 371 1363 404 che
1380 373 1420 404 in
1437 382 1501 404 suo
1523 372 1671 404 seruitio
1688 372 1835 404 secondo

73 428 108 460 la
144 430 266 460 nostra
297 426 528 468 professione,
558 429 719 468 potr-emo
752 426 834 467 fare
867 425 890 458 ὰ
921 425 1041 468 yloria
1075 425 1239 458 d’Jddio
1270 424 1315 458 N.
1345 422 1530 467 δέρων-ΒΧ(
1581 425 1696 467 Atque
1730 424 1832 456 etiam

71 481 187 513 Roma
214 482 244 512 6.
263 480 354 512 Iulii
381 481 473 512 1566
498 479 652 521 Borqias
681 478 827 511 canisio
851 478 1017 521 scribens,
1053 479 1261 511 mentionem
1285 478 1377 519 facit
1402 477 1484 519 [di]
1514 477 1646 520 „quelle
1671 478 1709 509 oli
1734 477 1771 510 V.
1791 478 1834 510 R.

72 534 111 566 di
136 535 202 566 .13.
229 533 268 565 cli
293 533 435 575 Mayyio
462 533 495 564 cl’
514 529 710 573 Aztyusta‘st
761 532 940 564 Polancus
964 535 1079 564 autem
1106 532 1145 564 in
1171 531 1321 573 epistula
1347 531 1460 563 Roma
1486 532 1543 564 23.
1562 531 1652 562 Iulii
1671 532 1762 564 1566
1787 531 1835 563 ad

76 586 259 620 canisium
285 585 394 618 data:
420 582 655 628 „Hctuemlo“,
681 585 808 627 inquit,
838 585 905 627 „N.
925 585 1044 617 Padre
1065 584 1238 617 Generale
1261 584 1352 625 fatto
1377 583 1533 626 risposta
1559 584 1627 616 alle
1652 584 1772 616 ultime
1797 584 1836 616 oli

71 640 108 672 V.
129 640 172 672 R.
199 638 257 672 che
282 649 391 671 erano
417 649 452 671 se
477 639 526 670 mi
551 638 693 671 rz‘corclo
720 638 760 670 cle
788 640 855 671 .19.
875 638 917 670 de
942 639 1079 681 mayyz'o
1105 642 1135 670 et
1162 640 1228 670 .15.
1256 637 1294 669 dt
1316 638 1448 679 yiuyno
1468 662 1475 669 .
1495 640 1614 679 questa
1639 634 1747 669 sora“
1776 641 1835 670 etc.

71 692 137 726 Ubi
164 702 236 735 pro
263 689 376 735 „.19.“
405 692 548 724 omnino
582 691 721 723 videtur
754 691 955 733 ponendum
989 691 1101 732 fuisse
1128 688 1267 734 „.13.“;
1302 700 1412 733 neque
1448 690 1539 722 enim
1567 690 1728 732 epistula,
1765 700 1835 732 qua

71 746 227 788 Boryias
258 745 306 777 ad
339 744 477 777 litteras
502 755 524 776 α
551 743 655 776 Petro
685 743 830 777 canisio
868 745 921 777 19.
949 743 1044 776 Maii
1068 744 1117 776 ad
1149 754 1184 776 se
1218 743 1322 776 datas
1347 743 1581 787 responderit,
1615 743 1654 775 in
1680 743 1836 784 Borqz'ae

71 799 221 842 reyistro
247 802 448 840 comparem·
472 797 578 839 facile
604 801 719 829 autem
745 796 831 837 fieri
846 800 999 839 poterat,
1025 801 1065 829 ut
1083 796 1278 829 Polancum
1303 807 1343 829 ea
1369 796 1408 829 in
1426 807 1465 829 re
1483 797 1653 829 memoria
1677 796 1836 838 falleret,-

71 852 127 884 die
168 851 260 884 enim
304 853 357 884 19.
394 850 490 883 Maii
531 849 768 882 Tlaeocloriens
813 849 980 882 Canisins
1018 849 1171 891 Boryz'ae
1212 850 1356 892 scripsit
1396 848 1495 891 [vide
1535 849 1639 891 infra
1680 859 1834 881 monum.

70 905 174 938 varia
202 903 322 946 (13)],
353 907 382 936 et
406 903 472 936 leae
497 903 589 935 duae
618 902 844 935 Canisiorum
872 903 1042 944 epistulae
1067 903 1215 936 Romam
1240 903 1347 935 simul
1368 903 1529 945 perlatae
1555 913 1624 935 esse
1648 902 1836 942 videntum·

71 962 161 990 certe
184 958 350 1000 Boryz'as,
386 967 463 988 cum
491 957 544 989 18.
572 956 674 988 Iunii
699 956 804 988 Petro
833 956 980 989 Canisio
1015 956 1252 999 responderet,
1288 966 1323 988 se
1357 967 1397 988 ea
1431 957 1510 998 ipsa
1545 955 1695 998 epistula
1730 956 1834 988 etiam

76 1010 290 1044 Theodorz’co
316 1009 527 1052 respondere
552 1008 634 1041 relle
658 1008 882 1051 sifflzificave't.

190 1072 282 1115 Quid
317 1085 337 1107 a
365 1072 508 1107 Canisio
543 1072 718 1116 scriptum
753 1071 812 1113 sit,
849 1072 965 1114 magis
999 1071 1213 1114 singillatim
1249 1072 1472 1116 intellegitur
1499 1083 1543 1105 ex
1578 1071 1655 1116 ipso
1682 1071 1835 1112 Canisio,

70 1125 215 1170 Dilinga
250 1127 282 1160 6.
300 1125 383 1160 Iulii
412 1126 501 1160 1566
528 1125 681 1168 Borgiae
717 1125 762 1159 ad
796 1125 910 1169 ipsius
945 1124 1086 1158 litteras
1116 1125 1168 1159 18.
1188 1125 1280 1158 Iunii
1307 1125 1410 1159 datas
1444 1124 1544 1166 haec,
1576 1126 1720 1169 praeter
1754 1123 1834 1165 alia,

70 1179 329 1224 respondente:
360 1177 506 1222 „Quello
525 1178 579 1212 ch'
599 1179 631 1212 io
658 1178 781 1212 scrissi
800 1178 836 1211 in
862 1178 1168 1212 commendatione
1195 1178 1251 1212 del
1270 1178 1380 1220 Duca,
1407 1178 1445 1212 fii
1471 1178 1563 1212 fatto
1590 1177 1648 1211 all'
1663 1176 1836 1211 instantia

71 1232 154 1267 delli
188 1233 264 1267 suoi
291 1231 522 1275 Conseglieri,
559 1231 583 1265 li
610 1231 731 1276 quali⁰
757 1231 892 1265 lessero
928 1230 1047 1275 quella
1082 1231 1220 1272 lettera,
1257 1231 1457 1276 piacendoli
1493 1242 1623 1265 ancora
1659 1230 1693 1265 al
1717 1230 1834 1264 Padre

69 1285 212 1321 Natale.
254 1286 298 1320 Jo
324 1288 422 1319 certo
448 1284 538 1318 farei
564 1284 635 1318 mal
654 1284 843 1318 uolontieri
868 1284 934 1318 tali
960 1283 1099 1329 seruitij
1127 1284 1161 1318 di
1187 1296 1396 1329 promouere
1422 1296 1470 1318 un
1496 1284 1649 1328 giouane
1675 1286 1695 1318 a
1715 1283 1834 1317 Prela—

69 1342 162 1373 tura.
211 1338 273 1373 Ma
299 1338 409 1383 quelli
444 1338 566 1381 agenti
593 1337 649 1371 del
675 1337 787 1379 Duca,
823 1337 888 1371 che
914 1339 1042 1371 stanno
1068 1337 1104 1370 in
1129 1337 1252 1378 Roma,
1283 1337 1422 1371 dettero
1448 1338 1575 1381 questo
1607 1336 1787 1380 conseglio
1814 1338 1833 1370 a

71 1391 182 1436 quelli
208 1391 264 1425 del
290 1392 408 1426 Duca‘
442 1390 504 1434 (ex
529 1391 685 1433 imagine
711 1390 887 1435 photogr.‚
915 1391 957 1424 de
984 1402 1054 1434 qua
1080 1390 1174 1424 infra
1200 1402 1253 1435 ep.
1280 1402 1313 1424 n.
1344 1389 1461 1434 1336).

188 1445 336 1479 Alberto
362 1445 406 1478 V.
432 1444 610 1478 Bavariae
645 1444 726 1478 duci
759 1445 835 1477 tres
862 1446 964 1477 erant
997 1443 1061 1477 filii
1090 1443 1186 1478 vivi:
1223 1443 1446 1485 Guilielmus,
1481 1443 1736 1484 Ferdinandus,
1772 1442 1834 1476 Er-

69 1500 207 1532 nestus.
258 1497 346 1532 Cum
372 1499 492 1532 autem
523 1497 583 1531 lex
609 1497 924 1541 primogeniturae,
960 1508 1067 1540 quam
1093 1498 1234 1538 vocant,
1268 1496 1305 1530 in
1330 1496 1468 1530 familia
1502 1496 1632 1530 ducum
1657 1495 1834 1529 Bavariae

69 1551 170 1585 initio
196 1551 332 1586 saeculi
358 1550 455 1585 XVI.
481 1550 565 1592 lata,
592 1550 749 1584 nondum
775 1550 878 1594 plene
904 1550 940 1583 in
966 1552 1043 1583 tuto
1070 1549 1244 1584 collocata
1270 1549 1330 1584 vel
1364 1549 1515 1583 firmiter
1540 1548 1701 1583 stabilita
1727 1551 1833 1590 esset,

69 1603 210 1638 Alberti
235 1604 388 1638 multum
415 1604 600 1644 intererat,
633 1606 673 1637 ut
699 1603 922 1636 Ferdinando
950 1604 986 1636 et
1010 1603 1173 1643 Ernesto,
1209 1603 1302 1636 unde
1328 1603 1454 1636 vivere
1479 1604 1636 1648 possent,
1671 1601 1834 1646 provide-

68 1659 178 1692 retur.
222 1657 394 1692 Curatum
413 1659 469 1691 est
486 1657 608 1699 igitur,
627 1658 667 1690 ut
685 1656 859 1690 Ernestus
881 1655 1001 1698 (huius
1020 1656 1178 1689 animum
1196 1656 1240 1690 ad
1259 1667 1373 1699 genus
1384 1655 1530 1689 vivendi
1548 1655 1833 1689 ecclesiasticum

68 1710 260 1745 inclinasse
286 1710 423 1754 ferunt)
446 1721 476 1744 a.
499 1710 587 1744 1565
615 1709 851 1754 capitulorum
878 1709 1234 1753 metropolitanorum
1257 1709 1536 1753 salisburgensis
1555 1710 1592 1742 et
1609 1707 1833 1744 coloniensis,

69 1776 114 1799 m.
133 1764 327 1798 Februario
354 1775 384 1798 a.
407 1764 497 1798 1566
516 1762 733 1797 cathedralis
759 1762 907 1807 capituli
933 1762 1194 1807 herbipolensis
1220 1762 1413 1796 canonicus
1440 1764 1632 1796 crearetur.
1684 1761 1723 1795 ld
1750 1773 1833 1806 quo·

69 1829 138 1862 que
163 1818 349 1861 agebatur,
376 1819 417 1851 ut
439 1817 614 1851 Ernestus
640 1815 829 1860 episcopus
856 1815 1135 1850 constitueretur
1159 1815 1399 1859 frisingensis.
1440 1815 1607 1859 Frisinga
1636 1814 1830 1859 (Freising)

68 1882 178 1916 prope
194 1870 424 1905 Monachium
450 1870 520 1904 sita
547 1872 603 1903 est
613 1883 620 1910 ;
647 1869 824 1903 Bavariae
850 1880 934 1913 pars
960 1868 1053 1902 haud
1074 1868 1206 1911 exigua
1231 1871 1340 1913 atque
1366 1869 1445 1913 ipsa
1462 1868 1548 1903 urbs
1570 1867 1834 1902 monachiensis

67 1924 104 1957 in
130 1923 376 1968 episcoporum
402 1923 543 1957 illorum
569 1934 673 1956 sacra
699 1922 836 1956 dicione
863 1933 904 1955 ac
934 1923 1113 1966 potestate
1140 1923 1260 1962 erant3
1297 1933 1342 1955 ex
1368 1921 1483 1955 altera
1509 1924 1611 1967 parte
1638 1921 1746 1955 duces
1780 1920 1833 1954 illi

69 1976 242 2011 ecclesiae
268 1975 496 2020 frisingensis
523 1977 625 2009 erant
649 1975 791 2020 patroni
820 1973 1165 2018 („Schirmvogte“)‚
1201 1986 1242 2009 ac
1268 1974 1485 2020 principatui
1512 1974 1620 2013 civili,
1656 1974 1717 2017 qui
1752 1985 1832 2007 cum

69 2030 277 2075 episcopatu
311 2029 373 2063 illo
408 2029 618 2063 coniunctus
653 2030 741 2069 erat,
776 2027 908 2073 optime
944 2028 1206 2069 consulebatur,
1242 2028 1273 2062 si
1302 2027 1543 2073 potentissimi
1578 2027 1629 2061 illi
1654 2027 1832 2061 Bavariae

69 2083 178 2117 duces
212 2094 291 2116 eum
327 2082 532 2116 tuebantur.
583 2081 702 2125 Atque
738 2082 788 2114 ita
824 2083 859 2114 et
893 2081 1087 2115 Mauritius
1122 2093 1143 2115 a
1178 2081 1356 2115 Sandizell
1394 2081 1583 2126 episcopus
1617 2080 1653 2113 in
1688 2079 1832 2113 Ernesti

68 2136 223 2178 gratiam
247 2135 365 2169 officio
392 2147 430 2168 se
449 2134 625 2175 abdicare,
653 2137 689 2168 et
715 2133 921 2168 cathedrale
939 2133 1136 2178 capitulum
1154 2133 1346 2168 Ernestum
1365 2134 1571 2178 episcopum
1589 2133 1657 2167 sibi
1675 2132 1832 2176 deligere

67 2188 186 2233 parati
212 2190 324 2222 erant.
368 2188 540 2221 Albertus
565 2187 676 2230 igitur
702 2187 802 2221 initio
829 2199 861 2221 a.
882 2187 972 2221 1566
991 2187 1187 2221 Martinum
1214 2187 1426 2230 Eisengrein
1453 2189 1489 2221 et
1514 2187 1681 2220 Ioannem
1699 2185 1832 2219 Pfister

71 2242 120 2285 (v.
147 2253 255 2287 supra
281 2253 314 2286 p.
338 2241 437 2283 146⁹)
465 2241 616 2274 Romam
642 2240 751 2280 misit,
778 2240 839 2284 qui
864 2251 936 2274 una
962 2252 1041 2274 cum
1068 2240 1117 2275 Io.
1145 2240 1258 2274 Paulo
1277 2240 1486 2275 Castellinio
1512 2240 1742 2284 procuratore
1767 2249 1831 2272 suo

64 2307 212 2329 romano
238 2306 258 2328 a
277 2294 311 2328 S.
330 2294 394 2328 Pio
406 2294 449 2328 V.
468 2295 714 2338 impetrarent,
742 2295 781 2327 ut
807 2296 843 2327 et
863 2293 1073 2327 Mauritium
1100 2293 1308 2338 episcopatu
1334 2293 1493 2327 solveret
1519 2294 1554 2327 et
1580 2304 1659 2326 cum
1679 2291 1830 2325 Ernesto

67 2348 303 2393 dispensaret.
338 2347 374 2382 Is
401 2348 494 2381 enim
523 2347 576 2381 17.
596 2346 803 2380 Decembris
831 2346 921 2381 1554
947 2348 1054 2380 natus
1081 2349 1176 2387 erat;
1204 2347 1280 2380 iure
1307 2349 1426 2380 autem
1454 2346 1622 2380 canonico
1648 2345 1718 2379 iam
1746 2344 1828 2378 olim

66 2404 210 2436 cautum
237 2403 324 2443 erat,
363 2404 422 2443 „ut
447 2399 567 2434 nullus
601 2399 637 2433 in
664 2399 870 2445 episcopum
896 2399 1100 2443 eligeretur,
1134 2400 1202 2434 nisi
1238 2400 1298 2444 qui
1332 2400 1403 2433 iam
1438 2399 1662 2442 trigesimum
1698 2409 1829 2432 annum

67 2456 198 2489 aetatis
224 2454 426 2498 exegisset“
459 2453 504 2496 (c.
534 2455 575 2492 7„
602 2452 634 2486 X
663 2454 692 2493 1,
720 2452 775 2496 6);
810 2453 845 2487 id
881 2453 974 2497 quod
1010 2453 1125 2487 denuo
1160 2453 1410 2487 confirmatum
1446 2455 1522 2486 erat
1548 2463 1569 2485 a
1595 2450 1743 2485 concilio
1769 2450 1830 2484 tri-

68 2508 212 2542 dentino
250 2507 361 2551 (Sess.
387 2506 518 2542 XXIV.
561 2506 613 2540 De
649 2506 713 2540 ref.
741 2517 770 2540 o.
799 2507 847 2549 1).
898 2506 985 2540 Pius
1019 2518 1125 2548 vero,
1160 2508 1200 2540 ut
1235 2508 1313 2540 erat
1347 2505 1467 2549 legum
1503 2504 1830 2539 ecclesiasticarum

68 2560 221 2604 diligens
247 2563 404 2601 exactor,
440 2559 542 2593 ducis
567 2558 744 2593 voluntati
778 2571 912 2593 morem
939 2570 1064 2602 gerere
1091 2559 1312 2603 gravabatur
1337 2570 1379 2592 ac
1405 2569 1480 2592 rem
1507 2558 1551 2591 ad
1577 2556 1829 2591 consistorium

67 2613 301 2648 cardinalium
337 2613 567 2648 deferendam
603 2623 681 2646 esse
717 2612 857 2646 dicebat
895 2611 1057 2656 (Pfleqer,
1092 2612 1226 2646 Martin
1262 2610 1475 2654 Eisengrein
1509 2610 1679 2653 47—52).
1730 2609 1829 2644 Haec

68 2678 147 2701 cum
173 2666 224 2700 ita
250 2669 382 2708 essent,
418 2665 557 2700 Alberti
593 2664 788 2699 consiliarii
814 2666 1002 2708 Augustae
1037 2665 1261 2699 comitiorum
1297 2675 1406 2698 causa
1433 2665 1632 2702 versantes,
1667 2662 1830 2707 inprimis

67 2718 187 2754 Simon
213 2719 428 2754 Thaddaeus
456 2719 532 2753 Eck
567 2717 814 2757 cancellarius,
849 2717 1067 2760 collegarum
1095 2718 1229 2751 Romae
1255 2718 1440 2760 agentium
1475 2727 1584 2750 suasu
1612 2715 1754 2750 canisio
1780 2715 1829 2749 in-

66 2773 223 2814 stabant,
258 2774 298 2806 ut
323 2772 465 2807 litteras
490 2772 639 2806 Romam
666 2771 837 2811 mitteret,
873 2770 1002 2814 quibus
1028 2770 1173 2804 Ernesti
1199 2782 1307 2805 causa
1334 2769 1426 2814 apud
1452 2769 1657 2814 pontificem
1684 2769 1828 2803 adiuva-

65 2827 176 2860 retur.
226 2825 394 2860 Ceterum
421 2825 535 2860 eidem
561 2835 692 2858 causae
727 2823 835 2857 etiam
862 2823 1062 2857 cardinales
1088 2823 1268 2865 Moronus‚
1295 2822 1505 2864 Truchsess,
1533 2821 1829 2863 Commendonus,

67 2877 129 2912 alii
154 2878 338 2913 favebant.

183 2931 353 2965 Fortasse
380 2930 546 2965 Canisius
573 2930 680 2963 etiam
708 2928 879 2963 cardinali
907 2928 1049 2962 Amulio
1077 2940 1118 2962 ea
1144 2928 1186 2962 de
1213 2940 1250 2962 re
1277 2927 1434 2972 scripsit.

183 2984 351 3027 Borgiam
368 2984 514 3018 Alberto
534 2982 741 3027 gratificari,
761 2983 933 3025 quantum
952 2981 1029 3015 fieri
1047 2983 1178 3026 posset,
1205 2981 1388 3015 studuisse
1407 2980 1588 3024 colligitur
1606 2992 1651 3014 ex
1670 2981 1826 3015 eiusdem

68 3037 204 3070 Alberti
237 3036 391 3081 epistula
417 3036 604 3070 Monachio
635 3035 687 3069 17.
706 3035 862 3068 Ianuarii
891 3034 980 3068 1567
1008 3034 1051 3068 ad
1078 3034 1245 3077 Borgiam
1272 3034 1375 3074 data;
1407 3034 1479 3067 dux
1505 3033 1658 3077 Borgiae
1689 3034 1828 3077 „singu-

65 3088 177 3123 larem
210 3089 471 3124 humanitatem
506 3092 542 3123 et
578 3087 884 3123 benevolentiam⁴⁴
923 3087 967 3120 ab
994 3087 1123 3120 Ioanne
1151 3086 1303 3120 Pfistero
1338 3088 1478 3121 oratore
1513 3098 1577 3121 suo
1611 3098 1828 3131 magnopere

183 3154 211 3185 a)
233 3154 280 3179 Sic
299 3162 364 3185 ap.;
384 3162 422 3178 an
443 3154 587 3178 librarius
606 3153 731 3177 scribere
752 3151 907 3176 debuerat:
926 3150 1078 3176 cdificati?
1174 3149 1205 3182 b)
1227 3151 1360 3176 Alterum
1379 3151 1430 3176 hoc
1449 3150 1480 3176 et
1498 3158 1745 3183 supervacaneum
1767 3158 1827 3176 esse

65 3194 190 3220 videtur.
263 3195 289 3226 c)
311 3196 344 3220 In
366 3195 521 3226 archetypo
540 3195 672 3226 sequitur
691 3199 811 3222 ancora,
832 3193 1037 3217 oblitteratum.
