<?xml version="1.0" encoding="UTF-8"?>
<!DOCTYPE html PUBLIC "-//W3C//DTD XHTML 1.0 Transitional//EN"
    "http://www.w3.org/TR/xhtml1/DTD/xhtml1-transitional.dtd">
<html xmlns="http://www.w3.org/1999/xhtml" xml:lang="en" lang="en">
 <head>
  <title>
</title>
<meta http-equiv="Content-Type" content="text/html;charset=utf-8" />
  <meta name='ocr-system' content='tesseract 3.04.00' />
  <meta name='ocr-capabilities' content='ocr_page ocr_carea ocr_par ocr_line ocrx_word'/>
</head>
<body>
  <div class='ocr_page' id='page_1' title='image "beatipetricanisi05cani_0430.png"; bbox 0 0 2045 3471; ppageno 0'>
   <div class='ocr_carea' id='block_1_1' title="bbox 232 203 1456 250">
    <p class='ocr_par' dir='ltr' id='par_1_1' title="bbox 232 203 1456 250">
     <span class='ocr_line' id='line_1_1' title="bbox 232 203 1456 250; baseline -0.01 0"><span class='ocrx_word' id='word_1_1' title='bbox 232 209 315 250; x_wconf 79' lang='lat'>342</span> <span class='ocrx_word' id='word_1_2' title='bbox 746 205 846 239; x_wconf 82' lang='lat'><strong>1367.</strong></span> <span class='ocrx_word' id='word_1_3' title='bbox 875 204 1026 239; x_wconf 87' lang='lat' dir='ltr'>Ioannes</span> <span class='ocrx_word' id='word_1_4' title='bbox 1053 204 1094 238; x_wconf 88' lang='lat' dir='ltr'>de</span> <span class='ocrx_word' id='word_1_5' title='bbox 1121 203 1456 239; x_wconf 85' lang='lat' dir='ltr'>Polanco-Canisio.</span> 
     </span>
    </p>
   </div>
   <div class='ocr_carea' id='block_1_2' title="bbox 230 322 1988 495">
    <p class='ocr_par' dir='ltr' id='par_1_2' title="bbox 230 322 1988 495">
     <span class='ocr_line' id='line_1_2' title="bbox 230 322 1986 377; baseline -0.002 -9"><span class='ocrx_word' id='word_1_6' title='bbox 230 325 340 368; x_wconf 85' lang='lat' dir='ltr'>ando</span> <span class='ocrx_word' id='word_1_7' title='bbox 374 326 399 365; x_wconf 79' lang='lat' dir='ltr'>a</span> <span class='ocrx_word' id='word_1_8' title='bbox 431 323 602 376; x_wconf 83' lang='lat' dir='ltr'>miglior</span> <span class='ocrx_word' id='word_1_9' title='bbox 633 323 736 371; x_wconf 87' lang='lat' dir='ltr'>uita,</span> <span class='ocrx_word' id='word_1_10' title='bbox 771 322 992 376; x_wconf 85' lang='lat' dir='ltr'>suggietto</span> <span class='ocrx_word' id='word_1_11' title='bbox 1015 322 1247 364; x_wconf 88' lang='lat' dir='ltr'>bonissimo</span> <span class='ocrx_word' id='word_1_12' title='bbox 1271 325 1314 365; x_wconf 88' lang='lat' dir='ltr'>et</span> <span class='ocrx_word' id='word_1_13' title='bbox 1336 322 1445 365; x_wconf 89' lang='lat' dir='ltr'>finiti</span> <span class='ocrx_word' id='word_1_14' title='bbox 1467 323 1497 364; x_wconf 88' lang='lat' dir='ltr'>li</span> <span class='ocrx_word' id='word_1_15' title='bbox 1519 323 1648 377; x_wconf 85' lang='lat' dir='ltr'>studij</span> <span class='ocrx_word' id='word_1_16' title='bbox 1674 323 1715 364; x_wconf 88' lang='lat' dir='ltr'>di</span> <span class='ocrx_word' id='word_1_17' title='bbox 1737 322 1986 376; x_wconf 87' lang='lat' dir='ltr'>Theologia,</span> 
     </span>
     <span class='ocr_line' id='line_1_3' title="bbox 230 386 1988 440; baseline -0.001 -9"><span class='ocrx_word' id='word_1_18' title='bbox 230 389 294 431; x_wconf 87' lang='lat' dir='ltr'>sia</span> <span class='ocrx_word' id='word_1_19' title='bbox 334 388 510 430; x_wconf 90' lang='lat' dir='ltr'>laudato</span> <span class='ocrx_word' id='word_1_20' title='bbox 542 387 671 429; x_wconf 83' lang='lat' dir='ltr'>Jddio</span> <span class='ocrx_word' id='word_1_21' title='bbox 704 386 758 429; x_wconf 92' lang='lat' dir='ltr'>N.</span> <span class='ocrx_word' id='word_1_22' title='bbox 793 387 987 440; x_wconf 87' lang='lat' dir='ltr'>Signore.</span> <span class='ocrx_word' id='word_1_23' title='bbox 1050 386 1106 430; x_wconf 89' lang='lat' dir='ltr'>N.</span> <span class='ocrx_word' id='word_1_24' title='bbox 1132 386 1272 428; x_wconf 88' lang='lat' dir='ltr'>Padre</span> <span class='ocrx_word' id='word_1_25' title='bbox 1306 386 1492 429; x_wconf 80' lang='lat' dir='ltr'>Genera]</span> <span class='ocrx_word' id='word_1_26' title='bbox 1533 390 1577 430; x_wconf 88' lang='lat' dir='ltr'>et</span> <span class='ocrx_word' id='word_1_27' title='bbox 1616 387 1721 430; x_wconf 89' lang='lat' dir='ltr'>tutti</span> <span class='ocrx_word' id='word_1_28' title='bbox 1763 387 1798 429; x_wconf 84' lang='lat' dir='ltr'>ci</span> <span class='ocrx_word' id='word_1_29' title='bbox 1840 401 1988 430; x_wconf 90' lang='lat' dir='ltr'>racco-</span> 
     </span>
     <span class='ocr_line' id='line_1_4' title="bbox 230 451 1483 495; baseline -0.001 -1"><span class='ocrx_word' id='word_1_30' title='bbox 230 452 472 495; x_wconf 88' lang='lat' dir='ltr'>mandiamo</span> <span class='ocrx_word' id='word_1_31' title='bbox 508 457 577 495; x_wconf 73' lang='lat' dir='ltr'>etc.</span> <span class='ocrx_word' id='word_1_32' title='bbox 640 451 693 494; x_wconf 93' lang='lat' dir='ltr'>Di</span> <span class='ocrx_word' id='word_1_33' title='bbox 725 452 863 493; x_wconf 85' lang='lat' dir='ltr'>Roma</span> <span class='ocrx_word' id='word_1_34' title='bbox 896 451 924 492; x_wconf 94' lang='lat' dir='ltr'>li</span> <span class='ocrx_word' id='word_1_35' title='bbox 960 453 1042 494; x_wconf 83' lang='lat'><strong>.15.</strong></span> <span class='ocrx_word' id='word_1_36' title='bbox 1077 451 1119 493; x_wconf 89' lang='lat' dir='ltr'>di</span> <span class='ocrx_word' id='word_1_37' title='bbox 1152 451 1322 494; x_wconf 84' lang='lat' dir='ltr'>ottobre</span> <span class='ocrx_word' id='word_1_38' title='bbox 1358 452 1483 493; x_wconf 85' lang='lat'><strong>1566.</strong></span> 
     </span>
    </p>
   </div>
   <div class='ocr_carea' id='block_1_3' title="bbox 225 531 1990 2699">
    <p class='ocr_par' dir='ltr' id='par_1_3' title="bbox 226 531 1990 1159">
     <span class='ocr_line' id='line_1_5' title="bbox 350 531 1988 577; baseline -0.002 -10"><span class='ocrx_word' id='word_1_39' title='bbox 350 534 523 567; x_wconf 67' lang='lat' dir='ltr'>Polancus</span> <span class='ocrx_word' id='word_1_40' title='bbox 547 532 614 567; x_wconf 88' lang='lat' dir='ltr'>has</span> <span class='ocrx_word' id='word_1_41' title='bbox 639 533 780 567; x_wconf 77' lang='lat' dir='ltr'><strong>litteras</strong></span> <span class='ocrx_word' id='word_1_42' title='bbox 807 532 970 566; x_wconf 88' lang='lat' dir='ltr'>adiunxit</span> <span class='ocrx_word' id='word_1_43' title='bbox 996 531 1202 577; x_wconf 79' lang='lat' dir='ltr'>*epistulae</span> <span class='ocrx_word' id='word_1_44' title='bbox 1229 532 1341 566; x_wconf 90' lang='lat' dir='ltr'>Roma</span> <span class='ocrx_word' id='word_1_45' title='bbox 1370 532 1423 565; x_wconf 86' lang='lat'><strong>15.</strong></span> <span class='ocrx_word' id='word_1_46' title='bbox 1444 531 1609 566; x_wconf 84' lang='lat' dir='ltr'>Octobris</span> <span class='ocrx_word' id='word_1_47' title='bbox 1638 533 1727 567; x_wconf 84' lang='grc'>1566</span> <span class='ocrx_word' id='word_1_48' title='bbox 1754 531 1988 576; x_wconf 89' lang='lat' dir='ltr'>Oenipontem</span> 
     </span>
     <span class='ocr_line' id='line_1_6' title="bbox 230 584 1988 630; baseline -0.001 -10"><span class='ocrx_word' id='word_1_49' title='bbox 230 587 273 620; x_wconf 92' lang='lat' dir='ltr'>ad</span> <span class='ocrx_word' id='word_1_50' title='bbox 300 586 339 620; x_wconf 91' lang='lat' dir='ltr'>P.</span> <span class='ocrx_word' id='word_1_51' title='bbox 367 586 535 620; x_wconf 87' lang='lat' dir='ltr'>Ioannem</span> <span class='ocrx_word' id='word_1_52' title='bbox 561 585 733 630; x_wconf 89' lang='lat' dir='ltr'>Dyrsium</span> <span class='ocrx_word' id='word_1_53' title='bbox 761 585 795 620; x_wconf 87' lang='lat' dir='ltr'><strong>S.</strong></span> <span class='ocrx_word' id='word_1_54' title='bbox 822 586 856 620; x_wconf 87' lang='lat' dir='ltr'>J.</span> <span class='ocrx_word' id='word_1_55' title='bbox 883 584 1120 627; x_wconf 87' lang='lat' dir='ltr'>Magdalenae</span> <span class='ocrx_word' id='word_1_56' title='bbox 1147 584 1414 619; x_wconf 85' lang='lat' dir='ltr'>archiducissae</span> <span class='ocrx_word' id='word_1_57' title='bbox 1440 585 1698 619; x_wconf 85' lang='lat' dir='ltr'>confessarium</span> <span class='ocrx_word' id='word_1_58' title='bbox 1736 596 1756 619; x_wconf 88' lang='lat' dir='ltr'>a</span> <span class='ocrx_word' id='word_1_59' title='bbox 1782 596 1821 619; x_wconf 90' lang='lat' dir='ltr'>se</span> <span class='ocrx_word' id='word_1_60' title='bbox 1846 584 1988 625; x_wconf 87' lang='lat' dir='ltr'>missae,</span> 
     </span>
     <span class='ocr_line' id='line_1_7' title="bbox 227 637 1988 684; baseline -0.001 -11"><span class='ocrx_word' id='word_1_61' title='bbox 227 639 263 673; x_wconf 89' lang='lat' dir='ltr'>in</span> <span class='ocrx_word' id='word_1_62' title='bbox 289 651 359 684; x_wconf 90' lang='lat' dir='ltr'>qua</span> <span class='ocrx_word' id='word_1_63' title='bbox 385 639 479 673; x_wconf 89' lang='lat' dir='ltr'>hunc</span> <span class='ocrx_word' id='word_1_64' title='bbox 504 641 644 673; x_wconf 86' lang='lat' dir='ltr'>monet:</span> <span class='ocrx_word' id='word_1_65' title='bbox 685 638 805 681; x_wconf 80' lang='lat' dir='ltr'>„Quod</span> <span class='ocrx_word' id='word_1_66' title='bbox 840 638 970 672; x_wconf 88' lang='lat' dir='ltr'>attinet</span> <span class='ocrx_word' id='word_1_67' title='bbox 1005 638 1048 672; x_wconf 88' lang='lat' dir='ltr'>ad</span> <span class='ocrx_word' id='word_1_68' title='bbox 1085 638 1341 672; x_wconf 84' lang='lat' dir='ltr'>Serenissimae</span> <span class='ocrx_word' id='word_1_69' title='bbox 1368 637 1527 681; x_wconf 82' lang='lat' dir='ltr'>Reginae</span> <span class='ocrx_word' id='word_1_70' title='bbox 1554 637 1790 681; x_wconf 89' lang='lat' dir='ltr'>Magdalenae</span> <span class='ocrx_word' id='word_1_71' title='bbox 1821 637 1988 678; x_wconf 85' lang='lat' dir='ltr'>animum,</span> 
     </span>
     <span class='ocr_line' id='line_1_8' title="bbox 229 690 1989 737; baseline -0.001 -11"><span class='ocrx_word' id='word_1_72' title='bbox 229 704 297 737; x_wconf 93' lang='lat' dir='ltr'>quo</span> <span class='ocrx_word' id='word_1_73' title='bbox 324 692 522 736; x_wconf 82' lang='lat' dir='ltr'>Collegium</span> <span class='ocrx_word' id='word_1_74' title='bbox 559 692 836 736; x_wconf 87' lang='lat' dir='ltr'>aenipontanum</span> <span class='ocrx_word' id='word_1_75' title='bbox 872 691 1006 732; x_wconf 84' lang='lat' dir='ltr'>fouere,</span> <span class='ocrx_word' id='word_1_76' title='bbox 1042 693 1077 725; x_wconf 89' lang='lat' dir='ltr'>et</span> <span class='ocrx_word' id='word_1_77' title='bbox 1113 691 1276 725; x_wconf 88' lang='lat' dir='ltr'>aedificia</span> <span class='ocrx_word' id='word_1_78' title='bbox 1302 703 1510 736; x_wconf 84' lang='lat' dir='ltr'>promouere</span> <span class='ocrx_word' id='word_1_79' title='bbox 1537 691 1664 736; x_wconf 79' lang='lat' dir='ltr'>pergit,</span> <span class='ocrx_word' id='word_1_80' title='bbox 1700 690 1789 724; x_wconf 84' lang='lat' dir='ltr'>nihil</span> <span class='ocrx_word' id='word_1_81' title='bbox 1817 691 1989 724; x_wconf 84' lang='lat' dir='ltr'><strong>miramur</strong></span> 
     </span>
     <span class='ocr_line' id='line_1_9' title="bbox 228 742 1989 789; baseline -0.002 -9"><span class='ocrx_word' id='word_1_82' title='bbox 228 757 308 780; x_wconf 90' lang='lat' dir='ltr'>cum</span> <span class='ocrx_word' id='word_1_83' title='bbox 335 757 355 779; x_wconf 89' lang='lat' dir='ltr'>a</span> <span class='ocrx_word' id='word_1_84' title='bbox 381 747 551 780; x_wconf 90' lang='lat' dir='ltr'>consueto</span> <span class='ocrx_word' id='word_1_85' title='bbox 579 745 766 779; x_wconf 88' lang='lat' dir='ltr'>charitatis</span> <span class='ocrx_word' id='word_1_86' title='bbox 794 743 912 778; x_wconf 88' lang='lat' dir='ltr'>studio</span> <span class='ocrx_word' id='word_1_87' title='bbox 939 744 974 778; x_wconf 94' lang='lat' dir='ltr'>in</span> <span class='ocrx_word' id='word_1_88' title='bbox 1002 755 1042 778; x_wconf 89' lang='lat' dir='ltr'>ea</span> <span class='ocrx_word' id='word_1_89' title='bbox 1061 747 1163 789; x_wconf 89' lang='lat' dir='ltr'>parte</span> <span class='ocrx_word' id='word_1_90' title='bbox 1189 756 1258 778; x_wconf 87' lang='lat' dir='ltr'>non</span> <span class='ocrx_word' id='word_1_91' title='bbox 1277 744 1433 785; x_wconf 79' lang='lat' dir='ltr'>recedat,</span> <span class='ocrx_word' id='word_1_92' title='bbox 1459 744 1552 778; x_wconf 89' lang='lat' dir='ltr'>sicut</span> <span class='ocrx_word' id='word_1_93' title='bbox 1579 746 1613 778; x_wconf 90' lang='lat' dir='ltr'>et</span> <span class='ocrx_word' id='word_1_94' title='bbox 1640 744 1676 778; x_wconf 87' lang='lat' dir='ltr'>in</span> <span class='ocrx_word' id='word_1_95' title='bbox 1695 743 1864 777; x_wconf 89' lang='lat' dir='ltr'>Romanis</span> <span class='ocrx_word' id='word_1_96' title='bbox 1882 742 1989 777; x_wconf 84' lang='lat' dir='ltr'>rebus</span> 
     </span>
     <span class='ocr_line' id='line_1_10' title="bbox 227 796 1989 844; baseline -0.002 -11"><span class='ocrx_word' id='word_1_97' title='bbox 227 798 487 844; x_wconf 90' lang='lat' dir='ltr'>promouendis,</span> <span class='ocrx_word' id='word_1_98' title='bbox 523 799 566 832; x_wconf 93' lang='lat' dir='ltr'>ad</span> <span class='ocrx_word' id='word_1_99' title='bbox 604 798 659 832; x_wconf 90' lang='lat' dir='ltr'>dei</span> <span class='ocrx_word' id='word_1_100' title='bbox 686 797 846 842; x_wconf 82' lang='lat' dir='ltr'>gloriam,</span> <span class='ocrx_word' id='word_1_101' title='bbox 884 809 928 831; x_wconf 87' lang='lat' dir='ltr'>an</span> <span class='ocrx_word' id='word_1_102' title='bbox 965 799 1084 831; x_wconf 87' lang='lat' dir='ltr'>autem</span> <span class='ocrx_word' id='word_1_103' title='bbox 1124 797 1302 842; x_wconf 80' lang='lat' dir='ltr'>expediat,</span> <span class='ocrx_word' id='word_1_104' title='bbox 1337 800 1376 832; x_wconf 85' lang='lat' dir='ltr'>ut</span> <span class='ocrx_word' id='word_1_105' title='bbox 1412 809 1450 831; x_wconf 90' lang='lat' dir='ltr'>re</span> <span class='ocrx_word' id='word_1_106' title='bbox 1485 798 1563 842; x_wconf 81' lang='lat' dir='ltr'>ipsa</span> <span class='ocrx_word' id='word_1_107' title='bbox 1589 798 1789 841; x_wconf 75' lang='lat' dir='ltr'>exequatur</span> <span class='ocrx_word' id='word_1_108' title='bbox 1815 796 1906 840; x_wconf 89' lang='lat' dir='ltr'>quod</span> <span class='ocrx_word' id='word_1_109' title='bbox 1933 796 1989 841; x_wconf 88' lang='lat' dir='ltr'>pie</span> 
     </span>
     <span class='ocr_line' id='line_1_11' title="bbox 227 848 1989 893; baseline -0.002 -7"><span class='ocrx_word' id='word_1_110' title='bbox 227 852 431 893; x_wconf 77' lang='lat' dir='ltr'>meditatur,</span> <span class='ocrx_word' id='word_1_111' title='bbox 468 851 538 886; x_wconf 89' lang='lat' dir='ltr'>alia</span> <span class='ocrx_word' id='word_1_112' title='bbox 564 854 620 886; x_wconf 91' lang='lat' dir='ltr'>est</span> <span class='ocrx_word' id='word_1_113' title='bbox 645 851 748 892; x_wconf 88' lang='lat' dir='ltr'>ratio,</span> <span class='ocrx_word' id='word_1_114' title='bbox 785 852 822 885; x_wconf 90' lang='lat' dir='ltr'>et</span> <span class='ocrx_word' id='word_1_115' title='bbox 852 851 883 885; x_wconf 89' lang='lat' dir='ltr'>si</span> <span class='ocrx_word' id='word_1_116' title='bbox 910 851 1011 885; x_wconf 87' lang='lat' dir='ltr'>uobis</span> <span class='ocrx_word' id='word_1_117' title='bbox 1039 851 1153 885; x_wconf 85' lang='lat' dir='ltr'>aderit</span> <span class='ocrx_word' id='word_1_118' title='bbox 1179 851 1219 885; x_wconf 91' lang='lat' dir='ltr'>P.</span> <span class='ocrx_word' id='word_1_119' title='bbox 1246 850 1399 887; x_wconf 85' lang='lat' dir='ltr'>Natalis,</span> <span class='ocrx_word' id='word_1_120' title='bbox 1438 853 1500 885; x_wconf 90' lang='lat' dir='ltr'>aut</span> <span class='ocrx_word' id='word_1_121' title='bbox 1527 852 1623 884; x_wconf 88' lang='lat' dir='ltr'>certe</span> <span class='ocrx_word' id='word_1_122' title='bbox 1649 850 1689 884; x_wconf 87' lang='lat' dir='ltr'>P.</span> <span class='ocrx_word' id='word_1_123' title='bbox 1716 848 1881 884; x_wconf 84' lang='lat' dir='ltr'>Canisius</span> <span class='ocrx_word' id='word_1_124' title='bbox 1906 849 1989 883; x_wconf 92' lang='lat' dir='ltr'>Pro-</span> 
     </span>
     <span class='ocr_line' id='line_1_12' title="bbox 226 901 1990 949; baseline -0.002 -10"><span class='ocrx_word' id='word_1_125' title='bbox 226 905 401 945; x_wconf 88' lang='lat' dir='ltr'>uincialis,</span> <span class='ocrx_word' id='word_1_126' title='bbox 440 906 502 938; x_wconf 89' lang='lat' dir='ltr'>aut</span> <span class='ocrx_word' id='word_1_127' title='bbox 529 905 567 938; x_wconf 89' lang='lat' dir='ltr'>P.</span> <span class='ocrx_word' id='word_1_128' title='bbox 596 905 774 949; x_wconf 75' lang='lat' dir='ltr'>Lanoyus,</span> <span class='ocrx_word' id='word_1_129' title='bbox 809 915 868 938; x_wconf 89' lang='lat' dir='ltr'>res</span> <span class='ocrx_word' id='word_1_130' title='bbox 904 915 984 938; x_wconf 91' lang='lat' dir='ltr'>cum</span> <span class='ocrx_word' id='word_1_131' title='bbox 1020 904 1072 938; x_wconf 90' lang='lat' dir='ltr'>eis</span> <span class='ocrx_word' id='word_1_132' title='bbox 1108 904 1261 938; x_wconf 89' lang='lat' dir='ltr'>conferri</span> <span class='ocrx_word' id='word_1_133' title='bbox 1295 904 1438 948; x_wconf 86' lang='lat' dir='ltr'>poterit,</span> <span class='ocrx_word' id='word_1_134' title='bbox 1477 903 1596 938; x_wconf 88' lang='lat' dir='ltr'>isthuc</span> <span class='ocrx_word' id='word_1_135' title='bbox 1631 903 1735 937; x_wconf 88' lang='lat' dir='ltr'>mitto</span> <span class='ocrx_word' id='word_1_136' title='bbox 1769 903 1909 936; x_wconf 74' lang='lat' dir='ltr'>litteras</span> <span class='ocrx_word' id='word_1_137' title='bbox 1945 901 1990 936; x_wconf 87' lang='lat' dir='ltr'>ad</span> 
     </span>
     <span class='ocr_line' id='line_1_13' title="bbox 226 956 1988 1001; baseline -0.002 -9"><span class='ocrx_word' id='word_1_138' title='bbox 226 958 267 993; x_wconf 90' lang='lat' dir='ltr'>P.</span> <span class='ocrx_word' id='word_1_139' title='bbox 294 958 471 998; x_wconf 82' lang='lat' dir='ltr'>Natalem,</span> <span class='ocrx_word' id='word_1_140' title='bbox 511 969 552 991; x_wconf 86' lang='lat' dir='ltr'>ac</span> <span class='ocrx_word' id='word_1_141' title='bbox 578 958 617 992; x_wconf 92' lang='lat' dir='ltr'>P.</span> <span class='ocrx_word' id='word_1_142' title='bbox 646 957 830 992; x_wconf 87' lang='lat' dir='ltr'>Canisium</span> <span class='ocrx_word' id='word_1_143' title='bbox 856 957 1068 997; x_wconf 86' lang='lat' dir='ltr'>destinatas,</span> <span class='ocrx_word' id='word_1_144' title='bbox 1096 957 1222 1001; x_wconf 89' lang='lat' dir='ltr'>quodsi</span> <span class='ocrx_word' id='word_1_145' title='bbox 1249 958 1319 991; x_wconf 90' lang='lat' dir='ltr'>iam</span> <span class='ocrx_word' id='word_1_146' title='bbox 1346 956 1427 990; x_wconf 87' lang='lat' dir='ltr'>inde</span> <span class='ocrx_word' id='word_1_147' title='bbox 1453 956 1680 996; x_wconf 79' lang='lat' dir='ltr'>recesserint,</span> <span class='ocrx_word' id='word_1_148' title='bbox 1719 956 1763 990; x_wconf 84' lang='lat' dir='ltr'>ad</span> <span class='ocrx_word' id='word_1_149' title='bbox 1790 966 1849 989; x_wconf 90' lang='lat' dir='ltr'>eos</span> <span class='ocrx_word' id='word_1_150' title='bbox 1874 957 1988 989; x_wconf 85' lang='lat' dir='ltr'>trans-</span> 
     </span>
     <span class='ocr_line' id='line_1_14' title="bbox 226 1007 1989 1055; baseline -0.002 -11"><span class='ocrx_word' id='word_1_151' title='bbox 226 1011 431 1051; x_wconf 85' lang='lat' dir='ltr'>mittendas,</span> <span class='ocrx_word' id='word_1_152' title='bbox 459 1010 609 1049; x_wconf 85' lang='lat' dir='ltr'>curabit,</span> <span class='ocrx_word' id='word_1_153' title='bbox 637 1013 672 1044; x_wconf 92' lang='lat' dir='ltr'>et</span> <span class='ocrx_word' id='word_1_154' title='bbox 699 1011 841 1044; x_wconf 88' lang='lat' dir='ltr'>interim</span> <span class='ocrx_word' id='word_1_155' title='bbox 869 1021 930 1044; x_wconf 83' lang='lat' dir='ltr'>eas</span> <span class='ocrx_word' id='word_1_156' title='bbox 956 1009 1053 1053; x_wconf 87' lang='lat' dir='ltr'>leget</span> <span class='ocrx_word' id='word_1_157' title='bbox 1080 1021 1171 1054; x_wconf 84' lang='lat' dir='ltr'>quae</span> <span class='ocrx_word' id='word_1_158' title='bbox 1198 1013 1344 1055; x_wconf 87' lang='lat' dir='ltr'>apertae</span> <span class='ocrx_word' id='word_1_159' title='bbox 1362 1010 1566 1051; x_wconf 88' lang='lat' dir='ltr'>mittuntur,</span> <span class='ocrx_word' id='word_1_160' title='bbox 1593 1021 1637 1043; x_wconf 82' lang='lat' dir='ltr'>ex</span> <span class='ocrx_word' id='word_1_161' title='bbox 1657 1009 1774 1050; x_wconf 85' lang='lat' dir='ltr'>Jndia,</span> <span class='ocrx_word' id='word_1_162' title='bbox 1802 1010 1836 1042; x_wconf 91' lang='lat' dir='ltr'>et</span> <span class='ocrx_word' id='word_1_163' title='bbox 1863 1007 1989 1042; x_wconf 88' lang='lat' dir='ltr'>deinde</span> 
     </span>
     <span class='ocr_line' id='line_1_15' title="bbox 226 1060 1985 1108; baseline -0.002 -10"><span class='ocrx_word' id='word_1_164' title='bbox 226 1063 390 1107; x_wconf 83' lang='lat' dir='ltr'>alligabit</span> <span class='ocrx_word' id='word_1_165' title='bbox 424 1063 555 1098; x_wconf 89' lang='lat' dir='ltr'>litteris</span> <span class='ocrx_word' id='word_1_166' title='bbox 592 1064 631 1099; x_wconf 85' lang='lat' dir='ltr'><strong>P.</strong></span> <span class='ocrx_word' id='word_1_167' title='bbox 658 1063 799 1097; x_wconf 89' lang='lat' dir='ltr'>Natalis</span> <span class='ocrx_word' id='word_1_168' title='bbox 834 1063 893 1097; x_wconf 92' lang='lat' dir='ltr'>uel</span> <span class='ocrx_word' id='word_1_169' title='bbox 929 1063 967 1097; x_wconf 90' lang='lat' dir='ltr'>P.</span> <span class='ocrx_word' id='word_1_170' title='bbox 996 1062 1150 1108; x_wconf 79' lang='lat' dir='ltr'>CanisiJ&#39;“</span> <span class='ocrx_word' id='word_1_171' title='bbox 1185 1063 1245 1106; x_wconf 86' lang='lat' dir='ltr'>(ex</span> <span class='ocrx_word' id='word_1_172' title='bbox 1281 1074 1404 1108; x_wconf 82' lang='lat' dir='ltr'>apogr.</span> <span class='ocrx_word' id='word_1_173' title='bbox 1441 1062 1552 1097; x_wconf 89' lang='lat' dir='ltr'>eiusd.</span> <span class='ocrx_word' id='word_1_174' title='bbox 1586 1064 1714 1107; x_wconf 86' lang='lat' dir='ltr'>temp.;</span> <span class='ocrx_word' id='word_1_175' title='bbox 1755 1060 1893 1104; x_wconf 68' lang='lat' dir='ltr'>„Germ</span> <span class='ocrx_word' id='word_1_176' title='bbox 1921 1060 1985 1095; x_wconf 78' lang='lat'>65⁴⁴</span> 
     </span>
     <span class='ocr_line' id='line_1_16' title="bbox 227 1117 394 1159; baseline 0 -8"><span class='ocrx_word' id='word_1_177' title='bbox 227 1118 250 1151; x_wconf 87' lang='lat' dir='ltr'>f.</span> <span class='ocrx_word' id='word_1_178' title='bbox 282 1117 394 1159; x_wconf 67' lang='lat'><strong>1872).</strong></span> 
     </span>
    </p>

    <p class='ocr_par' dir='ltr' id='par_1_4' title="bbox 225 1166 1990 1692">
     <span class='ocr_line' id='line_1_17' title="bbox 344 1166 1989 1211; baseline -0.002 -7"><span class='ocrx_word' id='word_1_179' title='bbox 344 1169 472 1204; x_wconf 87' lang='lat' dir='ltr'>Nescio</span> <span class='ocrx_word' id='word_1_180' title='bbox 500 1181 545 1204; x_wconf 88' lang='lat' dir='ltr'>an</span> <span class='ocrx_word' id='word_1_181' title='bbox 571 1181 642 1204; x_wconf 91' lang='lat' dir='ltr'>una</span> <span class='ocrx_word' id='word_1_182' title='bbox 669 1181 750 1204; x_wconf 85' lang='lat' dir='ltr'>cum</span> <span class='ocrx_word' id='word_1_183' title='bbox 775 1170 833 1204; x_wconf 88' lang='lat' dir='ltr'>his</span> <span class='ocrx_word' id='word_1_184' title='bbox 859 1169 992 1204; x_wconf 83' lang='lat' dir='ltr'>litteris</span> <span class='ocrx_word' id='word_1_185' title='bbox 1020 1169 1127 1203; x_wconf 86' lang='lat' dir='ltr'>etiam</span> <span class='ocrx_word' id='word_1_186' title='bbox 1154 1169 1286 1203; x_wconf 88' lang='lat' dir='ltr'>missae</span> <span class='ocrx_word' id='word_1_187' title='bbox 1312 1169 1383 1203; x_wconf 89' lang='lat' dir='ltr'>sint</span> <span class='ocrx_word' id='word_1_188' title='bbox 1413 1168 1594 1211; x_wconf 77' lang='lat' dir='ltr'>„Regulae</span> <span class='ocrx_word' id='word_1_189' title='bbox 1613 1167 1788 1202; x_wconf 73' lang='lat' dir='ltr'>ministri¹⁴</span> <span class='ocrx_word' id='word_1_190' title='bbox 1819 1178 1840 1201; x_wconf 86' lang='lat' dir='ltr'>a</span> <span class='ocrx_word' id='word_1_191' title='bbox 1858 1166 1989 1209; x_wconf 86' lang='lat' dir='ltr'>Borgia</span> 
     </span>
     <span class='ocr_line' id='line_1_18' title="bbox 225 1219 1987 1267; baseline -0.002 -10"><span class='ocrx_word' id='word_1_192' title='bbox 225 1223 430 1266; x_wconf 75' lang='lat' dir='ltr'>recognitae</span> <span class='ocrx_word' id='word_1_193' title='bbox 458 1222 519 1265; x_wconf 79' lang='lat' dir='ltr'><strong>(cf.</strong></span> <span class='ocrx_word' id='word_1_194' title='bbox 547 1234 656 1267; x_wconf 90' lang='lat' dir='ltr'>supra</span> <span class='ocrx_word' id='word_1_195' title='bbox 681 1235 714 1267; x_wconf 93' lang='lat' dir='ltr'>p.</span> <span class='ocrx_word' id='word_1_196' title='bbox 733 1222 832 1265; x_wconf 80' lang='lat'><strong>285).</strong></span> <span class='ocrx_word' id='word_1_197' title='bbox 875 1222 933 1257; x_wconf 85' lang='lat' dir='ltr'>Sic</span> <span class='ocrx_word' id='word_1_198' title='bbox 960 1224 1056 1256; x_wconf 90' lang='lat' dir='ltr'>certe</span> <span class='ocrx_word' id='word_1_199' title='bbox 1080 1222 1223 1256; x_wconf 88' lang='lat' dir='ltr'>invenio</span> <span class='ocrx_word' id='word_1_200' title='bbox 1251 1223 1461 1256; x_wconf 79' lang='lat' dir='ltr'>*notatumz</span> <span class='ocrx_word' id='word_1_201' title='bbox 1493 1222 1544 1264; x_wconf 72' lang='grc' dir='ltr'>,Α</span> <span class='ocrx_word' id='word_1_202' title='bbox 1570 1221 1605 1255; x_wconf 88' lang='lat' dir='ltr'>di</span> <span class='ocrx_word' id='word_1_203' title='bbox 1631 1221 1663 1255; x_wconf 87' lang='lat'>6.</span> <span class='ocrx_word' id='word_1_204' title='bbox 1688 1221 1722 1255; x_wconf 92' lang='lat' dir='ltr'>di</span> <span class='ocrx_word' id='word_1_205' title='bbox 1751 1219 1890 1254; x_wconf 90' lang='lat' dir='ltr'>ottobre</span> <span class='ocrx_word' id='word_1_206' title='bbox 1921 1219 1987 1254; x_wconf 88' lang='lat'><strong>.66.</strong></span> 
     </span>
     <span class='ocr_line' id='line_1_19' title="bbox 226 1273 1989 1320; baseline -0.002 -10"><span class='ocrx_word' id='word_1_207' title='bbox 226 1276 255 1310; x_wconf 91' lang='lat' dir='ltr'>si</span> <span class='ocrx_word' id='word_1_208' title='bbox 291 1276 419 1310; x_wconf 83' lang='lat' dir='ltr'>mando</span> <span class='ocrx_word' id='word_1_209' title='bbox 454 1275 475 1310; x_wconf 91' lang='lat' dir='ltr'>l’</span> <span class='ocrx_word' id='word_1_210' title='bbox 496 1276 614 1310; x_wconf 88' lang='lat' dir='ltr'>officio</span> <span class='ocrx_word' id='word_1_211' title='bbox 650 1276 685 1310; x_wconf 91' lang='lat' dir='ltr'>di</span> <span class='ocrx_word' id='word_1_212' title='bbox 720 1276 886 1310; x_wconf 84' lang='lat' dir='ltr'>Ministro</span> <span class='ocrx_word' id='word_1_213' title='bbox 923 1277 941 1309; x_wconf 77' lang='lat' dir='ltr'>a</span> <span class='ocrx_word' id='word_1_214' title='bbox 978 1275 1173 1319; x_wconf 87' lang='lat' dir='ltr'>Sardegna,</span> <span class='ocrx_word' id='word_1_215' title='bbox 1209 1275 1364 1320; x_wconf 87' lang='lat' dir='ltr'>Spagna,</span> <span class='ocrx_word' id='word_1_216' title='bbox 1392 1275 1549 1316; x_wconf 85' lang='lat' dir='ltr'>Austria,</span> <span class='ocrx_word' id='word_1_217' title='bbox 1586 1274 1754 1319; x_wconf 80' lang='lat' dir='ltr'>Superior</span> <span class='ocrx_word' id='word_1_218' title='bbox 1787 1273 1989 1312; x_wconf 83' lang='lat' dir='ltr'>Germania,</span> 
     </span>
     <span class='ocr_line' id='line_1_20' title="bbox 227 1325 1989 1373; baseline -0.002 -10"><span class='ocrx_word' id='word_1_219' title='bbox 227 1329 360 1370; x_wconf 83' lang='lat' dir='ltr'>Rheno,</span> <span class='ocrx_word' id='word_1_220' title='bbox 395 1329 560 1371; x_wconf 84' lang='lat' dir='ltr'>Fiandra,</span> <span class='ocrx_word' id='word_1_221' title='bbox 597 1329 759 1370; x_wconf 82' lang='lat' dir='ltr'>Francia,</span> <span class='ocrx_word' id='word_1_222' title='bbox 786 1328 991 1373; x_wconf 89' lang='lat' dir='ltr'>Aquitania,</span> <span class='ocrx_word' id='word_1_223' title='bbox 1028 1328 1252 1369; x_wconf 83' lang='lat' dir='ltr'>Lombardia,</span> <span class='ocrx_word' id='word_1_224' title='bbox 1279 1328 1450 1369; x_wconf 87' lang='lat' dir='ltr'>Toscana,</span> <span class='ocrx_word' id='word_1_225' title='bbox 1487 1327 1627 1372; x_wconf 88' lang='lat' dir='ltr'>Napoli,</span> <span class='ocrx_word' id='word_1_226' title='bbox 1660 1326 1791 1368; x_wconf 82' lang='lat' dir='ltr'>Sicilia,</span> <span class='ocrx_word' id='word_1_227' title='bbox 1818 1325 1989 1366; x_wconf 87' lang='lat' dir='ltr'>Frascati,</span> 
     </span>
     <span class='ocr_line' id='line_1_21' title="bbox 227 1379 1984 1425; baseline -0.002 -9"><span class='ocrx_word' id='word_1_228' title='bbox 227 1382 355 1423; x_wconf 85' lang='grc' dir='ltr'>Τ111011,</span> <span class='ocrx_word' id='word_1_229' title='bbox 391 1382 542 1423; x_wconf 82' lang='lat' dir='ltr'>Amelia,</span> <span class='ocrx_word' id='word_1_230' title='bbox 579 1382 730 1425; x_wconf 87' lang='lat' dir='ltr'>collegio</span> <span class='ocrx_word' id='word_1_231' title='bbox 765 1384 898 1422; x_wconf 88' lang='lat' dir='ltr'>nostro,</span> <span class='ocrx_word' id='word_1_232' title='bbox 938 1381 1088 1425; x_wconf 89' lang='lat' dir='ltr'>collegio</span> <span class='ocrx_word' id='word_1_233' title='bbox 1125 1381 1341 1424; x_wconf 83' lang='lat' dir='ltr'>germanico,</span> <span class='ocrx_word' id='word_1_234' title='bbox 1377 1381 1608 1416; x_wconf 81' lang='lat' dir='ltr'>Seminario.“</span> <span class='ocrx_word' id='word_1_235' title='bbox 1661 1380 1716 1414; x_wconf 85' lang='lat' dir='ltr'>Ita</span> <span class='ocrx_word' id='word_1_236' title='bbox 1752 1379 1834 1414; x_wconf 89' lang='lat' dir='ltr'>Cod.</span> <span class='ocrx_word' id='word_1_237' title='bbox 1866 1379 1984 1421; x_wconf 79' lang='lat' dir='ltr'>„Def.“</span> 
     </span>
     <span class='ocr_line' id='line_1_22' title="bbox 229 1434 1990 1480; baseline -0.002 -11"><span class='ocrx_word' id='word_1_238' title='bbox 229 1434 386 1478; x_wconf 89' lang='lat' dir='ltr'>(Diuersi</span> <span class='ocrx_word' id='word_1_239' title='bbox 413 1436 537 1477; x_wconf 83' lang='lat' dir='ltr'>ordini,</span> <span class='ocrx_word' id='word_1_240' title='bbox 564 1436 598 1469; x_wconf 90' lang='lat' dir='ltr'>in</span> <span class='ocrx_word' id='word_1_241' title='bbox 626 1447 657 1470; x_wconf 89' lang='lat' dir='ltr'>a.</span> <span class='ocrx_word' id='word_1_242' title='bbox 679 1435 798 1479; x_wconf 79' lang='grc'>1566),</span> <span class='ocrx_word' id='word_1_243' title='bbox 824 1435 860 1468; x_wconf 88' lang='grc'>111</span> <span class='ocrx_word' id='word_1_244' title='bbox 886 1446 955 1479; x_wconf 89' lang='lat' dir='ltr'>quo</span> <span class='ocrx_word' id='word_1_245' title='bbox 981 1437 1102 1470; x_wconf 85' lang='lat' dir='ltr'>tamen</span> <span class='ocrx_word' id='word_1_246' title='bbox 1127 1437 1326 1480; x_wconf 89' lang='lat' dir='ltr'>temporum</span> <span class='ocrx_word' id='word_1_247' title='bbox 1354 1434 1528 1468; x_wconf 83' lang='lat' dir='ltr'>rationem</span> <span class='ocrx_word' id='word_1_248' title='bbox 1554 1434 1650 1468; x_wconf 86' lang='lat' dir='ltr'>haud</span> <span class='ocrx_word' id='word_1_249' title='bbox 1675 1434 1725 1467; x_wconf 90' lang='lat' dir='ltr'>ita</span> <span class='ocrx_word' id='word_1_250' title='bbox 1751 1435 1885 1467; x_wconf 89' lang='lat' dir='ltr'>certam</span> <span class='ocrx_word' id='word_1_251' title='bbox 1911 1443 1990 1466; x_wconf 86' lang='lat' dir='ltr'>esse</span> 
     </span>
     <span class='ocr_line' id='line_1_23' title="bbox 227 1484 1989 1531; baseline -0.002 -9"><span class='ocrx_word' id='word_1_252' title='bbox 227 1489 405 1523; x_wconf 78' lang='lat' dir='ltr'>existimo.</span> <span class='ocrx_word' id='word_1_253' title='bbox 455 1489 494 1522; x_wconf 88' lang='lat' dir='ltr'>In</span> <span class='ocrx_word' id='word_1_254' title='bbox 523 1489 645 1522; x_wconf 88' lang='lat' dir='ltr'>eodem</span> <span class='ocrx_word' id='word_1_255' title='bbox 673 1488 802 1522; x_wconf 84' lang='lat' dir='ltr'>Codice</span> <span class='ocrx_word' id='word_1_256' title='bbox 829 1487 1019 1523; x_wconf 86' lang='lat' dir='ltr'>*notatum</span> <span class='ocrx_word' id='word_1_257' title='bbox 1047 1490 1112 1527; x_wconf 83' lang='lat' dir='ltr'>est,</span> <span class='ocrx_word' id='word_1_258' title='bbox 1151 1488 1329 1531; x_wconf 79' lang='lat' dir='ltr'>„officium</span> <span class='ocrx_word' id='word_1_259' title='bbox 1357 1488 1526 1522; x_wconf 81' lang='lat' dir='ltr'>rectoris“</span> <span class='ocrx_word' id='word_1_260' title='bbox 1566 1487 1622 1521; x_wconf 89' lang='grc'>20.</span> <span class='ocrx_word' id='word_1_261' title='bbox 1650 1486 1806 1529; x_wconf 79' lang='lat' dir='ltr'>Augusti</span> <span class='ocrx_word' id='word_1_262' title='bbox 1835 1485 1924 1520; x_wconf 89' lang='grc'>1566</span> <span class='ocrx_word' id='word_1_263' title='bbox 1954 1484 1989 1518; x_wconf 82' lang='grc'>111</span> 
     </span>
     <span class='ocr_line' id='line_1_24' title="bbox 229 1538 1990 1586; baseline -0.002 -10"><span class='ocrx_word' id='word_1_264' title='bbox 229 1542 457 1576; x_wconf 83' lang='lat' dir='ltr'>Germaniam</span> <span class='ocrx_word' id='word_1_265' title='bbox 483 1542 703 1586; x_wconf 85' lang='lat' dir='ltr'>superiorem</span> <span class='ocrx_word' id='word_1_266' title='bbox 731 1542 880 1576; x_wconf 87' lang='lat' dir='ltr'>missum</span> <span class='ocrx_word' id='word_1_267' title='bbox 908 1553 997 1576; x_wconf 93' lang='lat' dir='ltr'>esse.</span> <span class='ocrx_word' id='word_1_268' title='bbox 1041 1541 1173 1576; x_wconf 81' lang='lat' dir='ltr'>Exstat</span> <span class='ocrx_word' id='word_1_269' title='bbox 1199 1541 1316 1575; x_wconf 90' lang='lat' dir='ltr'>adhuc</span> <span class='ocrx_word' id='word_1_270' title='bbox 1341 1543 1534 1584; x_wconf 88' lang='lat' dir='ltr'>utrumque</span> <span class='ocrx_word' id='word_1_271' title='bbox 1560 1540 1737 1579; x_wconf 86' lang='lat' dir='ltr'>officium;</span> <span class='ocrx_word' id='word_1_272' title='bbox 1765 1539 1830 1573; x_wconf 87' lang='lat' dir='ltr'>hoc</span> <span class='ocrx_word' id='word_1_273' title='bbox 1857 1538 1907 1572; x_wconf 88' lang='lat' dir='ltr'>ita</span> <span class='ocrx_word' id='word_1_274' title='bbox 1935 1540 1990 1572; x_wconf 75' lang='lat' dir='ltr'>est</span> 
     </span>
     <span class='ocr_line' id='line_1_25' title="bbox 227 1591 1988 1639; baseline -0.002 -11"><span class='ocrx_word' id='word_1_275' title='bbox 227 1594 458 1639; x_wconf 82' lang='lat' dir='ltr'>inscriptum:</span> <span class='ocrx_word' id='word_1_276' title='bbox 500 1595 590 1637; x_wconf 81' lang='lat' dir='ltr'>,Per</span> <span class='ocrx_word' id='word_1_277' title='bbox 626 1595 650 1629; x_wconf 95' lang='lat' dir='ltr'>il</span> <span class='ocrx_word' id='word_1_278' title='bbox 677 1595 793 1629; x_wconf 88' lang='lat' dir='ltr'>Padre</span> <span class='ocrx_word' id='word_1_279' title='bbox 821 1594 963 1629; x_wconf 89' lang='lat' dir='ltr'>Canisio</span> <span class='ocrx_word' id='word_1_280' title='bbox 1000 1597 1036 1628; x_wconf 92' lang='lat' dir='ltr'>et</span> <span class='ocrx_word' id='word_1_281' title='bbox 1069 1596 1165 1628; x_wconf 89' lang='lat' dir='ltr'>tutta</span> <span class='ocrx_word' id='word_1_282' title='bbox 1199 1606 1263 1628; x_wconf 88' lang='lat' dir='ltr'>sua</span> <span class='ocrx_word' id='word_1_283' title='bbox 1292 1593 1524 1633; x_wconf 77' lang='lat' dir='ltr'>Prouincia“;</span> <span class='ocrx_word' id='word_1_284' title='bbox 1565 1593 1652 1627; x_wconf 87' lang='lat' dir='ltr'>illud</span> <span class='ocrx_word' id='word_1_285' title='bbox 1688 1593 1757 1626; x_wconf 89' lang='lat' dir='ltr'>ita:</span> <span class='ocrx_word' id='word_1_286' title='bbox 1800 1591 1988 1634; x_wconf 79' lang='lat' dir='ltr'>„Officium</span> 
     </span>
     <span class='ocr_line' id='line_1_26' title="bbox 226 1643 1988 1692; baseline -0.003 -10"><span class='ocrx_word' id='word_1_287' title='bbox 226 1647 383 1681; x_wconf 87' lang='lat' dir='ltr'>Ministri</span> <span class='ocrx_word' id='word_1_288' title='bbox 409 1660 472 1692; x_wconf 91' lang='lat' dir='ltr'>pro</span> <span class='ocrx_word' id='word_1_289' title='bbox 499 1648 688 1682; x_wconf 86' lang='lat' dir='ltr'>Prouincia</span> <span class='ocrx_word' id='word_1_290' title='bbox 715 1648 910 1692; x_wconf 88' lang='lat' dir='ltr'>superioris</span> <span class='ocrx_word' id='word_1_291' title='bbox 938 1647 1170 1682; x_wconf 80' lang='lat' dir='ltr'>Germaniae“</span> <span class='ocrx_word' id='word_1_292' title='bbox 1203 1647 1330 1690; x_wconf 76' lang='lat' dir='ltr'>(„Can.</span> <span class='ocrx_word' id='word_1_293' title='bbox 1349 1648 1414 1681; x_wconf 64' lang='lat'>42²</span> <span class='ocrx_word' id='word_1_294' title='bbox 1437 1646 1713 1686; x_wconf 62' lang='lat' dir='ltr'>f.1102—119¹2;</span> <span class='ocrx_word' id='word_1_295' title='bbox 1743 1643 1988 1687; x_wconf 64' lang='lat' dir='ltr'>moa—121³).</span> 
     </span>
    </p>

    <p class='ocr_par' dir='ltr' id='par_1_5' title="bbox 228 1697 1990 2699">
     <span class='ocr_line' id='line_1_27' title="bbox 349 1697 1989 1744; baseline -0.002 -10"><span class='ocrx_word' id='word_1_296' title='bbox 349 1700 426 1734; x_wconf 87' lang='lat' dir='ltr'>Hae</span> <span class='ocrx_word' id='word_1_297' title='bbox 462 1700 608 1735; x_wconf 83' lang='lat' dir='ltr'>Polanci</span> <span class='ocrx_word' id='word_1_298' title='bbox 645 1701 690 1735; x_wconf 88' lang='lat' dir='ltr'>ad</span> <span class='ocrx_word' id='word_1_299' title='bbox 727 1700 910 1735; x_wconf 87' lang='lat' dir='ltr'>Canisium</span> <span class='ocrx_word' id='word_1_300' title='bbox 948 1700 1091 1734; x_wconf 85' lang='lat' dir='ltr'>litterae</span> <span class='ocrx_word' id='word_1_301' title='bbox 1130 1711 1239 1734; x_wconf 89' lang='lat' dir='ltr'>causa</span> <span class='ocrx_word' id='word_1_302' title='bbox 1277 1700 1423 1734; x_wconf 88' lang='lat' dir='ltr'>fuerunt</span> <span class='ocrx_word' id='word_1_303' title='bbox 1458 1698 1681 1744; x_wconf 84' lang='lat' dir='ltr'>*epistulae,</span> <span class='ocrx_word' id='word_1_304' title='bbox 1720 1709 1826 1742; x_wconf 84' lang='lat' dir='ltr'>quam</span> <span class='ocrx_word' id='word_1_305' title='bbox 1861 1697 1901 1731; x_wconf 93' lang='lat' dir='ltr'>P.</span> <span class='ocrx_word' id='word_1_306' title='bbox 1929 1697 1989 1731; x_wconf 78' lang='lat' dir='ltr'>Al-</span> 
     </span>
     <span class='ocr_line' id='line_1_28' title="bbox 228 1749 1988 1797; baseline -0.002 -11"><span class='ocrx_word' id='word_1_307' title='bbox 228 1753 386 1796; x_wconf 75' lang='lat' dir='ltr'>phonszcs</span> <span class='ocrx_word' id='word_1_308' title='bbox 404 1754 560 1788; x_wconf 73' lang='lat' dir='ltr'>Pisanus</span> <span class='ocrx_word' id='word_1_309' title='bbox 577 1753 612 1788; x_wconf 87' lang='lat' dir='ltr'><strong>S.</strong></span> <span class='ocrx_word' id='word_1_310' title='bbox 628 1754 649 1787; x_wconf 87' lang='lat' dir='ltr'><strong>J</strong></span> <span class='ocrx_word' id='word_1_311' title='bbox 655 1782 673 1794; x_wconf 85' lang='lat'>.,</span> <span class='ocrx_word' id='word_1_312' title='bbox 698 1753 900 1797; x_wconf 86' lang='lat' dir='ltr'>theologiae</span> <span class='ocrx_word' id='word_1_313' title='bbox 927 1753 961 1787; x_wconf 90' lang='lat' dir='ltr'>in</span> <span class='ocrx_word' id='word_1_314' title='bbox 988 1753 1226 1787; x_wconf 81' lang='lat' dir='ltr'>universitate</span> <span class='ocrx_word' id='word_1_315' title='bbox 1253 1752 1526 1796; x_wconf 84' lang='lat' dir='ltr'>ingolstadiensi</span> <span class='ocrx_word' id='word_1_316' title='bbox 1552 1752 1743 1796; x_wconf 85' lang='lat' dir='ltr'>professor,</span> <span class='ocrx_word' id='word_1_317' title='bbox 1770 1749 1988 1794; x_wconf 85' lang='lat' dir='ltr'>Ingolstadio</span> 
     </span>
     <span class='ocr_line' id='line_1_29' title="bbox 233 1802 1989 1850; baseline -0.002 -10"><span class='ocrx_word' id='word_1_318' title='bbox 233 1806 288 1840; x_wconf 83' lang='lat'>26.</span> <span class='ocrx_word' id='word_1_319' title='bbox 315 1806 523 1840; x_wconf 87' lang='lat' dir='ltr'>Decembris</span> <span class='ocrx_word' id='word_1_320' title='bbox 551 1807 667 1841; x_wconf 82' lang='lat'>15661</span> <span class='ocrx_word' id='word_1_321' title='bbox 692 1807 841 1841; x_wconf 87' lang='lat' dir='ltr'>Romam</span> <span class='ocrx_word' id='word_1_322' title='bbox 877 1806 921 1840; x_wconf 86' lang='lat' dir='ltr'>ad</span> <span class='ocrx_word' id='word_1_323' title='bbox 947 1806 1142 1840; x_wconf 89' lang='lat' dir='ltr'>Polancum</span> <span class='ocrx_word' id='word_1_324' title='bbox 1169 1806 1283 1845; x_wconf 83' lang='lat' dir='ltr'>dedit;</span> <span class='ocrx_word' id='word_1_325' title='bbox 1320 1817 1434 1850; x_wconf 85' lang='lat' dir='ltr'>pauca</span> <span class='ocrx_word' id='word_1_326' title='bbox 1469 1805 1526 1838; x_wconf 83' lang='lat' dir='ltr'>hic</span> <span class='ocrx_word' id='word_1_327' title='bbox 1561 1816 1652 1849; x_wconf 91' lang='lat' dir='ltr'>pono</span> <span class='ocrx_word' id='word_1_328' title='bbox 1688 1816 1733 1838; x_wconf 85' lang='lat' dir='ltr'>ex</span> <span class='ocrx_word' id='word_1_329' title='bbox 1768 1802 1989 1847; x_wconf 86' lang='lat' dir='ltr'>autographo</span> 
     </span>
     <span class='ocr_line' id='line_1_30' title="bbox 235 1855 1989 1904; baseline -0.003 -10"><span class='ocrx_word' id='word_1_330' title='bbox 235 1858 316 1902; x_wconf 86' lang='lat' dir='ltr'><strong>(„G.</strong></span> <span class='ocrx_word' id='word_1_331' title='bbox 336 1859 400 1904; x_wconf 88' lang='lat' dir='ltr'><strong>Ep.</strong></span> <span class='ocrx_word' id='word_1_332' title='bbox 418 1859 522 1893; x_wconf 87' lang='lat' dir='ltr'>VIII“</span> <span class='ocrx_word' id='word_1_333' title='bbox 553 1860 578 1894; x_wconf 91' lang='lat' dir='ltr'>f.</span> <span class='ocrx_word' id='word_1_334' title='bbox 598 1859 703 1902; x_wconf 87' lang='grc'>216);</span> <span class='ocrx_word' id='word_1_335' title='bbox 730 1860 782 1894; x_wconf 93' lang='lat' dir='ltr'>De</span> <span class='ocrx_word' id='word_1_336' title='bbox 808 1871 874 1894; x_wconf 84' lang='lat' dir='ltr'>sua</span> <span class='ocrx_word' id='word_1_337' title='bbox 891 1859 953 1893; x_wconf 91' lang='lat' dir='ltr'>illa</span> <span class='ocrx_word' id='word_1_338' title='bbox 976 1859 1246 1904; x_wconf 78' lang='lat' dir='ltr'>„Disputatione</span> <span class='ocrx_word' id='word_1_339' title='bbox 1265 1859 1307 1893; x_wconf 92' lang='lat' dir='ltr'>de</span> <span class='ocrx_word' id='word_1_340' title='bbox 1327 1858 1488 1903; x_wconf 70' lang='lat' dir='ltr'>Jejunio‘</span> <span class='ocrx_word' id='word_1_341' title='bbox 1511 1858 1683 1892; x_wconf 79' lang='lat' dir='ltr'>Pisanus:</span> <span class='ocrx_word' id='word_1_342' title='bbox 1715 1856 1837 1899; x_wconf 71' lang='lat' dir='ltr'>,Vbi“,</span> <span class='ocrx_word' id='word_1_343' title='bbox 1864 1855 1989 1900; x_wconf 86' lang='lat' dir='ltr'>inquit,</span> 
     </span>
     <span class='ocr_line' id='line_1_31' title="bbox 236 1910 1989 1957; baseline -0.002 -12"><span class='ocrx_word' id='word_1_344' title='bbox 236 1912 372 1954; x_wconf 71' lang='lat' dir='ltr'>„tit-ulo,</span> <span class='ocrx_word' id='word_1_345' title='bbox 399 1911 467 1954; x_wconf 85' lang='lat' dir='ltr'>Qui</span> <span class='ocrx_word' id='word_1_346' title='bbox 492 1924 561 1947; x_wconf 88' lang='lat' dir='ltr'>non</span> <span class='ocrx_word' id='word_1_347' title='bbox 587 1914 731 1946; x_wconf 90' lang='lat' dir='ltr'>tenetur</span> <span class='ocrx_word' id='word_1_348' title='bbox 753 1913 927 1957; x_wconf 84' lang='lat' dir='ltr'>jejunare,</span> <span class='ocrx_word' id='word_1_349' title='bbox 955 1912 1063 1946; x_wconf 89' lang='lat' dir='ltr'>Thesi</span> <span class='ocrx_word' id='word_1_350' title='bbox 1090 1912 1214 1956; x_wconf 90' lang='lat' dir='ltr'>quinta</span> <span class='ocrx_word' id='word_1_351' title='bbox 1241 1923 1332 1956; x_wconf 86' lang='lat' dir='ltr'>quae</span> <span class='ocrx_word' id='word_1_352' title='bbox 1349 1912 1401 1946; x_wconf 86' lang='lat' dir='ltr'>sic</span> <span class='ocrx_word' id='word_1_353' title='bbox 1418 1911 1538 1946; x_wconf 86' lang='lat' dir='ltr'>habet.</span> <span class='ocrx_word' id='word_1_354' title='bbox 1573 1910 1733 1944; x_wconf 86' lang='lat' dir='ltr'>Robusta</span> <span class='ocrx_word' id='word_1_355' title='bbox 1759 1911 1858 1943; x_wconf 89' lang='lat' dir='ltr'>aetas</span> <span class='ocrx_word' id='word_1_356' title='bbox 1885 1920 1989 1953; x_wconf 89' lang='lat' dir='ltr'>quae-</span> 
     </span>
     <span class='ocr_line' id='line_1_32' title="bbox 232 1962 1989 2010; baseline -0.003 -10"><span class='ocrx_word' id='word_1_357' title='bbox 232 1976 314 1999; x_wconf 86' lang='lat' dir='ltr'>nam</span> <span class='ocrx_word' id='word_1_358' title='bbox 341 1966 397 2007; x_wconf 88' lang='lat' dir='ltr'>sit,</span> <span class='ocrx_word' id='word_1_359' title='bbox 425 1967 517 2010; x_wconf 91' lang='lat' dir='ltr'>quod</span> <span class='ocrx_word' id='word_1_360' title='bbox 544 1966 587 2000; x_wconf 86' lang='lat' dir='ltr'>ad</span> <span class='ocrx_word' id='word_1_361' title='bbox 614 1965 763 2000; x_wconf 87' lang='lat' dir='ltr'>militiae</span> <span class='ocrx_word' id='word_1_362' title='bbox 790 1966 947 2000; x_wconf 86' lang='lat' dir='ltr'>laborem</span> <span class='ocrx_word' id='word_1_363' title='bbox 973 1968 1115 2010; x_wconf 88' lang='lat' dir='ltr'>spectat</span> <span class='ocrx_word' id='word_1_364' title='bbox 1140 1965 1245 1999; x_wconf 91' lang='lat' dir='ltr'>Num.</span> <span class='ocrx_word' id='word_1_365' title='bbox 1272 1965 1385 2010; x_wconf 90' lang='lat' dir='ltr'>primo</span> <span class='ocrx_word' id='word_1_366' title='bbox 1412 1964 1623 2009; x_wconf 85' lang='lat' dir='ltr'>explicatur,</span> <span class='ocrx_word' id='word_1_367' title='bbox 1650 1975 1669 1997; x_wconf 89' lang='lat' dir='ltr'>a</span> <span class='ocrx_word' id='word_1_368' title='bbox 1696 1962 1866 1997; x_wconf 87' lang='lat' dir='ltr'>vicesimo</span> <span class='ocrx_word' id='word_1_369' title='bbox 1893 1962 1989 1996; x_wconf 84' lang='lat' dir='ltr'>vide-</span> 
     </span>
     <span class='ocr_line' id='line_1_33' title="bbox 231 2014 1990 2063; baseline -0.002 -11"><span class='ocrx_word' id='word_1_370' title='bbox 231 2019 316 2053; x_wconf 88' lang='lat' dir='ltr'>licet</span> <span class='ocrx_word' id='word_1_371' title='bbox 350 2030 442 2053; x_wconf 88' lang='lat' dir='ltr'>anno</span> <span class='ocrx_word' id='word_1_372' title='bbox 476 2030 590 2063; x_wconf 91' lang='lat' dir='ltr'>usque</span> <span class='ocrx_word' id='word_1_373' title='bbox 625 2019 668 2053; x_wconf 88' lang='lat' dir='ltr'>ad</span> <span class='ocrx_word' id='word_1_374' title='bbox 705 2019 1052 2062; x_wconf 84' lang='lat' dir='ltr'>quinquagesimum,</span> <span class='ocrx_word' id='word_1_375' title='bbox 1088 2019 1283 2053; x_wconf 89' lang='lat' dir='ltr'>secundum</span> <span class='ocrx_word' id='word_1_376' title='bbox 1310 2018 1508 2063; x_wconf 84' lang='lat' dir='ltr'>Josephum</span> <span class='ocrx_word' id='word_1_377' title='bbox 1521 2018 1544 2051; x_wconf 81' lang='lat'>².</span> <span class='ocrx_word' id='word_1_378' title='bbox 1595 2017 1626 2050; x_wconf 91' lang='lat' dir='ltr'>A</span> <span class='ocrx_word' id='word_1_379' title='bbox 1652 2016 1780 2060; x_wconf 89' lang='lat' dir='ltr'>quibus</span> <span class='ocrx_word' id='word_1_380' title='bbox 1812 2014 1990 2049; x_wconf 83' lang='lat' dir='ltr'>mensuris</span> 
     </span>
     <span class='ocr_line' id='line_1_34' title="bbox 233 2068 1990 2116; baseline -0.003 -10"><span class='ocrx_word' id='word_1_381' title='bbox 233 2083 301 2106; x_wconf 92' lang='lat' dir='ltr'>non</span> <span class='ocrx_word' id='word_1_382' title='bbox 337 2072 522 2106; x_wconf 87' lang='lat' dir='ltr'>admodum</span> <span class='ocrx_word' id='word_1_383' title='bbox 551 2072 731 2116; x_wconf 85' lang='lat' dir='ltr'>discrepat</span> <span class='ocrx_word' id='word_1_384' title='bbox 757 2072 930 2106; x_wconf 89' lang='lat' dir='ltr'>ecclesiae</span> <span class='ocrx_word' id='word_1_385' title='bbox 956 2072 1090 2116; x_wconf 85' lang='lat' dir='ltr'>praxis,</span> <span class='ocrx_word' id='word_1_386' title='bbox 1127 2083 1217 2115; x_wconf 84' lang='lat' dir='ltr'>quae</span> <span class='ocrx_word' id='word_1_387' title='bbox 1244 2071 1288 2105; x_wconf 90' lang='lat' dir='ltr'>ad</span> <span class='ocrx_word' id='word_1_388' title='bbox 1315 2070 1538 2116; x_wconf 86' lang='lat' dir='ltr'>Jejuniorum</span> <span class='ocrx_word' id='word_1_389' title='bbox 1563 2069 1728 2104; x_wconf 88' lang='lat' dir='ltr'>militiam</span> <span class='ocrx_word' id='word_1_390' title='bbox 1765 2070 1800 2102; x_wconf 89' lang='lat' dir='ltr'>et</span> <span class='ocrx_word' id='word_1_391' title='bbox 1830 2068 1990 2113; x_wconf 80' lang='lat' dir='ltr'>juniores</span> 
     </span>
     <span class='ocr_line' id='line_1_35' title="bbox 232 2120 1989 2169; baseline -0.002 -11"><span class='ocrx_word' id='word_1_392' title='bbox 232 2124 299 2164; x_wconf 90' lang='lat' dir='ltr'>his,</span> <span class='ocrx_word' id='word_1_393' title='bbox 336 2126 371 2158; x_wconf 91' lang='lat' dir='ltr'>et</span> <span class='ocrx_word' id='word_1_394' title='bbox 405 2125 563 2159; x_wconf 88' lang='lat' dir='ltr'>seniores</span> <span class='ocrx_word' id='word_1_395' title='bbox 598 2136 667 2158; x_wconf 92' lang='lat' dir='ltr'>non</span> <span class='ocrx_word' id='word_1_396' title='bbox 693 2125 874 2168; x_wconf 82' lang='lat' dir='ltr'>astringit.</span> <span class='ocrx_word' id='word_1_397' title='bbox 925 2124 1002 2159; x_wconf 89' lang='lat' dir='ltr'>Hac</span> <span class='ocrx_word' id='word_1_398' title='bbox 1032 2124 1209 2169; x_wconf 89' lang='lat' dir='ltr'>(inquam)</span> <span class='ocrx_word' id='word_1_399' title='bbox 1237 2123 1346 2158; x_wconf 89' lang='lat' dir='ltr'>Thesi</span> <span class='ocrx_word' id='word_1_400' title='bbox 1372 2125 1474 2158; x_wconf 81' lang='lat' dir='ltr'>visus</span> <span class='ocrx_word' id='word_1_401' title='bbox 1509 2134 1588 2157; x_wconf 90' lang='lat' dir='ltr'>sum</span> <span class='ocrx_word' id='word_1_402' title='bbox 1620 2133 1791 2162; x_wconf 83' lang='lat' dir='ltr'>asserere,</span> <span class='ocrx_word' id='word_1_403' title='bbox 1818 2120 1989 2165; x_wconf 87' lang='lat' dir='ltr'>quinqua-</span> 
     </span>
     <span class='ocr_line' id='line_1_36' title="bbox 233 2173 1984 2222; baseline -0.002 -11"><span class='ocrx_word' id='word_1_404' title='bbox 233 2177 333 2221; x_wconf 86' lang='lat' dir='ltr'>ginta</span> <span class='ocrx_word' id='word_1_405' title='bbox 359 2189 470 2212; x_wconf 90' lang='lat' dir='ltr'>annos</span> <span class='ocrx_word' id='word_1_406' title='bbox 496 2180 804 2222; x_wconf 87' lang='lat' dir='ltr'>praetergressum</span> <span class='ocrx_word' id='word_1_407' title='bbox 839 2178 882 2211; x_wconf 89' lang='lat' dir='ltr'>ad</span> <span class='ocrx_word' id='word_1_408' title='bbox 915 2178 1089 2222; x_wconf 85' lang='lat' dir='ltr'>jejunium</span> <span class='ocrx_word' id='word_1_409' title='bbox 1115 2189 1185 2211; x_wconf 92' lang='lat' dir='ltr'>non</span> <span class='ocrx_word' id='word_1_410' title='bbox 1211 2177 1335 2218; x_wconf 76' lang='lat' dir='ltr'>teneri,</span> <span class='ocrx_word' id='word_1_411' title='bbox 1371 2177 1440 2210; x_wconf 89' lang='lat' dir='ltr'>nisi</span> <span class='ocrx_word' id='word_1_412' title='bbox 1476 2178 1571 2210; x_wconf 87' lang='lat' dir='ltr'>esset</span> <span class='ocrx_word' id='word_1_413' title='bbox 1607 2187 1704 2209; x_wconf 87' lang='lat' dir='ltr'>error</span> <span class='ocrx_word' id='word_1_414' title='bbox 1737 2173 1984 2219; x_wconf 82' lang='lat' dir='ltr'>typographi.“</span> 
     </span>
     <span class='ocr_line' id='line_1_37' title="bbox 232 2225 1990 2276; baseline -0.003 -12"><span class='ocrx_word' id='word_1_415' title='bbox 232 2230 356 2274; x_wconf 93' lang='lat' dir='ltr'>Neque</span> <span class='ocrx_word' id='word_1_416' title='bbox 382 2242 466 2265; x_wconf 90' lang='lat' dir='ltr'>vero</span> <span class='ocrx_word' id='word_1_417' title='bbox 492 2230 708 2276; x_wconf 86' lang='lat' dir='ltr'>typographi</span> <span class='ocrx_word' id='word_1_418' title='bbox 734 2230 821 2264; x_wconf 88' lang='lat' dir='ltr'>vitio</span> <span class='ocrx_word' id='word_1_419' title='bbox 848 2230 881 2264; x_wconf 91' lang='lat' dir='ltr'>id</span> <span class='ocrx_word' id='word_1_420' title='bbox 908 2231 1043 2264; x_wconf 83' lang='lat' dir='ltr'>factum</span> <span class='ocrx_word' id='word_1_421' title='bbox 1080 2232 1154 2271; x_wconf 91' lang='lat' dir='ltr'>est;</span> <span class='ocrx_word' id='word_1_422' title='bbox 1195 2230 1348 2264; x_wconf 88' lang='lat' dir='ltr'>Pisanus</span> <span class='ocrx_word' id='word_1_423' title='bbox 1383 2230 1471 2264; x_wconf 88' lang='lat' dir='ltr'>satis</span> <span class='ocrx_word' id='word_1_424' title='bbox 1499 2229 1593 2263; x_wconf 86' lang='lat' dir='ltr'>clare</span> <span class='ocrx_word' id='word_1_425' title='bbox 1619 2228 1653 2262; x_wconf 89' lang='lat' dir='ltr'>id</span> <span class='ocrx_word' id='word_1_426' title='bbox 1681 2227 1871 2271; x_wconf 87' lang='lat' dir='ltr'>significat.</span> <span class='ocrx_word' id='word_1_427' title='bbox 1922 2225 1990 2267; x_wconf 74' lang='lat' dir='ltr'>Qui</span> 
     </span>
     <span class='ocr_line' id='line_1_38' title="bbox 235 2280 1989 2327; baseline -0.002 -11"><span class='ocrx_word' id='word_1_428' title='bbox 235 2283 343 2317; x_wconf 87' lang='lat' dir='ltr'>etiam</span> <span class='ocrx_word' id='word_1_429' title='bbox 381 2284 536 2318; x_wconf 87' lang='lat' dir='ltr'>fatetur:</span> <span class='ocrx_word' id='word_1_430' title='bbox 585 2283 750 2327; x_wconf 86' lang='lat' dir='ltr'>„Praxim</span> <span class='ocrx_word' id='word_1_431' title='bbox 790 2283 973 2324; x_wconf 87' lang='lat' dir='ltr'>ecclesiae,</span> <span class='ocrx_word' id='word_1_432' title='bbox 1013 2295 1093 2317; x_wconf 88' lang='lat' dir='ltr'>cum</span> <span class='ocrx_word' id='word_1_433' title='bbox 1131 2283 1265 2317; x_wconf 90' lang='lat' dir='ltr'>Romae</span> <span class='ocrx_word' id='word_1_434' title='bbox 1303 2283 1560 2317; x_wconf 87' lang='lat' dir='ltr'>catechismum</span> <span class='ocrx_word' id='word_1_435' title='bbox 1598 2281 1802 2315; x_wconf 85' lang='lat' dir='ltr'>memoriter</span> <span class='ocrx_word' id='word_1_436' title='bbox 1843 2280 1878 2314; x_wconf 88' lang='lat' dir='ltr'>in</span> <span class='ocrx_word' id='word_1_437' title='bbox 1913 2291 1989 2324; x_wconf 87' lang='lat' dir='ltr'>pro-</span> 
     </span>
     <span class='ocr_line' id='line_1_39' title="bbox 236 2332 1988 2381; baseline -0.003 -11"><span class='ocrx_word' id='word_1_438' title='bbox 236 2336 376 2370; x_wconf 89' lang='lat' dir='ltr'>batione</span> <span class='ocrx_word' id='word_1_439' title='bbox 402 2337 622 2371; x_wconf 87' lang='lat' dir='ltr'>addiscerem</span> <span class='ocrx_word' id='word_1_440' title='bbox 635 2338 657 2379; x_wconf 76' lang='grc'>3,</span> <span class='ocrx_word' id='word_1_441' title='bbox 693 2337 775 2380; x_wconf 86' lang='lat' dir='ltr'>legi,</span> <span class='ocrx_word' id='word_1_442' title='bbox 811 2338 851 2370; x_wconf 88' lang='lat' dir='ltr'>ut</span> <span class='ocrx_word' id='word_1_443' title='bbox 883 2339 987 2370; x_wconf 88' lang='lat' dir='ltr'>antea</span> <span class='ocrx_word' id='word_1_444' title='bbox 1013 2348 1194 2377; x_wconf 83' lang='lat' dir='ltr'>noueram,</span> <span class='ocrx_word' id='word_1_445' title='bbox 1229 2338 1310 2381; x_wconf 91' lang='lat' dir='ltr'>post</span> <span class='ocrx_word' id='word_1_446' title='bbox 1336 2336 1376 2370; x_wconf 87' lang='lat'>21</span> <span class='ocrx_word' id='word_1_447' title='bbox 1406 2347 1538 2370; x_wconf 86' lang='lat' dir='ltr'>annum</span> <span class='ocrx_word' id='word_1_448' title='bbox 1570 2335 1721 2379; x_wconf 84' lang='lat' dir='ltr'>juuenes</span> <span class='ocrx_word' id='word_1_449' title='bbox 1747 2333 1790 2367; x_wconf 88' lang='lat' dir='ltr'>ad</span> <span class='ocrx_word' id='word_1_450' title='bbox 1813 2332 1988 2378; x_wconf 83' lang='lat' dir='ltr'>jejunium</span> 
     </span>
     <span class='ocr_line' id='line_1_40' title="bbox 234 2386 1988 2435; baseline -0.003 -12"><span class='ocrx_word' id='word_1_451' title='bbox 234 2389 401 2433; x_wconf 81' lang='lat' dir='ltr'>obligari;</span> <span class='ocrx_word' id='word_1_452' title='bbox 438 2392 518 2435; x_wconf 86' lang='lat' dir='ltr'>post</span> <span class='ocrx_word' id='word_1_453' title='bbox 545 2391 589 2425; x_wconf 88' lang='grc'>60</span> <span class='ocrx_word' id='word_1_454' title='bbox 615 2402 700 2424; x_wconf 89' lang='lat' dir='ltr'>vero</span> <span class='ocrx_word' id='word_1_455' title='bbox 735 2400 839 2424; x_wconf 86' lang='lat' dir='ltr'>senes</span> <span class='ocrx_word' id='word_1_456' title='bbox 873 2401 942 2423; x_wconf 89' lang='lat' dir='ltr'>non</span> <span class='ocrx_word' id='word_1_457' title='bbox 968 2389 1151 2433; x_wconf 82' lang='lat' dir='ltr'>obligari.“</span> <span class='ocrx_word' id='word_1_458' title='bbox 1205 2388 1330 2432; x_wconf 89' lang='lat' dir='ltr'>Neque</span> <span class='ocrx_word' id='word_1_459' title='bbox 1363 2391 1483 2422; x_wconf 88' lang='lat' dir='ltr'>tamen</span> <span class='ocrx_word' id='word_1_460' title='bbox 1509 2388 1543 2422; x_wconf 90' lang='lat' dir='ltr'>id</span> <span class='ocrx_word' id='word_1_461' title='bbox 1570 2388 1712 2430; x_wconf 82' lang='lat' dir='ltr'>negavi,</span> <span class='ocrx_word' id='word_1_462' title='bbox 1748 2386 1808 2426; x_wconf 86' lang='lat' dir='ltr'>ait,</span> <span class='ocrx_word' id='word_1_463' title='bbox 1840 2396 1988 2428; x_wconf 88' lang='lat' dir='ltr'>eamque</span> 
     </span>
     <span class='ocr_line' id='line_1_41' title="bbox 234 2438 1988 2487; baseline -0.003 -10"><span class='ocrx_word' id='word_1_464' title='bbox 234 2444 467 2477; x_wconf 86' lang='lat' dir='ltr'>assertionem</span> <span class='ocrx_word' id='word_1_465' title='bbox 505 2443 704 2477; x_wconf 87' lang='lat' dir='ltr'>rationibus</span> <span class='ocrx_word' id='word_1_466' title='bbox 741 2442 878 2487; x_wconf 88' lang='lat' dir='ltr'>probat.</span> <span class='ocrx_word' id='word_1_467' title='bbox 946 2442 1117 2487; x_wconf 82' lang='lat' dir='ltr'>„Propter</span> <span class='ocrx_word' id='word_1_468' title='bbox 1155 2442 1219 2476; x_wconf 87' lang='lat' dir='ltr'>has</span> <span class='ocrx_word' id='word_1_469' title='bbox 1258 2453 1386 2476; x_wconf 89' lang='lat' dir='ltr'>causas</span> <span class='ocrx_word' id='word_1_470' title='bbox 1424 2440 1654 2479; x_wconf 89' lang='lat' dir='ltr'>crediderim,</span> <span class='ocrx_word' id='word_1_471' title='bbox 1692 2450 1761 2473; x_wconf 87' lang='lat' dir='ltr'>non</span> <span class='ocrx_word' id='word_1_472' title='bbox 1799 2438 1856 2472; x_wconf 92' lang='lat' dir='ltr'>hic</span> <span class='ocrx_word' id='word_1_473' title='bbox 1894 2438 1988 2481; x_wconf 88' lang='lat' dir='ltr'>quic·</span> 
     </span>
     <span class='ocr_line' id='line_1_42' title="bbox 234 2490 1989 2540; baseline -0.003 -11"><span class='ocrx_word' id='word_1_474' title='bbox 234 2506 339 2538; x_wconf 89' lang='lat' dir='ltr'>quam</span> <span class='ocrx_word' id='word_1_475' title='bbox 375 2496 587 2530; x_wconf 89' lang='lat' dir='ltr'>obseruasse</span> <span class='ocrx_word' id='word_1_476' title='bbox 622 2498 757 2540; x_wconf 81' lang='lat' dir='ltr'>patres,</span> <span class='ocrx_word' id='word_1_477' title='bbox 793 2495 921 2539; x_wconf 90' lang='lat' dir='ltr'>quibus</span> <span class='ocrx_word' id='word_1_478' title='bbox 959 2495 1090 2529; x_wconf 90' lang='lat' dir='ltr'>tradidi</span> <span class='ocrx_word' id='word_1_479' title='bbox 1125 2494 1261 2528; x_wconf 88' lang='lat' dir='ltr'>Theses</span> <span class='ocrx_word' id='word_1_480' title='bbox 1299 2494 1540 2538; x_wconf 84' lang='lat' dir='ltr'>corrigendas.</span> <span class='ocrx_word' id='word_1_481' title='bbox 1591 2493 1698 2526; x_wconf 86' lang='lat' dir='ltr'>Pater</span> <span class='ocrx_word' id='word_1_482' title='bbox 1735 2490 1989 2536; x_wconf 66' lang='lat' dir='ltr'>prouincialis⁴</span> 
     </span>
     <span class='ocr_line' id='line_1_43' title="bbox 234 2543 1988 2592; baseline -0.003 -10"><span class='ocrx_word' id='word_1_483' title='bbox 234 2551 371 2591; x_wconf 78' lang='lat' dir='ltr'>partem</span> <span class='ocrx_word' id='word_1_484' title='bbox 398 2551 539 2582; x_wconf 89' lang='lat' dir='ltr'>tantum</span> <span class='ocrx_word' id='word_1_485' title='bbox 568 2548 771 2582; x_wconf 85' lang='lat' dir='ltr'>emendauit</span> <span class='ocrx_word' id='word_1_486' title='bbox 797 2548 962 2592; x_wconf 79' lang='lat' dir='ltr'>priorem,</span> <span class='ocrx_word' id='word_1_487' title='bbox 989 2547 1082 2591; x_wconf 91' lang='lat' dir='ltr'>quod</span> <span class='ocrx_word' id='word_1_488' title='bbox 1100 2550 1177 2581; x_wconf 88' lang='lat' dir='ltr'>tum</span> <span class='ocrx_word' id='word_1_489' title='bbox 1195 2547 1424 2580; x_wconf 86' lang='lat' dir='ltr'>concionibus</span> <span class='ocrx_word' id='word_1_490' title='bbox 1445 2549 1479 2580; x_wconf 87' lang='lat' dir='ltr'>et</span> <span class='ocrx_word' id='word_1_491' title='bbox 1497 2545 1650 2589; x_wconf 84' lang='lat' dir='ltr'>comitijs</span> <span class='ocrx_word' id='word_1_492' title='bbox 1669 2546 1766 2577; x_wconf 83' lang='lat' dir='ltr'>esset</span> <span class='ocrx_word' id='word_1_493' title='bbox 1783 2543 1988 2577; x_wconf 88' lang='lat' dir='ltr'>distractus.</span> 
     </span>
     <span class='ocr_line' id='line_1_44' title="bbox 234 2596 1988 2645; baseline -0.003 -12"><span class='ocrx_word' id='word_1_494' title='bbox 234 2600 272 2634; x_wconf 93' lang='lat' dir='ltr'>P.</span> <span class='ocrx_word' id='word_1_495' title='bbox 300 2600 476 2635; x_wconf 85' lang='lat' dir='ltr'>Visitat-or</span> <span class='ocrx_word' id='word_1_496' title='bbox 501 2601 679 2635; x_wconf 90' lang='lat' dir='ltr'>commisit</span> <span class='ocrx_word' id='word_1_497' title='bbox 704 2602 893 2644; x_wconf 89' lang='lat' dir='ltr'>negocium</span> <span class='ocrx_word' id='word_1_498' title='bbox 919 2601 1032 2645; x_wconf 89' lang='lat' dir='ltr'>primo</span> <span class='ocrx_word' id='word_1_499' title='bbox 1059 2600 1158 2634; x_wconf 87' lang='lat' dir='ltr'>Patri</span> <span class='ocrx_word' id='word_1_500' title='bbox 1185 2599 1390 2639; x_wconf 86' lang='lat' dir='ltr'>Ledesmae,</span> <span class='ocrx_word' id='word_1_501' title='bbox 1418 2599 1478 2642; x_wconf 87' lang='lat' dir='ltr'>qui</span> <span class='ocrx_word' id='word_1_502' title='bbox 1505 2598 1640 2632; x_wconf 89' lang='lat' dir='ltr'>Theses</span> <span class='ocrx_word' id='word_1_503' title='bbox 1666 2596 1837 2630; x_wconf 85' lang='lat' dir='ltr'>laudauit.</span> <span class='ocrx_word' id='word_1_504' title='bbox 1881 2596 1921 2630; x_wconf 83' lang='lat' dir='ltr'>R.</span> <span class='ocrx_word' id='word_1_505' title='bbox 1949 2596 1988 2630; x_wconf 90' lang='lat' dir='ltr'><strong>P.</strong></span> 
     </span>
     <span class='ocr_line' id='line_1_45' title="bbox 235 2647 1987 2699; baseline -0.003 -13"><span class='ocrx_word' id='word_1_506' title='bbox 235 2653 409 2687; x_wconf 89' lang='lat' dir='ltr'>Visitator</span> <span class='ocrx_word' id='word_1_507' title='bbox 443 2654 489 2699; x_wconf 83' lang='lat' dir='ltr'>ijs</span> <span class='ocrx_word' id='word_1_508' title='bbox 523 2666 591 2687; x_wconf 93' lang='lat' dir='ltr'>non</span> <span class='ocrx_word' id='word_1_509' title='bbox 627 2656 818 2688; x_wconf 86' lang='lat' dir='ltr'>contentus</span> <span class='ocrx_word' id='word_1_510' title='bbox 844 2653 959 2687; x_wconf 89' lang='lat' dir='ltr'>voluit</span> <span class='ocrx_word' id='word_1_511' title='bbox 994 2653 1069 2697; x_wconf 86' lang='lat' dir='ltr'>ipse</span> <span class='ocrx_word' id='word_1_512' title='bbox 1096 2652 1228 2693; x_wconf 85' lang='lat' dir='ltr'>videre,</span> <span class='ocrx_word' id='word_1_513' title='bbox 1264 2652 1326 2686; x_wconf 86' lang='lat' dir='ltr'>sed</span> <span class='ocrx_word' id='word_1_514' title='bbox 1358 2653 1393 2685; x_wconf 91' lang='lat' dir='ltr'>in</span> <span class='ocrx_word' id='word_1_515' title='bbox 1420 2652 1487 2685; x_wconf 82' lang='lat' dir='ltr'>hac</span> <span class='ocrx_word' id='word_1_516' title='bbox 1513 2662 1551 2684; x_wconf 91' lang='lat' dir='ltr'>re</span> <span class='ocrx_word' id='word_1_517' title='bbox 1576 2649 1626 2683; x_wconf 88' lang='lat' dir='ltr'>nil</span> <span class='ocrx_word' id='word_1_518' title='bbox 1652 2648 1868 2682; x_wconf 84' lang='lat' dir='ltr'>obseruauit.</span> <span class='ocrx_word' id='word_1_519' title='bbox 1920 2647 1987 2682; x_wconf 85' lang='lat' dir='ltr'>Sed</span> 
     </span>
    </p>
   </div>
   <div class='ocr_carea' id='block_1_4' title="bbox 235 2726 355 2729">
    <p class='ocr_par' dir='ltr' id='par_1_6' title="bbox 235 2726 355 2729">
     <span class='ocr_line' id='line_1_46' title="bbox 235 2726 355 2729; baseline 0 0"><span class='ocrx_word' id='word_1_520' title='bbox 235 2726 355 2729; x_wconf 95' lang='lat' dir='ltr'> </span> 
     </span>
    </p>
   </div>
   <div class='ocr_carea' id='block_1_5' title="bbox 235 2760 1989 3218">
    <p class='ocr_par' dir='ltr' id='par_1_7' title="bbox 235 2760 1988 2914">
     <span class='ocr_line' id='line_1_47' title="bbox 357 2760 1988 2810; baseline -0.004 -10"><span class='ocrx_word' id='word_1_521' title='bbox 357 2767 568 2800; x_wconf 69' lang='lat' dir='ltr'>²Pc&#39;samcs:</span> <span class='ocrx_word' id='word_1_522' title='bbox 611 2766 685 2808; x_wconf 75' lang='lat' dir='ltr'>„die</span> <span class='ocrx_word' id='word_1_523' title='bbox 712 2765 745 2799; x_wconf 86' lang='lat' dir='ltr'><strong>S.</strong></span> <span class='ocrx_word' id='word_1_524' title='bbox 774 2764 946 2810; x_wconf 80' lang='lat' dir='ltr'>Stephani</span> <span class='ocrx_word' id='word_1_525' title='bbox 974 2765 1108 2804; x_wconf 79' lang='lat'>1567“;</span> <span class='ocrx_word' id='word_1_526' title='bbox 1147 2764 1210 2798; x_wconf 83' lang='lat' dir='ltr'>sed</span> <span class='ocrx_word' id='word_1_527' title='bbox 1245 2775 1303 2798; x_wconf 89' lang='lat' dir='ltr'>res</span> <span class='ocrx_word' id='word_1_528' title='bbox 1339 2763 1447 2808; x_wconf 78' lang='lat' dir='ltr'>ipsae.</span> <span class='ocrx_word' id='word_1_529' title='bbox 1486 2773 1576 2806; x_wconf 89' lang='lat' dir='ltr'>quae</span> <span class='ocrx_word' id='word_1_530' title='bbox 1615 2760 1658 2794; x_wconf 86' lang='lat' dir='ltr'>ab</span> <span class='ocrx_word' id='word_1_531' title='bbox 1698 2771 1737 2793; x_wconf 87' lang='lat' dir='ltr'>eo</span> <span class='ocrx_word' id='word_1_532' title='bbox 1773 2760 1988 2800; x_wconf 86' lang='lat' dir='ltr'>scribuntur,</span> 
     </span>
     <span class='ocr_line' id='line_1_48' title="bbox 235 2813 1988 2862; baseline -0.003 -12"><span class='ocrx_word' id='word_1_533' title='bbox 235 2818 434 2859; x_wconf 88' lang='lat' dir='ltr'>ostendunt,</span> <span class='ocrx_word' id='word_1_534' title='bbox 463 2830 542 2852; x_wconf 89' lang='lat' dir='ltr'>eum</span> <span class='ocrx_word' id='word_1_535' title='bbox 569 2821 631 2853; x_wconf 88' lang='lat' dir='ltr'>aut</span> <span class='ocrx_word' id='word_1_536' title='bbox 656 2818 759 2862; x_wconf 86' lang='lat' dir='ltr'>lapsu</span> <span class='ocrx_word' id='word_1_537' title='bbox 786 2818 940 2862; x_wconf 90' lang='lat' dir='ltr'>quodam</span> <span class='ocrx_word' id='word_1_538' title='bbox 965 2817 1157 2851; x_wconf 87' lang='lat' dir='ltr'>memoriae</span> <span class='ocrx_word' id='word_1_539' title='bbox 1182 2816 1242 2850; x_wconf 89' lang='lat' dir='ltr'>vel</span> <span class='ocrx_word' id='word_1_540' title='bbox 1265 2816 1393 2850; x_wconf 85' lang='lat' dir='ltr'>calami</span> <span class='ocrx_word' id='word_1_541' title='bbox 1415 2814 1546 2856; x_wconf 53' lang='lat'>„15672</span> <span class='ocrx_word' id='word_1_542' title='bbox 1568 2825 1631 2858; x_wconf 83' lang='lat' dir='ltr'>pro</span> <span class='ocrx_word' id='word_1_543' title='bbox 1654 2813 1783 2854; x_wconf 70' lang='lat'>„1566“</span> <span class='ocrx_word' id='word_1_544' title='bbox 1815 2813 1988 2857; x_wconf 83' lang='lat' dir='ltr'>posuisse,</span> 
     </span>
     <span class='ocr_line' id='line_1_49' title="bbox 236 2865 1988 2914; baseline -0.002 -11"><span class='ocrx_word' id='word_1_545' title='bbox 236 2875 295 2903; x_wconf 83' lang='lat' dir='ltr'>aut</span> <span class='ocrx_word' id='word_1_546' title='bbox 322 2882 453 2903; x_wconf 87' lang='lat' dir='ltr'>annum</span> <span class='ocrx_word' id='word_1_547' title='bbox 473 2871 561 2905; x_wconf 83' lang='grc'>1567</span> <span class='ocrx_word' id='word_1_548' title='bbox 590 2883 685 2905; x_wconf 91' lang='lat' dir='ltr'>more</span> <span class='ocrx_word' id='word_1_549' title='bbox 712 2871 858 2914; x_wconf 87' lang='lat' dir='ltr'>antiquo</span> <span class='ocrx_word' id='word_1_550' title='bbox 886 2871 942 2904; x_wconf 87' lang='lat' dir='ltr'>die</span> <span class='ocrx_word' id='word_1_551' title='bbox 961 2869 1175 2904; x_wconf 87' lang='lat' dir='ltr'>Nativitatis</span> <span class='ocrx_word' id='word_1_552' title='bbox 1193 2869 1335 2903; x_wconf 92' lang='lat' dir='ltr'>Domini</span> <span class='ocrx_word' id='word_1_553' title='bbox 1353 2868 1513 2913; x_wconf 78' lang='lat' dir='ltr'>proxime</span> <span class='ocrx_word' id='word_1_554' title='bbox 1533 2865 1765 2900; x_wconf 85' lang='lat' dir='ltr'>antecedente</span> <span class='ocrx_word' id='word_1_555' title='bbox 1792 2865 1988 2899; x_wconf 87' lang='lat' dir='ltr'>incohasse.</span> 
     </span>
    </p>

    <p class='ocr_par' dir='ltr' id='par_1_8' title="bbox 238 2917 1989 3176">
     <span class='ocr_line' id='line_1_50' title="bbox 354 2917 1989 2965; baseline -0.002 -10"><span class='ocrx_word' id='word_1_556' title='bbox 354 2922 366 2941; x_wconf 76' lang='lat'><strong>2</strong></span> <span class='ocrx_word' id='word_1_557' title='bbox 392 2922 459 2955; x_wconf 88' lang='lat' dir='ltr'>Nm</span> <span class='ocrx_word' id='word_1_558' title='bbox 488 2925 518 2959; x_wconf 79' lang='grc'>1.</span> <span class='ocrx_word' id='word_1_559' title='bbox 545 2923 565 2956; x_wconf 76' lang='grc'><strong>3</strong></span> <span class='ocrx_word' id='word_1_560' title='bbox 595 2923 636 2957; x_wconf 82' lang='lat'>18</span> <span class='ocrx_word' id='word_1_561' title='bbox 665 2923 710 2958; x_wconf 85' lang='grc'>20</span> <span class='ocrx_word' id='word_1_562' title='bbox 736 2923 781 2957; x_wconf 88' lang='grc'>22</span> <span class='ocrx_word' id='word_1_563' title='bbox 807 2926 896 2957; x_wconf 87' lang='lat' dir='ltr'>etc.:</span> <span class='ocrx_word' id='word_1_564' title='bbox 936 2924 986 2965; x_wconf 78' lang='lat' dir='ltr'>,A</span> <span class='ocrx_word' id='word_1_565' title='bbox 1017 2922 1192 2965; x_wconf 86' lang='lat' dir='ltr'>vigesimo</span> <span class='ocrx_word' id='word_1_566' title='bbox 1228 2933 1319 2955; x_wconf 85' lang='lat' dir='ltr'>anno</span> <span class='ocrx_word' id='word_1_567' title='bbox 1357 2923 1392 2954; x_wconf 90' lang='lat' dir='ltr'>et</span> <span class='ocrx_word' id='word_1_568' title='bbox 1426 2919 1552 2964; x_wconf 71' lang='lat' dir='ltr'>supm‘</span> <span class='ocrx_word' id='word_1_569' title='bbox 1594 2918 1653 2960; x_wconf 84' lang='lat' dir='ltr'>(de</span> <span class='ocrx_word' id='word_1_570' title='bbox 1679 2918 1874 2952; x_wconf 85' lang='lat' dir='ltr'>numeratis</span> <span class='ocrx_word' id='word_1_571' title='bbox 1902 2917 1989 2951; x_wconf 86' lang='lat' dir='ltr'>viris</span> 
     </span>
     <span class='ocr_line' id='line_1_51' title="bbox 243 2970 1983 3019; baseline -0.001 -14"><span class='ocrx_word' id='word_1_572' title='bbox 243 2973 431 3013; x_wconf 75' lang='lat' dir='ltr'>„fortibus“</span> <span class='ocrx_word' id='word_1_573' title='bbox 464 2977 499 3008; x_wconf 87' lang='lat' dir='ltr'>et</span> <span class='ocrx_word' id='word_1_574' title='bbox 530 2975 824 3019; x_wconf 72' lang='lat' dir='ltr'>,procedentibus</span> <span class='ocrx_word' id='word_1_575' title='bbox 850 2976 893 3009; x_wconf 85' lang='lat' dir='ltr'>ad</span> <span class='ocrx_word' id='word_1_576' title='bbox 920 2975 1107 3018; x_wconf 53' lang='lat' dir='ltr'>bellunf&#39;).</span> <span class='ocrx_word' id='word_1_577' title='bbox 1143 2975 1189 3008; x_wconf 89' lang='lat' dir='ltr'>Et</span> <span class='ocrx_word' id='word_1_578' title='bbox 1207 2974 1261 3007; x_wconf 86' lang='lat' dir='ltr'>Ex</span> <span class='ocrx_word' id='word_1_579' title='bbox 1281 2974 1334 3012; x_wconf 76' lang='lat'>30,</span> <span class='ocrx_word' id='word_1_580' title='bbox 1357 2973 1417 3007; x_wconf 88' lang='lat'>14:</span> <span class='ocrx_word' id='word_1_581' title='bbox 1449 2972 1499 3013; x_wconf 83' lang='lat' dir='ltr'>,A</span> <span class='ocrx_word' id='word_1_582' title='bbox 1517 2970 1648 3013; x_wconf 80' lang='lat' dir='ltr'>viginti</span> <span class='ocrx_word' id='word_1_583' title='bbox 1667 2971 1770 3004; x_wconf 89' lang='lat' dir='ltr'>annis</span> <span class='ocrx_word' id='word_1_584' title='bbox 1796 2973 1831 3004; x_wconf 89' lang='lat' dir='ltr'>et</span> <span class='ocrx_word' id='word_1_585' title='bbox 1857 2971 1983 3015; x_wconf 80' lang='lat' dir='ltr'>supra“</span> 
     </span>
     <span class='ocr_line' id='line_1_52' title="bbox 240 3022 1985 3068; baseline -0.001 -11"><span class='ocrx_word' id='word_1_586' title='bbox 240 3024 298 3067; x_wconf 90' lang='lat' dir='ltr'>(de</span> <span class='ocrx_word' id='word_1_587' title='bbox 329 3025 492 3065; x_wconf 79' lang='lat' dir='ltr'>„ferenda</span> <span class='ocrx_word' id='word_1_588' title='bbox 518 3038 657 3061; x_wconf 88' lang='lat' dir='ltr'>summa</span> <span class='ocrx_word' id='word_1_589' title='bbox 683 3028 837 3061; x_wconf 88' lang='lat' dir='ltr'>filiorum</span> <span class='ocrx_word' id='word_1_590' title='bbox 864 3028 975 3062; x_wconf 85' lang='lat' dir='ltr'>Israel</span> <span class='ocrx_word' id='word_1_591' title='bbox 1003 3028 1103 3061; x_wconf 82' lang='lat' dir='ltr'>iuxta</span> <span class='ocrx_word' id='word_1_592' title='bbox 1129 3027 1335 3061; x_wconf 82' lang='lat' dir='ltr'>numerum‘·&#39;</span> <span class='ocrx_word' id='word_1_593' title='bbox 1367 3028 1401 3058; x_wconf 88' lang='lat' dir='ltr'>et</span> <span class='ocrx_word' id='word_1_594' title='bbox 1431 3023 1563 3068; x_wconf 83' lang='lat' dir='ltr'>„pretio</span> <span class='ocrx_word' id='word_1_595' title='bbox 1590 3023 1723 3056; x_wconf 73' lang='lat' dir='ltr'>dando“</span> <span class='ocrx_word' id='word_1_596' title='bbox 1760 3023 1803 3057; x_wconf 89' lang='lat' dir='ltr'>ab</span> <span class='ocrx_word' id='word_1_597' title='bbox 1830 3022 1985 3066; x_wconf 89' lang='lat' dir='ltr'>iisdem).</span> 
     </span>
     <span class='ocr_line' id='line_1_53' title="bbox 238 3074 1987 3125; baseline -0.001 -16"><span class='ocrx_word' id='word_1_598' title='bbox 238 3076 385 3109; x_wconf 60' lang='lat' dir='ltr'>Flavius</span> <span class='ocrx_word' id='word_1_599' title='bbox 411 3079 578 3121; x_wconf 74' lang='lat' dir='ltr'>Iosephus</span> <span class='ocrx_word' id='word_1_600' title='bbox 612 3082 730 3113; x_wconf 89' lang='lat' dir='ltr'>autem</span> <span class='ocrx_word' id='word_1_601' title='bbox 766 3080 853 3114; x_wconf 89' lang='lat' dir='ltr'>dicit</span> <span class='ocrx_word' id='word_1_602' title='bbox 887 3080 1040 3125; x_wconf 87' lang='lat' dir='ltr'>pretium</span> <span class='ocrx_word' id='word_1_603' title='bbox 1075 3079 1163 3113; x_wconf 88' lang='lat' dir='ltr'>illud</span> <span class='ocrx_word' id='word_1_604' title='bbox 1200 3079 1340 3112; x_wconf 88' lang='lat' dir='ltr'>dedisse</span> <span class='ocrx_word' id='word_1_605' title='bbox 1369 3079 1471 3119; x_wconf 60' lang='lat' dir='ltr'>„roias</span> <span class='ocrx_word' id='word_1_606' title='bbox 1496 3076 1563 3108; x_wconf 76' lang='grc' dir='ltr'>ἀπὸ</span> <span class='ocrx_word' id='word_1_607' title='bbox 1591 3074 1695 3108; x_wconf 75' lang='grc' dir='ltr'><em>εἴκοσι</em></span> <span class='ocrx_word' id='word_1_608' title='bbox 1722 3077 1776 3108; x_wconf 78' lang='grc' dir='ltr'>καὶ</span> <span class='ocrx_word' id='word_1_609' title='bbox 1803 3075 1873 3109; x_wconf 71' lang='grc' dir='ltr'>ἅνω</span> <span class='ocrx_word' id='word_1_610' title='bbox 1901 3077 1987 3109; x_wconf 78' lang='grc' dir='ltr'>ἐτῶν</span> 
     </span>
     <span class='ocr_line' id='line_1_54' title="bbox 240 3127 1633 3176; baseline 0 -16"><span class='ocrx_word' id='word_1_611' title='bbox 240 3127 319 3173; x_wconf 73' lang='grc' dir='ltr'>ἄχρι</span> <span class='ocrx_word' id='word_1_612' title='bbox 346 3130 552 3171; x_wconf 66' lang='grc' dir='ltr'><em>πεντήκοντα</em></span> <span class='ocrx_word' id='word_1_613' title='bbox 581 3133 790 3175; x_wconf 46' lang='lat' dir='ltr'>resonata&amp;</span> <span class='ocrx_word' id='word_1_614' title='bbox 824 3133 1086 3176; x_wconf 73' lang='lat' dir='ltr'>(Antiquitates</span> <span class='ocrx_word' id='word_1_615' title='bbox 1112 3132 1276 3165; x_wconf 81' lang='lat' dir='ltr'>Iudaicae</span> <span class='ocrx_word' id='word_1_616' title='bbox 1303 3130 1324 3163; x_wconf 90' lang='lat' dir='ltr'><strong>l.</strong></span> <span class='ocrx_word' id='word_1_617' title='bbox 1353 3130 1383 3170; x_wconf 83' lang='lat'>3,</span> <span class='ocrx_word' id='word_1_618' title='bbox 1411 3140 1438 3162; x_wconf 87' lang='lat' dir='ltr'><strong>c.</strong></span> <span class='ocrx_word' id='word_1_619' title='bbox 1466 3128 1497 3169; x_wconf 76' lang='lat'>8,</span> <span class='ocrx_word' id='word_1_620' title='bbox 1524 3139 1556 3160; x_wconf 86' lang='lat' dir='ltr'>n.</span> <span class='ocrx_word' id='word_1_621' title='bbox 1585 3127 1633 3170; x_wconf 84' lang='grc'>2).</span> 
     </span>
    </p>

    <p class='ocr_par' dir='ltr' id='par_1_9' title="bbox 358 3179 1421 3218">
     <span class='ocr_line' id='line_1_55' title="bbox 358 3179 1421 3218; baseline 0.003 -5"><span class='ocrx_word' id='word_1_622' title='bbox 358 3180 370 3199; x_wconf 78' lang='lat'>³</span> <span class='ocrx_word' id='word_1_623' title='bbox 396 3179 467 3213; x_wconf 79' lang='lat' dir='ltr'>Sub</span> <span class='ocrx_word' id='word_1_624' title='bbox 494 3192 523 3214; x_wconf 84' lang='lat' dir='ltr'>a.</span> <span class='ocrx_word' id='word_1_625' title='bbox 546 3183 654 3216; x_wconf 77' lang='lat'>1554:</span> <span class='ocrx_word' id='word_1_626' title='bbox 683 3184 764 3217; x_wconf 72' lang='lat' dir='ltr'>vide</span> <span class='ocrx_word' id='word_1_627' title='bbox 794 3186 880 3218; x_wconf 78' lang='lat' dir='ltr'>Can.</span> <span class='ocrx_word' id='word_1_628' title='bbox 907 3185 938 3217; x_wconf 87' lang='lat' dir='ltr'>Il</span> <span class='ocrx_word' id='word_1_629' title='bbox 966 3185 1061 3218; x_wconf 86' lang='lat'><strong>503⁷.</strong></span> <span class='ocrx_word' id='word_1_630' title='bbox 1206 3184 1219 3203; x_wconf 77' lang='lat'>4</span> <span class='ocrx_word' id='word_1_631' title='bbox 1247 3182 1421 3217; x_wconf 86' lang='lat' dir='ltr'>Canisius.</span> 
     </span>
    </p>
   </div>
  </div>
 </body>
</html>
