2077 3461
277 217 377 252 1200.
405 215 570 251 Canisius
597 214 632 249 S.
651 213 842 248 Francisco
869 212 911 245 de
937 209 1079 253 Borgia.
1118 207 1262 250 Dilinga
1291 206 1345 240 10.
1372 204 1474 238 Febr.
1503 203 1604 237 1565.
1764 204 1813 244 11

178 337 260 371 Una.
294 346 375 370 cum
410 334 467 368 his
501 332 644 374 litteris,
680 334 720 365 ut
755 341 801 364 ex
836 329 925 374 ipsis
959 325 1193 369 intellegitur,
1229 323 1374 358 Ottonis
1400 321 1591 356 cardinalis
1618 318 1823 362 Augustani

61 390 232 426 mandatu
257 389 405 423 Romam
434 386 479 421 ad
505 386 628 420 Socios
653 384 763 418 missa
790 385 875 417 sunt
902 381 970 416 100
995 378 1161 424 exempla
1185 377 1318 411 libelli:
1359 373 1652 418 „SOCIETATIS
1680 371 1787 405 IESV

61 441 293 478 DEFENSIO
321 440 399 474 AD·
415 437 614 483 {VERSVS
642 433 990 475 OBTRECTATO-1
1007 431 1106 473 RES,
1133 430 1198 465 EX
1223 426 1514 464 TESTIMONIO
1534 426 1536 471 l,
1556 426 1613 460 ΕΤ
1640 422 1822 459 LITERIS

61 497 126 530 PH
143 495 146 539 i
163 495 243 529 1111.
269 493 408 529 PONT.
427 492 429 537 i
447 485 563 526 MAX.
582 490 584 504 ¹
603 490 646 524 ΙΙ.
674 488 834 524 ΤΙΜΟΤ.
861 487 923 522 111.
942 487 944 499 ¹
963 485 1097 520 Omnes
1123 484 1183 528 qui
1209 483 1266 528 pie
1291 482 1419 516 volunt
1444 481 1567 514 viuere
1593 480 1628 513 in
1656 477 1799 512 Christo
1818 475 1820 488 ”

60 549 178 590 1ESV,
212 546 526 594 persequutionem
561 544 754 589 patientur.
822 542 907 575 Cum.
941 539 1123 582 sinyzclari
1156 537 1328 579 facultate
1357 535 1550 576 Ordinarzjj
1583 530 1819 566 escemiaebat'

62 602 303 638 DILINGAE
335 598 595 634 SEBALDVS
622 597 813 631 MAYER.
835 597 837 639 ξ
863 591 1110 628 M.D.LXV.“
1143 591 1206 634 (8⁰
1240 589 1346 629 min.;
1382 588 1416 622 ff.
1445 588 1464 622 6
1501 586 1636 630 [addito
1670 582 1824 626 titulari]

61 668 131 690 non
157 655 270 697 sign.;
305 653 429 688 folium
456 654 574 686 tamen
603 651 633 684 6.
661 660 815 683 vacuum
842 648 934 689 est);
970 647 1005 680 in
1040 644 1117 679 folii
1151 642 1309 677 titularis
1345 641 1478 686 pagina
1508 639 1622 673 altera
1648 636 1824 682 praefatio

64 709 238 753 quaedam
287 707 330 741 ab
373 705 551 749 „Otthone
593 702 773 737 Truchses
816 699 1006 734 Cardinale
1049 696 1246 732 Albanensi
1294 697 1330 729 et
1372 694 1547 738 Episcopo
1590 690 1822 734 Augustano“

64 761 212 804 Dilinga
239 761 271 795 9.
290 759 474 794 Februarii
502 757 593 791 1565
621 756 704 790 data
731 755 932 798 comparet3
960 753 995 786 in
1022 763 1094 796 qua
1119 749 1320 784 cardinalis
1341 749 1417 782 Otto
1447 745 1644 789 „gaudere‘
1674 754 1713 776 se
1731 742 1828 779 dicit,

64 815 156 860 quod
195 813 346 857 „Brevia
382 809 609 856 Apostolica“
649 808 710 842 illa
746 819 766 841 a
800 806 864 840 Pio
899 805 960 839 IV.
996 807 1032 838 in
1067 803 1221 847 gratiam
1258 799 1447 836 Societatis
1482 799 1565 833 Iesu
1599 796 1705 842 paulo
1744 797 1827 828 ante

65 868 200 912 scripta
230 867 285 909 „in
311 866 429 900 lucem
455 862 718 909 proferantur“.
773 859 893 903 „Quod
929 859 959 892 si
994 868 1146 901 usquam
1182 855 1266 890 alibi
1293 854 1421 888 Patres
1453 852 1515 893 illi,
1552 861 1641 895 quos
1676 849 1758 882 inde
1784 848 1828 882 ab

64 921 164 956 init-io
199 920 290 955 satis
323 920 532 964 perspectos
565 915 766 955 habuimus,
801 916 877 947 tum
909 914 1006 946 certe
1033 911 1068 944 in
1096 909 1288 944 Germania
1313 909 1437 941 nostra
1462 905 1606 940 laudem
1631 903 1724 937 hanc
1749 913 1827 946 pro-

64 976 265 1014 merentur,
304 975 344 1006 ut
381 972 425 1006 ab
463 970 628 1005 omnibus
663 967 733 1013 pijs
767 968 914 1011 propter
947 963 1168 1008 singularem
1203 960 1470 1004 integritatem,
1509 958 1681 1003 pietatem
1719 958 1828 998 atque

65 1027 263 1062 doctrinam
290 1025 450 1060 studiosa
477 1021 794 1061 commendatione,
829 1022 864 1053 et
895 1018 1070 1052 aduersus
1097 1015 1375 1050 calumniatores
1402 1023 1524 1048 omnes
1550 1009 1693 1056 publica
1719 1007 1828 1041 etiam

65 1080 271 1115 defensione
297 1078 395 1122 digni
422 1074 717 1114 existimentur“;
745 1074 946 1117 sequuntur
971 1073 994 1105 4
1020 1070 1164 1104 litterae
1191 1067 1410 1113 apostolicae
1436 1078 1457 1100 a
1474 1065 1539 1099 Pio
1557 1063 1618 1098 lV.
1639 1060 1830 1096 Societatis

67 1133 311 1168 defendendae
346 1134 383 1166 et
417 1128 717 1165 commendandae
752 1137 862 1160 eausa
888 1124 1000 1158 Roma
1035 1123 1168 1157 missae
1199 1122 1255 1155 29.
1282 1118 1490 1155 Decembris
1518 1118 1610 1152 1564
1644 1115 1688 1150 ad
1714 1113 1828 1148 Maxi-

67 1186 253 1220 milianum
272 1185 316 1219 II.
336 1185 599 1229 imperatorem,
627 1181 683 1216 30.
703 1177 912 1213 Decembris
932 1178 1022 1211 1564
1040 1176 1084 1210 ad
1103 1174 1291 1209 Danielem
1311 1171 1492 1217 [Brendel]
1520 1168 1828 1214 archiepiscopum

68 1241 105 1274 et
129 1239 320 1273 electorem
346 1236 597 1280 moguntinum
627 1233 775 1276 (litteris
801 1231 1012 1266 adnotatum
1039 1231 1105 1271 est,
1132 1228 1255 1262 eodem
1281 1226 1384 1260 modo
1410 1225 1454 1260 ad
1478 1224 1660 1268 [Ioannem
1677 1233 1748 1255 von
1767 1220 1830 1254 der

67 1291 202 1337 Leyen]
229 1291 535 1336 archiepiscopum
563 1291 599 1322 et
624 1287 817 1322 electorem
842 1287 1089 1319 treverensem
1116 1281 1289 1325 scriptum
1318 1279 1425 1322 esse),
1452 1278 1640 1312 Albertum
1659 1287 1694 1309 V.
1712 1274 1826 1308 Bava-

69 1347 144 1380 riae
169 1345 306 1385 ducem,
332 1344 448 1389 ipsum
476 1340 694 1377 cardinalem
719 1339 899 1373 Ottonem.
928 1336 1103 1371 Libellum
1130 1334 1206 1368 vidi
1232 1334 1267 1367 in
1294 1333 1368 1367 cod.
1401 1330 1551 1374 „Brevia
1577 1331 1614 1363 et
1638 1327 1827 1371 Rescripta

70 1398 350 1443 Antiquissima“
379 1409 413 1431 n.
433 1396 489 1431 82.
524 1394 591 1436 Qui
618 1394 732 1428 denuo
760 1392 877 1426 editus
904 1392 959 1424 est
984 1401 1015 1424 a.
1037 1389 1128 1423 1566
1154 1386 1305 1421 Lovanii
1330 1385 1422 1430 apud
1441 1385 1641 1427 Rutgerum
1659 1379 1827 1425 Velpium

69 1452 171 1496 isque
206 1452 266 1491 ita,
301 1453 341 1485 ut
375 1449 555 1495 appendix
590 1446 767 1491 quaedam
802 1446 898 1479 esset
933 1443 977 1477 ad
1015 1442 1193 1485 „Litteras
1219 1439 1380 1474 Indicas“
1412 1437 1511 1482 (vide
1540 1437 1626 1470 Can.
1653 1433 1704 1468 IV
1730 1432 1829 1475 987).

70 1507 190 1549 Atque
224 1505 260 1538 in
294 1504 363 1538 hac
398 1503 552 1537 editione
588 1501 629 1544 (f.
656 1499 746 1542 IVa)
783 1500 947 1532 notatum
982 1498 1048 1537 est,
1084 1507 1104 1529 a
1130 1494 1194 1528 Pio
1220 1493 1281 1527 IV.
1309 1493 1417 1526 etiam
1452 1491 1496 1525 ad
1523 1487 1757 1534 [Fi-idericum
1788 1486 1830 1519 de

70 1557 199 1602 Weda]
228 1557 534 1602 archiepiscopum
557 1557 593 1589 et
611 1554 802 1588 electorem
821 1550 1058 1585 coloniensem
1083 1548 1225 1590 „eodem
1245 1545 1444 1590 exemplo“‚
1462 1545 1570 1587 atque
1594 1541 1638 1575 ad
1656 1540 1831 1574 electores

70 1612 319 1656 moguntinum
347 1612 382 1644 et
407 1612 665 1648 treverensem,
691 1605 868 1650 scriptum
893 1614 983 1637 esse.
1016 1602 1136 1636 Minus
1163 1603 1282 1635 autem
1308 1600 1405 1633 recte
1432 1595 1662 1631 doctissimus
1688 1593 1750 1627 ille
1775 1593 1832 1626 vir

70 1667 291 1699 Franciscus
317 1665 456 1698 Suarez
481 1662 516 1696 S.
542 1662 574 1696 J.
602 1661 706 1694 Pium
732 1659 793 1692 IV.
820 1658 876 1691 his
902 1656 1034 1690 litteris
1060 1655 1207 1689 Martini
1235 1651 1427 1687 Chemnitii
1458 1647 1695 1692 „Theologiae
1721 1646 1831 1680 lesui-

70 1722 188 1753 tarum
215 1718 409 1763 praecipua
444 1716 581 1760 capita“
621 1716 658 1748 et
692 1712 782 1747 alios
818 1711 978 1745 eiusdem
1007 1707 1198 1743 Chemnitii
1224 1706 1334 1740 libros
1360 1705 1551 1738 damnasse
1577 1701 1736 1735 affirmat
1764 1698 1832 1742 (De

72 1772 208 1806 virtute
235 1774 271 1805 et
296 1773 395 1805 statu
420 1768 617 1812 religionis,
644 1766 764 1800 Tract.
787 1765 831 1803 X,
857 1764 880 1799 l.
902 1764 931 1805 1,
958 1775 987 1797 c.
1018 1764 1046 1803 1,
1074 1774 1107 1795 n.
1135 1762 1167 1802 5,
1194 1759 1404 1803 Moguntiae
1432 1757 1534 1798 1626,
1563 1754 1665 1797 357);
1691 1755 1834 1787 constat

72 1826 175 1865 enim,
202 1825 305 1859 Pium
325 1823 386 1858 IV.
412 1822 554 1857 libellos
580 1821 738 1854 famosos
763 1819 941 1853 adversus
959 1816 1175 1850 Societatem
1194 1813 1329 1847 Romae
1356 1823 1376 1846 a
1396 1809 1589 1845 Caesarino
1616 1806 1833 1851 compositos

73 1881 109 1913 et
134 1890 197 1924 per
224 1876 454 1913 Germaniam
480 1885 626 1920 sparsos
652 1873 822 1907 damnare
848 1869 1026 1909 voluisse3
1053 1869 1135 1902 vide
1165 1868 1252 1901 Can.
1280 1865 1330 1900 IV
1357 1863 1544 1899 761-762
1572 1860 1771 1899 ’ΠΒ-775,
1798 1862 1833 1892 et

72 1932 175 1977 plura
200 1931 305 1965 infra.
340 1929 518 1965 Gervicus
536 1928 578 1961 de
597 1924 911 1967 Schwarzenberg,
938 1933 1044 1966 quem
1062 1922 1211 1955 Romam
1235 1931 1325 1961 „una
1348 1929 1429 1952 cum
1454 1916 1510 1950 his
1537 1915 1668 1949 litteris
1686 1912 1829 1947 venire“

74 1985 240 2020 Canisius
266 1983 401 2021 scribit,
437 1992 557 2015 secum
586 1978 752 2014 attulisse
779 1978 923 2011 videtur
952 1976 1055 2010 binas
1086 1974 1170 2008 illas
1204 1973 1346 2007 litteras
1382 1966 1708 2007 commendaticias,
1744 1976 1834 2009 quas

73 2038 160 2073 Otto
195 2036 388 2071 cardinalis
423 2034 623 2069 Truchsess
657 2033 693 2066 in
728 2031 842 2076 ipsius
877 2032 985 2073 atque
1021 2027 1204 2062 Guilielmi
1243 2024 1397 2068 „Lesch“
1432 2025 1469 2057 et
1494 2020 1652 2066 Philippi
1678 2018 1834 2062 Fuggeri

74 2092 229 2135 gratiam
256 2090 300 2124 ad
327 2089 495 2132 Borgiam
532 2089 568 2120 et
602 2086 645 2120 ad
673 2084 839 2118 Natalem
877 2083 987 2126 (hunc
1022 2082 1116 2115 enim
1151 2080 1293 2114 nomine
1323 2076 1469 2121 „vicarii
1496 2073 1696 2119 generalis“
1726 2071 1834 2115 signi-

73 2145 202 2179 ficasse
240 2142 398 2183 videtur)
443 2141 590 2182 Dilinga
633 2139 665 2173 6.
704 2137 891 2172 Februarii
931 2136 1021 2169 1565
1064 2134 1182 2174 dedit,
1230 2132 1410 2175 simulque
1457 2127 1651 2174 epistulam
1692 2125 1837 2167 Dilinga

75 2198 108 2232 9.
133 2196 320 2231 Februarii
348 2195 437 2229 1565
466 2195 597 2233 datam,
634 2203 704 2236 qua
730 2190 816 2225 Otto
842 2189 910 2224 toti
937 2187 1107 2222 Societati
1134 2186 1291 2220 dolorem
1324 2184 1367 2218 ob
1396 2182 1510 2217 Lainii
1537 2190 1726 2215 excessum
1753 2189 1772 2211 a
1798 2188 1837 2211 se

75 2252 287 2295 conceptum
323 2247 547 2286 declarabat:
585 2257 675 2289 quae
711 2243 886 2289 epistulae
919 2243 1066 2276 exstant
1092 2240 1186 2285 apud
1213 2241 1305 2282 Any.
1337 2238 1500 2279 Theiner,
1536 2232 1732 2268 Schweden
1766 2231 1837 2264 und

75 2304 174 2338 seine
200 2302 365 2345 Stellung
401 2313 481 2335 zum
516 2299 670 2342 heiligen
699 2296 804 2332 Stuhl
835 2297 941 2330 unter
968 2294 1111 2328 Johann
1137 2293 1210 2334 111„
1242 2289 1449 2335 Sigismund
1476 2288 1538 2322 ΙΙΙ.
1564 2286 1636 2320 und
1663 2283 1751 2318 Karl
1776 2283 1837 2317 IX.

77 2357 121 2401 11,
146 2356 342 2400 Augsburg
369 2354 471 2395 1839,
502 2351 700 2387 308-309.

196 2409 230 2444 S.
257 2408 472 2443 Franciscus
497 2406 650 2448 Borgias
677 2403 819 2437 Canisio
846 2414 908 2447 per
934 2401 1132 2435 Polancum
1158 2397 1345 2443 rescripsit
1372 2397 1404 2430 5.
1432 2393 1566 2440 Aprilis
1596 2392 1696 2426 1565.

78 2507 236 2544 1200.
328 2503 546 2540 CANISIUS
574 2499 839 2539 SANCTO
867 2495 1255 2536 FRANCISGO
1282 2493 1373 2531 DE
1392 2488 1680 2531 BORGIA‚
1707 2488 1842 2523 vicario

245 2559 405 2604 generali
431 2557 623 2594 Societatis
648 2556 741 2590 Iesu.
795 2553 1036 2599 (Epistula
1063 2550 1249 2593 altera.)

1224 2602 1370 2644 Dilinga
1399 2600 1453 2634 10.
1480 2596 1665 2632 Februarii
1694 2595 1794 2629 1565.

198 2672 253 2706 Ex
280 2670 496 2717 apographo,
523 2668 615 2712 quod
643 2668 708 2702 sub
736 2679 766 2701 a.
788 2666 878 2702 1892
905 2678 949 2700 ex
976 2662 1200 2707 autographo
1230 2662 1301 2703 (2⁰2
1321 2660 1399 2693 aff:
1428 2659 1462 2691 in
1482 2669 1513 2701 p.
1533 2657 1555 2690 4
1573 2666 1681 2689 manu
1700 2653 1845 2688 Canisii.

80 2728 121 2760 ut
144 2725 306 2760 videtur:
339 2726 378 2767 „†
397 2723 569 2757 Defectus
596 2720 738 2763 collegii
765 2718 1054 2762 Dillingensis“)‚
1082 2718 1116 2750 in
1147 2715 1206 2757 „FL
1223 2714 1259 2748 C.
1278 2714 1311 2747 l“
1339 2725 1372 2746 n.
1396 2712 1457 2745 151
1490 2711 1530 2753 (f.
1560 2708 1602 2743 12
1632 2707 1690 2750 13)
1719 2706 1845 2751 posito.

82 2779 313 2824 exscriptum,
340 2777 418 2811 sub.
446 2788 476 2810 a.
506 2775 595 2810 1903
623 2785 703 2808 cum
731 2773 853 2807 eodem
880 2773 1021 2814 autogr.
1049 2769 1217 2802 collatum
1246 2769 1311 2800 est.

199 2844 267 2876 Res
301 2842 436 2884 eolleyii
469 2840 668 2882 dilz'nymzi:
702 2839 828 2871 Recto)-
862 2848 933 2869 non
968 2840 1014 2868 est
1051 2835 1197 2866 idonens
1231 2832 1278 2863 ad
1314 2831 1349 2862 id
1384 2829 1496 2869 officii
1531 2827 1644 2870 (quod
1679 2825 1847 2867 Dilz'ngyae

81 2897 315 2940 sinqulariter
335 2906 442 2939 yrave
465 2895 530 2933 est)
558 2891 898 2925 (tdmc'nistrandmn.
934 2890 1100 2922 Minister
1126 2887 1166 2919 ob
1186 2886 1363 2926 infirmam
1385 2881 1615 2915 valetudinem
1634 2880 1672 2912 in
1684 2879 1845 2921 patriam

82 2950 319 2983 remittendus.
371 2949 469 2981 Socii
501 2946 684 2979 cuiusdam
712 2945 856 2976 animus
880 2953 982 2985 meyer
1007 2941 1149 2973 sedulus
1175 2942 1231 2970 est.
1285 2936 1409 2968 Sosius
1435 2935 1591 2977 quidam,
1618 2934 1693 2965 sine
1717 2941 1844 2974 sponsa

83 3004 194 3035 vivere
213 3002 343 3045 nolens,
361 3000 597 3034 dimissionem
612 2999 712 3041 petit.
748 2997 872 3029 Sarius
890 2994 1033 3038 qnidam
1052 2992 1236 3035 pecuniam
1257 2991 1343 3022 clam
1364 2988 1520 3021 retinnit.
1551 2986 1646 3019 Socii
1664 2984 1847 3017 cuiusdam

83 3056 264 3099 inglent'um
298 3058 431 3097 aqreste
455 3054 588 3086 Romae
622 3051 764 3083 domm-1·
799 3049 904 3081 (lebet.
956 3046 1061 3079 Alius
1087 3045 1233 3088 quidam
1260 3041 1416 3074 moribus
1442 3039 1669 3073 liberioribus
1694 3042 1751 3070 est.
1803 3036 1843 3068 In

85 3108 311 3142 contubernio
337 3108 374 3141 S.
402 3106 632 3148 Hieronymi,
668 3114 711 3135 ea:
736 3113 808 3145 quo
833 3110 963 3143 masma.
988 3108 1133 3141 sperare
1160 3098 1253 3139 Ic'cet7
1289 3095 1458 3138 praefecti
1484 3093 1704 3125 ‹Its-smitiunt.
1760 3090 1845 3121 Car-

86 3161 219 3194 <linaiis
255 3170 379 3193 novam
419 3160 560 3191 domum
593 3156 788 3200 promittit,-
827 3155 888 3197 qui
920 3151 1103 3194 frnyalizcs
1131 3150 1238 3181 rii-ere
1264 3147 1413 3180 debebat.
1468 3146 1560 3187 Quid
1587 3146 1627 3177 (le
1651 3142 1846 3184 sumpsibus

84 3214 263 3256 graduum
289 3213 569 3245 academicorum
597 3213 627 3242 et
652 3210 692 3241 de
719 3209 850 3240 Βωμὸς
874 3205 1126 3238 statuendum?
