2045 3471
182 192 265 233 648
358 190 452 224 Mon.
472 189 660 225 736—738
685 189 763 223 sive
789 200 900 233 germ.
920 189 942 224 l.
963 189 1186 234 (ln—(13).
1228 190 1278 224 M.
1296 189 1386 224 NOV.
1408 190 1498 224 1565
1521 190 1565 224 ad
1584 190 1686 225 Febr.
1705 190 1804 225 1566.

179 309 399 363 sapientes
431 307 620 361 periculo
653 322 738 349 non
772 321 920 350 carere
952 308 1156 351 iudicant.
1200 309 1494 350 Vehementer
1523 308 1786 361 efflagitauit
1808 309 1948 350 Reue-

178 373 341 415 rendae
374 372 419 414 P.
445 371 493 414 T.
519 374 563 414 et
596 372 780 414 aliorum
813 376 985 426 patrum
1020 377 1064 416 et
1095 373 1282 415 frat-rum
1315 373 1533 415 orationes
1566 377 1610 415 et
1642 373 1865 416 sacrificia.

298 453 350 487 De
376 452 484 487 huius
511 453 810 498 peregrinationis
837 454 1006 499 periculis
1032 454 1124 494 vide,
1152 466 1243 499 quae
1269 456 1393 488 notata
1419 455 1504 488 sunt
1528 465 1637 498 supra
1663 466 1755 488 mon.
1777 454 1855 488 734.

180 580 285 617 736
312 583 390 615 sive
418 590 585 626 germ.
605 580 641 616 l.
663 580 783 626 (11).
859 581 911 617 Ab
938 581 1087 617 ineunte
1113 592 1159 617 m.
1179 581 1263 617 Nov.
1283 580 1365 617 1565
1392 580 1438 616 ad
1460 580 1600 616 ineunt.
1619 591 1665 616 111.
1684 581 1789 617 Febr.
1804 581 1898 620 1566.

302 659 479 703 Cani-slus,
516 660 636 692 comite
672 660 792 703 aliquo
823 660 863 693 de
891 661 1072 703 societate,
1102 671 1171 703 per
1201 661 1434 693 Germaniam
1461 660 1665 702 afflationem
1691 659 1751 693 Pit
1776 661 1838 694 IV.
1866 662 1944 696 obit.

302 736 463 791 Operae
499 739 681 791 pretium
723 737 870 790 fuerit,
913 738 987 778 hoc
1027 740 1111 780 loeo
1151 753 1199 779 er
1234 738 1337 781 Can.
1361 738 1391 779 Ι
1415 741 1472 780 50
1503 739 1797 791 transcribere,
1841 755 1947 795 qaae

181 802 382 844 Canisius
423 804 510 856 ipse
553 804 597 843 in
633 802 949 853 „Testamentffl
986 817 1105 844 sacro
1140 804 1273 858 paulo
1313 808 1408 844 ante
1449 808 1620 845 mortem
1653 803 1713 854 (a.
1739 807 1854 846 1596
1887 808 1947 848 vel

180 866 316 919 1597)
350 866 555 921 Friburgyi
586 867 871 908 Helvetior'mn
911 870 1130 922 composito
1174 869 1223 910 cle
1265 869 1468 924 Zeyac'ione
1505 868 1720 923 pontificia
1761 884 1799 911 a.
1831 872 1945 912 1565

179 946 204 973 a
237 946 280 973 se
313 937 500 986 suscepta
534 933 704 973 scribit:
744 932 847 973 Pius
879 932 976 975 IIII.
1011 932 1133 975 Pont.
1168 933 1286 975 Max.
1321 934 1400 974 hoc
1432 933 1536 974 mihi
1573 933 1793 986 negotium
1829 935 1947 977 dedit

178 996 363 1046 Romae,
409 996 662 1050 praecipuos
706 997 963 1039 Germaniae
1005 997 1249 1051 Principes,
1296 997 1449 1050 quibus
1492 1001 1535 1040 et
1579 997 1671 1052 ipse
1713 998 1943 1051 scribebat,

178 1075 323 1103 coram
356 1061 606 1103 accederem
639 1075 690 1103 ac
724 1075 871 1103 eorum
895 1062 1061 1103 animos
1092 1062 1136 1104 in
1159 1062 1384 1115 Religione
1407 1062 1630 1105 Catholica
1653 1065 1946 1117 promouenda

178 1127 489 1169 confirmarem.
553 1126 701 1179 <Igitur
732 1126 775 1168 in
808 1127 1128 1180 Westphaliam
1160 1142 1296 1180 usque
1338 1127 1701 1182 peregrinandum
1734 1128 1829 1180 fuit,
1873 1129 1944 1171 ubi

178 1193 222 1233 et
246 1191 465 1233 Geldriam
499 1191 740 1245 penetraui,
776 1194 819 1234 et
852 1191 960 1234 satis
992 1192 1252 1234 laboriosam
1276 1192 1391 1234 sensi
1423 1193 1750 1247 profectionem,
1787 1194 1944 1237 comite

178 1269 233 1297 ex
267 1256 427 1298 nostris
459 1256 584 1298 unico
619 1258 861 1299 contentus

295 1337 348 1371 De
375 1337 499 1370 eadem
525 1338 746 1382 profectione
772 1337 812 1372 P.
841 1339 1074 1372 Hermannus
1103 1339 1294 1372 Crombaclz
1324 1338 1357 1373 S.
1385 1339 1418 1373 J.
1446 1338 1617 1373 *scribit:
1646 1338 1812 1373 Canisius
1842 1351 1943 1381 „cum

177 1401 246 1424 uno
284 1390 381 1424 socio
420 1390 539 1424 itineri
577 1401 616 1424 se
655 1391 763 1424 dedit.
826 1391 1009 1425 Coloniam
1050 1392 1105 1425 21.
1142 1391 1357 1425 Novembris
1397 1392 1581 1436 pervenit“
1627 1391 1726 1435 (cod.
1766 1392 1945 1435 „Annales

177 1442 386 1487 Metropolis
414 1443 590 1478 Coloniae.
618 1443 656 1477 T.
684 1443 752 1477 IV*
786 1443 833 1488 [V.
860 1455 970 1488 supra
1005 1456 1037 1488 p.
1069 1443 1147 1488 151]
1175 1456 1208 1489 p.
1236 1444 1334 1484 652).
1385 1445 1477 1478 Puto
1507 1447 1638 1486 tamen,
1666 1444 1847 1479 canisium
1874 1457 1943 1480 non

177 1506 318 1540 semper
344 1496 468 1530 eodem
494 1496 601 1538 socio,
638 1497 700 1530 sed
727 1497 839 1531 variis
874 1509 937 1542 pro
972 1497 1094 1537 variis,
1132 1509 1220 1541 quas
1252 1498 1480 1542 peragrabat,
1516 1498 1723 1541 regionibus
1750 1499 1943 1542 variisque,

178 1548 237 1592 qui
263 1548 312 1583 ibi
338 1552 450 1590 erant,
478 1549 669 1584 Societatis
695 1550 867 1591 domibus,
893 1562 997 1584 usum
1025 1562 1123 1590 esse;
1152 1551 1185 1584 id
1214 1551 1307 1595 quod
1330 1551 1483 1594 Borgias
1508 1551 1737 1596 praepositus
1763 1551 1943 1596 generalis

176 1601 294 1646 planis
312 1602 433 1636 verbis
452 1602 484 1636 ei
503 1603 734 1648 permiserat:
753 1616 787 1637 v.
807 1615 916 1648 supra
934 1616 967 1648 p.
986 1604 1062 1638 105.
1103 1604 1193 1638 Eum
1212 1606 1332 1638 autem
1353 1604 1498 1638 Colonia
1517 1605 1779 1649 Noviomagum
1799 1607 1942 1639 euntem

177 1654 245 1688 duo
272 1655 434 1689 comitati
460 1658 545 1690 sunt
571 1656 663 1690 Socii
698 1656 939 1698 colonienses3
977 1668 1127 1701 quorum
1164 1657 1254 1691 alter
1289 1657 1398 1691 etiam
1426 1658 1608 1692 Coloniam
1643 1670 1723 1692 eum
1750 1670 1790 1692 eo
1815 1658 1938 1692 rediit:

176 1718 292 1751 neque
319 1708 355 1742 hi
382 1709 449 1742 duo
476 1710 511 1742 in
538 1709 628 1744 alias
653 1710 818 1752 regiones
845 1721 924 1744 cum
953 1722 992 1744 eo
1019 1710 1130 1744 ivisse
1157 1710 1343 1751 videntur:
1372 1723 1405 1745 v.
1433 1711 1527 1744 infra
1552 1723 1644 1745 111011.
1671 1712 1737 1745 739
1765 1712 1829 1746 741
1861 1712 1940 1746 745.

178 1834 282 1872 737
308 1836 387 1871 sive
414 1845 581 1880 germ.
601 1836 636 1871 l.
658 1836 786 1881 (12).
861 1836 903 1872 M.
930 1836 1125 1873 Novembri
1151 1837 1245 1873 1565.

297 1912 613 1999 ExXautographo.
665 1914 747 1948 Cod.
780 1914 841 1956 „G.
868 1914 932 1959 Ep.
959 1915 1027 1949 V1“
1059 1915 1083 1949 f.
1111 1916 1181 1950 862.
1234 1915 1398 1960 Epistula
1433 1927 1520 1949 usus
1552 1927 1632 1950 sum
1659 1916 1694 1949 in
1723 1914 1938 1961 „Stimmeff‘

178 1968 247 2000 etc.
275 1966 335 2000 LX
376 1967 388 2000 Ι
415 1967 471 2001 65.

301 2038 488 2071 Canise'nm
515 2038 563 2071 aa
589 2039 768 2081 episcopos
793 2039 1021 2073 coloniensem
1051 2045 1081 2073 et
1106 2041 1354 2083 frisinyensem
1382 2041 1455 2073 loeo
1480 2041 1665 2073 movendos
1691 2041 1783 2073 mitti
1805 2041 1939 2083 ferunt.

295 2109 335 2142 P.
368 2109 604 2142 Theodoricns
633 2110 799 2143 Canisias
826 2111 860 2144 S.
889 2111 937 2152 J.,
978 2112 1194 2144 Germaniae
1219 2112 1416 2154 superioris
1441 2112 1756 2155 viceprovincialis,
1790 2112 1939 2155 Dllinya

178 2163 233 2194 23.
252 2161 459 2195 Novembris
487 2165 578 2195 1565
605 2163 641 2195 S.
660 2163 855 2196 Francisco
881 2164 1036 2207 Borgn’ae
1058 2165 1262 2207 praeposito
1285 2165 1447 2207 yenerali
1471 2165 1556 2197 haee
1581 2166 1622 2197 de
1648 2165 1752 2198 Petro
1782 2165 1939 2208 canisio,

171 2215 360 2256 pontificia
388 2216 486 2257 apud
511 2216 647 2259 aliquot
677 2217 893 2249 Germaniae
919 2219 1096 2260 episcopos
1121 2218 1293 2261 leyatione
1316 2218 1496 2260 fnnyente,
1523 2219 1668 2262 rettulit,
1699 2230 1742 2251 ex
1767 2218 1807 2251 P.
1831 2218 1940 2251 Pauli

178 2268 324 2310 Hoffaei
348 2270 496 2302 rectoris
522 2269 658 2312 colleqz'e‘
682 2272 902 2303 monacensis
929 2271 1056 2303 litteris
1073 2275 1236 2314 aer-epta:
1261 2270 1432 2315 Sparsum
1452 2270 1633 2316 Monachij
1653 2282 1732 2305 esse
1750 2282 1940 2311 rumorem,

177 2320 302 2354 scribit
320 2320 453 2355 Doctor
471 2321 615 2363 Paulus,
643 2322 736 2365 quod
763 2323 806 2355 ad
835 2323 1081 2367 deponendum
1102 2323 1349 2358 Coloniensem
1376 2325 1412 2357 et
1438 2323 1705 2366 Frisingensem
1733 2324 1938 2369 Episcopos‚

177 2373 309 2407 missus
335 2385 381 2408 ex
406 2374 494 2408 vrbe
520 2375 568 2408 sit
593 2378 705 2420 pater.
745 2377 860 2419 Atque
886 2377 987 2409 addit
1018 2377 1280 2411 Theodorc‘eus:
1306 2376 1521 2410 Audiuimus
1547 2377 1673 2411 deinde
1693 2377 1939 2411 Coloniensem

177 2426 246 2459 iam
274 2438 354 2461 esse
381 2427 592 2472 depositum.

296 2480 497 2514 Fridericus
523 2492 543 2514 a
569 2481 686 2515 Weda
714 2481 864 2525 (Wied)‚
900 2493 1010 2527 nepos
1037 2482 1233 2516 Hermanni
1260 2494 1280 2517 a
1306 2482 1433 2523 WVeda,
1461 2495 1505 2516 ex
1532 2483 1829 2528 archiepiscopali
1855 2483 1939 2517 sede

180 2531 371 2567 coloniensi
398 2534 440 2568 ob
459 2535 677 2578 apostasiam
698 2535 837 2576 deiecti,
865 2535 1158 2580 archiepiscopus
1177 2536 1392 2570 coloniensis
1410 2547 1431 2570 a
1450 2536 1606 2581 capitulo
1633 2547 1663 2570 a.
1685 2537 1775 2571 1562
1794 2536 1941 2577 electus,

177 2587 461 2629 protestantibus
487 2588 611 2621 favere
637 2587 823 2622 dicebatur
851 2588 912 2631 (cf.
939 2600 1049 2633 supra
1084 2601 1117 2633 p.
1148 2589 1250 2632 142);
1288 2588 1347 2632 qui
1378 2600 1457 2622 cum
1484 2589 1743 2634 professionem
1768 2589 1851 2623 fidei
1876 2589 1938 2622 tri-

179 2638 360 2673 dentinam
395 2640 514 2674 facere
547 2640 658 2674 nollet
691 2641 740 2683 (v.
768 2652 877 2685 supra
903 2653 936 2685 p.
959 2642 1024 2676 177
1052 2642 1165 2684 2082),
1194 2653 1225 2676 a.
1247 2642 1336 2676 1567
1365 2642 1483 2676 officio
1519 2653 1557 2676 se
1593 2642 1758 2676 abdicare
1793 2644 1939 2676 coactus

179 2694 245 2725 est.
295 2692 487 2727 Mauritius
514 2705 534 2727 a
560 2692 739 2728 Sandizell
765 2697 897 2734 autem,
929 2695 1117 2739 episcopus
1143 2695 1383 2738 frisingensis,
1419 2698 1590 2729 autumno
1617 2706 1647 2729 a.
1669 2695 1770 2736 1565,
1807 2695 1837 2729 si
1868 2706 1937 2729 non

179 2746 272 2783 ante,
298 2748 463 2789 paratum
489 2757 528 2780 se
551 2757 630 2780 esse
648 2746 870 2790 significavit
888 2747 932 2781 ad
953 2748 1198 2792 episcopatum
1218 2748 1380 2787 Ernesto,
1407 2748 1546 2782 Alberti
1565 2748 1607 2782 V.
1635 2748 1811 2782 Bavariae
1839 2748 1939 2782 ducis

178 2796 261 2838 filio,
289 2798 484 2833 cedendum
512 2799 672 2843 (Lossen,
699 2799 802 2834 Koln.
831 2800 952 2844 Krieg.
992 2801 1103 2844 Vorg.
1130 2801 1246 2835 3—15
1274 2801 1442 2844 77—78).

181 2921 287 2957 738
314 2924 390 2958 sive
418 2934 584 2968 germ.
604 2925 639 2960 l.
661 2925 789 2970 (13).
864 2926 906 2961 M.
932 2925 1127 2962 Novembri
1153 2928 1190 2962 et
1215 2925 1405 2963 Decembri
1430 2926 1524 2963 1565.

205 3053 217 3084 t
278 2999 614 3088 Εὲἒῗυξὲἕτῆρὴο.
642 3003 725 3037 Ood.
748 3003 811 3045 „Gn
831 3003 895 3048 Ep.
915 3004 985 3038 V1“
1007 3005 1031 3039 f.
1054 3005 1119 3039 176
1140 3005 1217 3040 177.
1255 3005 1421 3050 Epistula
1447 3016 1534 3039 usus
1560 3016 1638 3039 sum
1665 3004 1699 3038 in
1720 3003 1935 3049 „Stinmzeffl

183 3062 201 3084 e
222 3062 250 3086 c,
467 3080 473 3088 .

303 3122 469 3156 canisius
495 3125 680 3167 Moyuntia
720 3127 903 3160 Coloniam
936 3128 1134 3171 profectas,
1173 3129 1277 3161 ettam
1311 3129 1359 3161 ad
1393 3129 1571 3171 episcopos
1606 3132 1935 3171 argentoratensem,

180 3174 382 3217 spirensem,
408 3178 644 3220 treverensem,
663 3181 927 3212 vormatiensem
944 3182 1073 3213 summi
1084 3181 1266 3223 pontificis
1283 3182 1453 3214 mandata
1471 3180 1581 3213 habet.
1614 3179 1711 3213 Idem
1730 3180 1935 3222 Asclzaffen—
