2045 3471
345 202 440 237 Mon.
461 203 528 237 759
554 202 632 237 sive
659 214 769 246 germ.
788 203 810 236 1.
834 202 921 245 (34).
960 202 1008 236 Μ.
1027 202 1100 237 Ian.
1121 201 1230 246 (inter
1256 201 1286 236 d.
1308 203 1338 236 5.
1359 203 1395 235 et
1413 200 1485 244 22.)
1509 200 1610 235 1566.
1771 202 1854 243 687

215 319 269 353 Ex
288 320 479 353 *Indiculo
497 319 691 361 Sociorum,
718 321 779 364 qui
800 321 828 354 1.
849 319 1004 354 Ianuarii
1025 320 1115 354 1566
1142 319 1175 352 in
1196 319 1344 362 collegio
1371 318 1563 353 coloniensi
1582 320 1666 351 vota
1691 317 1861 361 religiosa

95 374 316 406 renovarunt
334 372 435 415 (Cod.
455 371 566 406 colon.
591 372 645 414 „L.
667 371 751 413 Qu.‘
774 373 797 407 f.
817 372 906 416 86³),
934 372 999 406 hoc
1026 372 1273 415 cognoscitur:
1300 372 1351 406 Εο
1374 374 1533 417 tempore
1551 383 1631 405 cum
1650 370 1730 405 aliis
1749 370 1860 405 Sociis

96 425 133 459 hi
159 437 299 469 quoque
326 424 494 459 Coloniae
520 425 718 467 degebant:
746 425 782 459 P.
805 426 934 460 Petrus
960 426 1123 460 Busaeus
1152 425 1280 469 (Buys)
1310 426 1557 467 noviomagus,
1585 425 1645 468 qui
1675 426 1800 468 postea
1826 424 1861 457 in

97 478 333 512 universitate
352 478 609 512 vindobonensi
636 490 775 512 sacram
795 478 1017 523 Scripturam
1043 478 1250 523 explicavit,
1277 490 1308 512 a.
1327 478 1418 512 1584
1436 489 1515 512 cum
1534 477 1613 511 aliis
1632 477 1721 511 viris
1747 477 1863 511 doctis

97 531 237 566 Claudii
262 530 476 575 Aquavivae
512 531 706 576 praepositi
734 532 914 575 generalis
940 531 1040 565 iussu
1072 531 1279 573 „Rationem
1307 531 1512 565 Studiorum
1540 530 1730 565 Societatis
1756 530 1859 564 Iesu*

95 585 249 629 primum
267 584 505 624 adumbravit,
525 596 555 618 a.
573 585 806 620 1569-1570
826 584 959 618 Canisii
982 584 1203 626 „Summanff
1226 584 1393 629 ascriptis
1412 583 1722 627 „Authoritatibus
1736 594 1860 617 sacrae

96 637 303 683 Scripturae
330 639 366 671 et
391 639 596 671 sanctorum
618 637 800 680 Patmmffi
829 649 920 681 quae
946 638 981 671 in
1008 649 1049 671 ea
1073 637 1330 679 „citabantur-⁴,
1357 636 1557 671 illustravit
1576 636 1862 680 (Braunsberyer

95 691 118 725 l.
145 703 174 725 c.
203 690 326 736 [supra
358 702 391 735 p.
421 690 518 734 1592]
548 690 770 733 136-148);
811 691 879 733 „M.
908 691 1087 724 Arnoldus
1118 690 1261 725 Haueris
1290 689 1594 724 Buscodncensis“
1628 689 1860 732 (Havensius‚

95 745 116 784 †
136 744 255 787 1610),
282 744 342 788 qui
367 745 494 788 postea
512 755 557 777 ex
576 743 755 778 Societate
775 744 854 777 lesu
873 744 915 778 ad
935 744 1091 778 ordinem
1112 744 1355 778 cartusianum
1373 746 1635 786 transgressus,
1660 742 1860 786 complures
1904 772 1907 777 .

94 797 291 837 Cartusias,
325 799 366 830 ut
401 796 714 841 sylvaducensem,
745 796 1022 837 bruxellensem,
1062 797 1340 840 gandavensem,
1373 807 1452 830 cum
1483 795 1651 840 „prioris“
1681 797 1860 840 potestate

94 850 190 884 rexit
216 852 253 883 et
277 849 467 884 historicos
493 849 632 894 aliquos
658 850 768 883 libros
799 850 1011 894 conscripsit
1040 851 1099 891 (L.
1127 851 1178 883 Le
1203 851 1357 883 Vasseur
1392 849 1432 883 Ο.
1461 848 1569 890 Cart,
1606 848 1861 893 Ephemerides

97 903 241 937 Ordinis
277 902 519 937 Cartusiensis
554 903 624 944 ΙΙΙ,
664 903 863 936 Monstrolii
902 903 1011 944 1891,
1048 903 1224 945 73—75);
1266 903 1331 944 „M.
1363 903 1514 936 Ioannes
1549 901 1716 943 Hasius“‚
1755 912 1860 945 quem

95 967 202 1001 saepe
227 955 425 989 memoravi
453 956 503 999 (v.
523 967 631 1000 supra
657 968 689 1000 p.
710 956 808 998 661).
860 955 992 990 Hasius
1026 955 1083 990 his
1110 956 1213 989 annis
1238 958 1507 1000 praeceptorem
1535 954 1669 996 agebat
1695 954 1862 997 (Hausen

94 1008 412 1051 l.e.782—784);
447 1020 539 1043 anno
579 1009 666 1042 1577
693 1008 833 1050 librum,
869 1020 973 1052 quem
1009 1009 1112 1042 modo
1149 1009 1233 1049 dixi,
1271 1008 1401 1042 Busaei
1436 1007 1657 1050 recognitum
1694 1011 1730 1040 et
1755 1006 1861 1041 valde

94 1061 353 1107 amplificatum
381 1073 461 1096 cnm
486 1063 627 1095 nomine
658 1061 807 1106 „Operis
833 1061 1075 1095 catechistici“
1105 1062 1259 1106 primum
1287 1061 1397 1095 edidit
1422 1063 1531 1104 atque
1557 1060 1608 1094 ita
1634 1060 1676 1094 de
1702 1071 1740 1094 re
1767 1062 1862 1094 cate-

95 1115 236 1149 chetica
273 1117 308 1149 et
346 1115 388 1149 de
429 1114 571 1149 Canisio
610 1115 687 1159 ipso
725 1116 870 1158 egregie
909 1115 1059 1148 meritus
1097 1118 1153 1148 est
1193 1115 1481 1158 (Braunsberyer
1518 1113 1542 1147 l.
1579 1124 1608 1147 c.
1646 1112 1861 1156 145-148).

94 1169 232 1202 Hosius
256 1168 333 1213 ipse
359 1168 395 1201 in
422 1168 583 1202 *litteris
610 1180 640 1202 a.
662 1168 752 1202 1613
772 1170 807 1201 et
827 1168 919 1201 1614
945 1167 988 1201 ad
1008 1168 1046 1201 P.
1066 1167 1291 1201 Matthaeum
1311 1167 1490 1201 Raderum
1514 1166 1634 1200 missis
1653 1166 1860 1206 affirmavit,

94 1233 134 1255 se
161 1221 353 1261 Canisium,
390 1233 469 1255 cum
506 1222 537 1255 is
572 1222 637 1256 sub
673 1221 814 1254 initium
850 1232 882 1255 a.
911 1221 1000 1255 1566
1029 1220 1195 1254 Coloniae
1222 1222 1439 1261 versaretur,
1480 1219 1612 1263 ‚primo
1641 1219 1793 1253 vidisse‘
1825 1222 1860 1253 et

93 1286 173 1308 cum
208 1286 249 1308 eo
288 1275 470 1316 „notitiam
507 1274 751 1308 contraxisse“
789 1274 851 1317 (ex
882 1273 1128 1318 autographis.
1173 1273 1256 1308 Cod.
1289 1274 1397 1318 „Epp.
1425 1273 1468 1306 ad
1495 1272 1583 1305 Rad.
1614 1272 1857 1306 1606—1615.

94 1327 110 1361 Ι
134 1339 168 1362 n.
188 1328 243 1362 54.
295 1327 378 1362 Cod.
409 1328 491 1370 „lat.
514 1328 623 1362 1611“
655 1326 730 1371 [qui
756 1329 810 1361 est
836 1326 1016 1361 Monachii
1042 1327 1077 1360 in
1103 1326 1319 1361 bibliotheca
1344 1326 1457 1368 regia]
1485 1338 1517 1359 n.
1538 1324 1634 1367 100).

95 1454 200 1491 759
229 1456 306 1489 sive
334 1464 502 1499 germ.
522 1453 558 1489 l.
579 1452 710 1498 (34).
785 1453 828 1489 M.
847 1452 1019 1489 Ianuario
1047 1452 1160 1496 (inter
1187 1452 1220 1488 (1.
1239 1453 1270 1488 5.
1291 1453 1328 1488 et
1355 1452 1427 1496 22.)
1454 1451 1556 1488 1566.

217 1533 385 1566 Cant‘st’ecs
413 1534 449 1565 in
476 1533 647 1574 Zeqatione
666 1532 855 1575 pontificia
883 1542 959 1564 cum
986 1532 1175 1564 Friderico
1202 1542 1223 1563 a
1244 1531 1351 1563 Weda
1378 1530 1641 1573 archiepiscopo
1668 1531 1860 1563 coloniensi

94 1597 213 1619 coram
249 1597 319 1619 non
354 1588 430 1628 eyit.
481 1586 648 1619 Fortasse
674 1586 782 1618 Breve
809 1585 1035 1627 pontificium
1070 1590 1099 1617 et
1125 1585 1263 1617 decreta
1298 1584 1494 1616 tridentina
1524 1594 1593 1626 per
1620 1585 1782 1616 nuntium
1811 1584 1858 1616 (cd

94 1650 171 1672 eum
192 1640 411 1683 perferenda
438 1641 576 1672 curavit
602 1643 631 1671 et
651 1650 720 1681 per
745 1640 880 1672 litteras
905 1649 982 1670 eum
1007 1638 1203 1670 admonuit.

212 1709 415 1743 Fridericus
438 1721 458 1743 a
476 1708 593 1742 W⁷eda
612 1708 764 1751 (Wied)‚
791 1719 870 1741 cum
898 1719 942 1740 m.
961 1706 1155 1741 Novembri
1174 1718 1205 1740 a.
1226 1706 1316 1741 1562
1336 1705 1625 1750 archiepiscopus
1644 1704 1858 1740 coloniensis

93 1765 190 1797 esset
216 1762 362 1803 electus,
389 1762 489 1796 initio
516 1774 546 1796 a.
570 1762 658 1795 1566
686 1760 990 1795 confirmationem
1017 1759 1246 1804 pontificiam,
1282 1770 1387 1803 quam
1414 1770 1444 1792 a.
1468 1759 1556 1792 1563
1583 1759 1746 1803 petierat,
1774 1771 1856 1792 non-

93 1815 176 1850 dum
212 1816 471 1860 impetraverat
509 1815 558 1857 (V.
585 1826 694 1859 supra
724 1826 757 1858 p.
779 1814 873 1857 143).
924 1814 1094 1847 Attamen
1129 1812 1218 1847 satis
1253 1812 1447 1846 verisimile
1483 1815 1548 1852 est,
1583 1812 1686 1845 Pium
1723 1812 1782 1845 IV.
1810 1824 1855 1846 m.

93 1868 294 1914 Septembri
320 1881 351 1903 a.
369 1869 458 1902 1565
478 1868 592 1902 Breve
611 1867 753 1911 aliquod
776 1869 811 1900 et
830 1866 1033 1911 exemplum
1061 1865 1306 1900 authenticum
1333 1866 1556 1899 decretorum
1583 1864 1855 1899 tridentinorum

93 1923 202 1956 etiam
227 1922 297 1967 ipsi
323 1922 524 1956 destinasse
551 1924 587 1955 et
614 1921 756 1954 Canisio
783 1920 826 1954 ad
854 1931 934 1953 eum
960 1919 1173 1963 perferenda
1207 1918 1410 1952 tradidisse.
1460 1917 1550 1951 Nam
1579 1917 1686 1951 etiam
1713 1929 1744 1951 a.
1766 1918 1856 1951 1564

94 1976 187 2010 idem
214 1975 379 2020 pontifex
403 1975 589 2008 minimum
617 1974 684 2007 duo
705 1974 834 2007 Brevia
860 1973 905 2006 ad
924 1984 1002 2006 eum
1030 1972 1188 2012 dederat,
1215 1971 1378 2012 alterum,
1406 1982 1475 2014 quo
1494 1970 1524 2004 ei
1551 1970 1660 2004 certis
1678 1982 1758 2004 cum
1778 1982 1856 2005 con-

92 2029 291 2063 dicionibus
316 2028 528 2062 facultatem
556 2027 773 2061 concedebat
798 2025 1038 2071 permittendi,
1065 2027 1104 2059 ut
1129 2025 1335 2058 sacerdotes
1360 2023 1463 2058 laicis
1482 2024 1763 2057 communionem
1790 2024 1856 2058 sub

92 2084 245 2126 utraque
271 2082 389 2126 specie
415 2081 640 2125 praeberent,
668 2079 830 2121 alterum,
857 2091 926 2124 quo
944 2079 1065 2113 Socios
1085 2080 1207 2112 contra
1233 2077 1426 2111 maledicos
1445 2077 1617 2120 quosdam
1644 2076 1856 2111 defendebat

93 2137 129 2169 et
155 2134 345 2178 collegium
382 2134 583 2168 coloniense
609 2132 790 2167 Friderico
826 2131 1097 2166 commendabat
1125 2131 1232 2175 (Can.
1252 2130 1301 2164 IV
1327 2131 1395 2164 575
1432 2129 1647 2172 773-774).
1698 2129 1857 2168 Accedit,

93 2189 186 2233 quod
213 2190 384 2222 autumno
411 2199 441 2222 a.
472 2187 561 2221 1565
588 2198 700 2231 paene
727 2187 762 2219 in
789 2197 828 2219 eo
856 2186 967 2219 fuisse
994 2184 1147 2225 videtur,
1184 2187 1224 2218 ut
1258 2183 1536 2218 confirmationis
1571 2182 1752 2226 negotium
1780 2194 1857 2227 pro-

93 2253 237 2287 sperum
263 2240 412 2274 haberet
439 2241 574 2274 exitum
605 2239 653 2282 (v.
674 2250 782 2283 supra
809 2251 840 2283 p.
863 2238 959 2281 143).

211 2294 267 2327 An
296 2293 460 2328 Canisius
494 2293 710 2326 Fridericum
748 2303 877 2334 urgere
912 2291 1033 2325 iussus
1060 2293 1138 2324 erat
1164 2290 1208 2323 ad
1234 2288 1491 2334 professionem
1518 2288 1600 2322 fidei
1627 2288 1856 2322 tridentinam

96 2347 307 2386 faciendam,
335 2357 440 2390 quam
461 2346 546 2379 Pius
566 2345 624 2379 lV.
644 2345 742 2379 bulla
760 2344 872 2378 Roma
902 2344 954 2378 13.
975 2343 1188 2377 Novembris
1208 2343 1299 2377 1564
1327 2343 1409 2376 data
1437 2342 1610 2381 omnibus,
1638 2342 1696 2385 qui
1724 2341 1857 2386 episco-

95 2402 218 2445 patum
246 2400 303 2433 vel
330 2399 481 2443 quodvis
508 2398 604 2432 aliud
631 2398 841 2432 beneficium
869 2396 1151 2431 ecclesiasticum
1182 2395 1342 2430 nancisci
1369 2394 1513 2435 vellent,
1551 2395 1857 2439 praescripserat?

95 2453 166 2496 (Cf.
193 2464 304 2498 supra
338 2465 370 2497 p.
399 2452 512 2495 2082).
565 2452 782 2496 Compertun
818 2451 852 2484 id
889 2450 1031 2494 quidem
1067 2461 1137 2482 non
1173 2451 1238 2483 est.
1290 2448 1379 2482 Eum
1416 2447 1585 2481 mandata
1620 2447 1788 2482 habuisse
1816 2448 1858 2481 de

97 2507 268 2549 „annata“
299 2506 376 2540 sive
412 2505 572 2550 pecunia,
609 2516 716 2548 quam
746 2504 845 2538 curia
871 2503 914 2537 ab
941 2502 1221 2547 archiepiscopis
1248 2501 1500 2535 confirmandis
1527 2500 1672 2544 exigere
1709 2501 1856 2542 solebat,

94 2571 139 2594 ex
164 2560 306 2600 litteris,
333 2570 422 2602 quas
448 2570 558 2602 supra
584 2569 617 2602 p.
639 2558 706 2591 174
732 2557 844 2601 posui,
872 2556 1077 2590 conieceris.

211 2613 285 2646 Iam
313 2611 398 2652 dixi,
425 2611 619 2650 Canisium‚
645 2622 726 2644 cum
746 2610 913 2644 Coloniae
940 2610 1097 2652 degeret,
1125 2610 1274 2642 mortem
1295 2607 1349 2641 Pii
1368 2607 1428 2642 IV.
1449 2607 1634 2650 ignorasse
1662 2606 1719 2641 vel
1738 2607 1856 2651 potius

93 2677 271 2700 rumorem
298 2676 339 2699 ea
365 2665 407 2699 de
434 2676 471 2698 re
498 2663 686 2706 vulgatum
714 2675 776 2708 pro
802 2662 893 2696 falso
920 2663 1085 2701 duxisse;
1114 2673 1148 2695 v.
1175 2673 1285 2706 supra
1311 2673 1345 2705 p.
1365 2660 1444 2695 682.

211 2719 292 2763 Ipse
319 2718 361 2752 de
387 2717 565 2761 legatione
583 2728 604 2750 a
621 2728 659 2751 se
678 2716 774 2750 obita
793 2716 979 2759 Moguntia
998 2716 1052 2750 28.
1072 2715 1228 2748 Ianuarii
1251 2715 1338 2748 1566
1359 2713 1401 2747 ad
1422 2712 1639 2747 cardinalem
1659 2712 1857 2747 Truchsess

92 2772 264 2812 referens,
290 2771 366 2811 hoc,
392 2771 452 2804 ubi
479 2770 521 2804 de
542 2769 720 2803 Friderico
739 2768 901 2802 Wedano
919 2768 1054 2809 scribit,
1083 2767 1259 2801 affirmat:
1292 2766 1386 2810 „Ego
1413 2777 1494 2800 cum
1520 2765 1581 2799 illo
1607 2765 1750 2810 quidem
1769 2765 1857 2799 nihil

95 2836 215 2859 coram
242 2825 319 2867 egi¹‘
351 2823 402 2866 (v.
429 2834 537 2867 supra
564 2834 595 2867 p.
624 2822 718 2864 174).
762 2821 928 2855 Fortasse
955 2821 995 2861 is,
1023 2832 1102 2854 cum
1131 2819 1296 2854 Canisius
1323 2819 1490 2853 Coloniae
1525 2821 1735 2859 moraretur,
1771 2819 1857 2853 urbe

94 2878 236 2918 aberat;
263 2877 417 2911 fortasse
444 2876 569 2910 aderat
594 2875 749 2919 quidem,
776 2874 848 2915 sed,
876 2885 945 2918 quo
965 2874 1107 2918 parcius
1125 2873 1249 2907 vivere
1268 2875 1400 2917 posset,
1427 2883 1465 2906 se
1488 2871 1747 2911 abscondebat3
1775 2883 1856 2906 nam

95 2931 326 2964 Hei-mannus
344 2941 365 2963 α
385 2930 582 2971 Weinsbery
605 2927 828 2968 coloniensis,
856 2927 914 2971 qui
934 2938 1014 2960 eum
1033 2928 1192 2966 noverat,
1212 2925 1353 2959 notavit
1372 2924 1423 2968 (in
1443 2936 1473 2958 a.
1488 2924 1613 2967 1563):
1645 2924 1737 2966 „Der
1754 2923 1856 2958 chur-

94 2983 189 3017 furst
213 2982 281 3017 hilt
306 2982 382 3016 hoff
412 2980 580 3015 heimlich
616 2992 659 3014 zu
685 2992 713 3014 S.
735 2979 898 3023 Georgen
926 2980 1008 3013 umb
1035 2979 1097 3013 der
1132 2980 1283 3012 minster
1309 2980 1430 3012 costen
1459 2977 1587 3017 willen,
1623 2988 1688 3020 gar
1722 2977 1856 3011 stillich

94 3035 160 3070 mit
185 3036 299 3070 einem
326 3034 457 3075 dischs,
492 3033 584 3068 auch
619 3045 661 3067 zu
687 3033 803 3066 zeiten
839 3033 891 3066 uff
923 3033 1001 3067 dem
1029 3031 1272 3071 domkloister,
1310 3031 1354 3065 da
1390 3043 1427 3064 er
1462 3030 1547 3075 plag
1573 3029 1707 3064 dechen
1743 3030 1777 3064 in
1812 3042 1855 3065 zu

94 3100 230 3128 wonen,
256 3100 299 3123 zu
324 3087 514 3123 seltmalen
540 3086 587 3119 im
614 3085 709 3119 hois'
730 3097 798 3119 von
819 3085 915 3126 Coln,
943 3097 980 3119 er
1007 3085 1091 3119 wolt
1116 3085 1289 3129 sparen“;
1318 3087 1352 3118 et
1382 3084 1432 3127 (in
1451 3095 1481 3117 a.
1505 3084 1631 3127 1567):
1662 3083 1730 3124 „Er
1748 3083 1852 3118 wolt“

216 3193 224 3212 ¹
252 3192 292 3227 In
318 3192 466 3226 aedibus
492 3190 869 3236 archiepiscopalibus.
