<?xml version="1.0" encoding="UTF-8"?>
<!DOCTYPE html PUBLIC "-//W3C//DTD XHTML 1.0 Transitional//EN"
    "http://www.w3.org/TR/xhtml1/DTD/xhtml1-transitional.dtd">
<html xmlns="http://www.w3.org/1999/xhtml" xml:lang="en" lang="en">
 <head>
  <title>
</title>
<meta http-equiv="Content-Type" content="text/html;charset=utf-8" />
  <meta name='ocr-system' content='tesseract 3.04.00' />
  <meta name='ocr-capabilities' content='ocr_page ocr_carea ocr_par ocr_line ocrx_word'/>
</head>
<body>
  <div class='ocr_page' id='page_1' title='image "beatipetricanisi05cani_0456.png"; bbox 0 0 2045 3471; ppageno 0'>
   <div class='ocr_carea' id='block_1_1' title="bbox 221 181 1498 227">
    <p class='ocr_par' dir='ltr' id='par_1_1' title="bbox 221 181 1498 227">
     <span class='ocr_line' id='line_1_1' title="bbox 221 181 1498 227; baseline 0 -11"><span class='ocrx_word' id='word_1_1' title='bbox 221 186 304 227; x_wconf 79' lang='grc'>368</span> <span class='ocrx_word' id='word_1_2' title='bbox 701 182 802 216; x_wconf 77' lang='lat'>1379.</span> <span class='ocrx_word' id='word_1_3' title='bbox 831 181 995 215; x_wconf 85' lang='lat' dir='ltr'>Canisius</span> <span class='ocrx_word' id='word_1_4' title='bbox 1021 181 1053 215; x_wconf 75' lang='lat' dir='ltr'>S.</span> <span class='ocrx_word' id='word_1_5' title='bbox 1073 181 1262 215; x_wconf 84' lang='lat' dir='ltr'>Francisco</span> <span class='ocrx_word' id='word_1_6' title='bbox 1289 181 1330 215; x_wconf 89' lang='lat' dir='ltr'>de</span> <span class='ocrx_word' id='word_1_7' title='bbox 1358 182 1498 225; x_wconf 80' lang='lat' dir='ltr'>Borgia.</span> 
     </span>
    </p>
   </div>
   <div class='ocr_carea' id='block_1_2' title="bbox 216 298 1976 2423">
    <p class='ocr_par' dir='ltr' id='par_1_2' title="bbox 218 298 1976 600">
     <span class='ocr_line' id='line_1_2' title="bbox 219 298 1975 354; baseline 0 -11"><span class='ocrx_word' id='word_1_8' title='bbox 219 302 261 343; x_wconf 90' lang='lat' dir='ltr'>in</span> <span class='ocrx_word' id='word_1_9' title='bbox 303 301 490 354; x_wconf 87' lang='lat' dir='ltr'>Collegio</span> <span class='ocrx_word' id='word_1_10' title='bbox 531 314 607 342; x_wconf 89' lang='lat' dir='ltr'>suo</span> <span class='ocrx_word' id='word_1_11' title='bbox 649 299 986 353; x_wconf 77' lang='lat' dir='ltr'>Hieronymiano</span> <span class='ocrx_word' id='word_1_12' title='bbox 1028 298 1215 341; x_wconf 90' lang='lat' dir='ltr'>retinere</span> <span class='ocrx_word' id='word_1_13' title='bbox 1260 299 1398 354; x_wconf 88' lang='lat' dir='ltr'>cupit,</span> <span class='ocrx_word' id='word_1_14' title='bbox 1449 299 1683 353; x_wconf 72' lang='lat' dir='ltr'>tantisper,</span> <span class='ocrx_word' id='word_1_15' title='bbox 1735 300 1832 342; x_wconf 90' lang='lat' dir='ltr'>dum</span> <span class='ocrx_word' id='word_1_16' title='bbox 1875 301 1975 343; x_wconf 91' lang='lat' dir='ltr'>noui</span> 
     </span>
     <span class='ocr_line' id='line_1_3' title="bbox 219 363 1974 420; baseline -0.001 -12"><span class='ocrx_word' id='word_1_17' title='bbox 219 366 396 419; x_wconf 87' lang='lat' dir='ltr'>Collegij</span> <span class='ocrx_word' id='word_1_18' title='bbox 430 364 567 406; x_wconf 79' lang='lat' dir='ltr'>nostri</span> <span class='ocrx_word' id='word_1_19' title='bbox 598 367 819 406; x_wconf 78' lang='lat' dir='ltr'>structura</span> <span class='ocrx_word' id='word_1_20' title='bbox 853 363 1052 416; x_wconf 87' lang='lat' dir='ltr'>Dilingae</span> <span class='ocrx_word' id='word_1_21' title='bbox 1089 377 1167 417; x_wconf 89' lang='lat' dir='ltr'>per</span> <span class='ocrx_word' id='word_1_22' title='bbox 1199 366 1412 406; x_wconf 79' lang='lat' dir='ltr'>aestatem</span> <span class='ocrx_word' id='word_1_23' title='bbox 1445 365 1697 406; x_wconf 88' lang='lat' dir='ltr'>absoluatur</span> <span class='ocrx_word' id='word_1_24' title='bbox 1713 366 1737 406; x_wconf 87' lang='lat'>1.</span> <span class='ocrx_word' id='word_1_25' title='bbox 1791 365 1840 406; x_wconf 79' lang='lat' dir='ltr'>Js</span> <span class='ocrx_word' id='word_1_26' title='bbox 1881 365 1974 420; x_wconf 89' lang='lat' dir='ltr'>ipse</span> 
     </span>
     <span class='ocr_line' id='line_1_4' title="bbox 219 428 1976 483; baseline 0 -11"><span class='ocrx_word' id='word_1_27' title='bbox 219 431 447 472; x_wconf 80' lang='lat' dir='ltr'>Rectorem</span> <span class='ocrx_word' id='word_1_28' title='bbox 471 428 648 482; x_wconf 84' lang='lat' dir='ltr'>Collegij</span> <span class='ocrx_word' id='word_1_29' title='bbox 683 442 814 481; x_wconf 82' lang='lat' dir='ltr'>agere</span> <span class='ocrx_word' id='word_1_30' title='bbox 846 432 994 482; x_wconf 90' lang='lat' dir='ltr'>posset</span> <span class='ocrx_word' id='word_1_31' title='bbox 1017 428 1253 482; x_wconf 84' lang='lat' dir='ltr'>Herbipoli,</span> <span class='ocrx_word' id='word_1_32' title='bbox 1288 428 1325 470; x_wconf 91' lang='lat' dir='ltr'>si</span> <span class='ocrx_word' id='word_1_33' title='bbox 1357 442 1481 481; x_wconf 87' lang='lat' dir='ltr'>quem</span> <span class='ocrx_word' id='word_1_34' title='bbox 1513 428 1607 470; x_wconf 93' lang='lat' dir='ltr'>loco</span> <span class='ocrx_word' id='word_1_35' title='bbox 1640 428 1753 470; x_wconf 91' lang='lat' dir='ltr'>illius</span> <span class='ocrx_word' id='word_1_36' title='bbox 1776 429 1976 483; x_wconf 86' lang='lat' dir='ltr'>Dilingae</span> 
     </span>
     <span class='ocr_line' id='line_1_5' title="bbox 218 492 1975 547; baseline 0.001 -11"><span class='ocrx_word' id='word_1_37' title='bbox 218 507 509 536; x_wconf 83' lang='lat' dir='ltr'>successorem</span> <span class='ocrx_word' id='word_1_38' title='bbox 541 493 655 547; x_wconf 90' lang='lat' dir='ltr'>apud</span> <span class='ocrx_word' id='word_1_39' title='bbox 688 493 884 546; x_wconf 88' lang='lat' dir='ltr'>Collegas</span> <span class='ocrx_word' id='word_1_40' title='bbox 917 492 1242 535; x_wconf 74' lang='lat' dir='ltr'>inueniremus³.</span> <span class='ocrx_word' id='word_1_41' title='bbox 1308 493 1353 535; x_wconf 91' lang='lat' dir='ltr'>P.</span> <span class='ocrx_word' id='word_1_42' title='bbox 1377 492 1551 536; x_wconf 84' lang='lat' dir='ltr'>Natalis</span> <span class='ocrx_word' id='word_1_43' title='bbox 1584 493 1769 536; x_wconf 90' lang='lat' dir='ltr'>consulit</span> <span class='ocrx_word' id='word_1_44' title='bbox 1801 507 1849 536; x_wconf 91' lang='lat' dir='ltr'>eo</span> <span class='ocrx_word' id='word_1_45' title='bbox 1883 499 1975 537; x_wconf 87' lang='lat' dir='ltr'>tra-</span> 
     </span>
     <span class='ocr_line' id='line_1_6' title="bbox 219 557 926 600; baseline -0.003 0"><span class='ocrx_word' id='word_1_46' title='bbox 219 558 313 600; x_wconf 89' lang='lat' dir='ltr'>duci</span> <span class='ocrx_word' id='word_1_47' title='bbox 345 572 369 600; x_wconf 94' lang='lat' dir='ltr'>e</span> <span class='ocrx_word' id='word_1_48' title='bbox 400 558 538 600; x_wconf 89' lang='lat' dir='ltr'>classe</span> <span class='ocrx_word' id='word_1_49' title='bbox 570 558 616 600; x_wconf 92' lang='lat' dir='ltr'>P.</span> <span class='ocrx_word' id='word_1_50' title='bbox 643 557 926 600; x_wconf 77' lang='lat' dir='ltr'>Gerardum2.</span> 
     </span>
    </p>

    <p class='ocr_par' dir='ltr' id='par_1_3' title="bbox 216 621 1975 934">
     <span class='ocr_line' id='line_1_7' title="bbox 334 621 1975 677; baseline 0 -12"><span class='ocrx_word' id='word_1_51' title='bbox 334 624 399 665; x_wconf 91' lang='lat' dir='ltr'>De</span> <span class='ocrx_word' id='word_1_52' title='bbox 440 623 486 665; x_wconf 92' lang='lat' dir='ltr'>P.</span> <span class='ocrx_word' id='word_1_53' title='bbox 512 622 727 676; x_wconf 73' lang='lat' dir='ltr'>Greorgio3</span> <span class='ocrx_word' id='word_1_54' title='bbox 769 622 874 663; x_wconf 87' lang='lat' dir='ltr'>nihil</span> <span class='ocrx_word' id='word_1_55' title='bbox 913 621 1157 672; x_wconf 81' lang='lat' dir='ltr'>dubitarim,</span> <span class='ocrx_word' id='word_1_56' title='bbox 1201 622 1302 675; x_wconf 86' lang='lat' dir='ltr'>quin</span> <span class='ocrx_word' id='word_1_57' title='bbox 1344 621 1640 664; x_wconf 85' lang='lat' dir='ltr'>Professorem</span> <span class='ocrx_word' id='word_1_58' title='bbox 1674 622 1975 677; x_wconf 82' lang='lat' dir='ltr'>Philosophiae</span> 
     </span>
     <span class='ocr_line' id='line_1_8' title="bbox 217 686 1974 741; baseline 0 -12"><span class='ocrx_word' id='word_1_59' title='bbox 217 690 441 741; x_wconf 87' lang='lat' dir='ltr'>praestare</span> <span class='ocrx_word' id='word_1_60' title='bbox 481 691 641 741; x_wconf 89' lang='lat' dir='ltr'>posset.</span> <span class='ocrx_word' id='word_1_61' title='bbox 704 686 818 728; x_wconf 87' lang='lat' dir='ltr'>Nam</span> <span class='ocrx_word' id='word_1_62' title='bbox 862 686 975 728; x_wconf 87' lang='lat' dir='ltr'>haud</span> <span class='ocrx_word' id='word_1_63' title='bbox 1017 686 1119 736; x_wconf 90' lang='lat' dir='ltr'>scio,</span> <span class='ocrx_word' id='word_1_64' title='bbox 1161 700 1215 729; x_wconf 90' lang='lat' dir='ltr'>an</span> <span class='ocrx_word' id='word_1_65' title='bbox 1257 687 1411 740; x_wconf 87' lang='lat' dir='ltr'>dignus</span> <span class='ocrx_word' id='word_1_66' title='bbox 1444 687 1499 729; x_wconf 90' lang='lat' dir='ltr'>sit</span> <span class='ocrx_word' id='word_1_67' title='bbox 1538 686 1610 739; x_wconf 88' lang='lat' dir='ltr'>qui</span> <span class='ocrx_word' id='word_1_68' title='bbox 1642 687 1804 729; x_wconf 88' lang='lat' dir='ltr'>Doctor</span> <span class='ocrx_word' id='word_1_69' title='bbox 1836 688 1974 730; x_wconf 88' lang='lat' dir='ltr'>Theo-</span> 
     </span>
     <span class='ocr_line' id='line_1_9' title="bbox 216 749 1974 806; baseline 0.001 -13"><span class='ocrx_word' id='word_1_70' title='bbox 216 751 357 805; x_wconf 89' lang='lat' dir='ltr'>logiae</span> <span class='ocrx_word' id='word_1_71' title='bbox 398 754 716 806; x_wconf 87' lang='lat' dir='ltr'>promoueatur,</span> <span class='ocrx_word' id='word_1_72' title='bbox 767 751 938 804; x_wconf 87' lang='lat' dir='ltr'>qualem</span> <span class='ocrx_word' id='word_1_73' title='bbox 979 764 1075 792; x_wconf 88' lang='lat' dir='ltr'>esse</span> <span class='ocrx_word' id='word_1_74' title='bbox 1119 764 1295 793; x_wconf 90' lang='lat' dir='ltr'>necesse</span> <span class='ocrx_word' id='word_1_75' title='bbox 1340 749 1432 793; x_wconf 82' lang='lat' dir='ltr'>estb</span> <span class='ocrx_word' id='word_1_76' title='bbox 1476 751 1743 805; x_wconf 87' lang='lat' dir='ltr'>Theologum</span> <span class='ocrx_word' id='word_1_77' title='bbox 1787 766 1812 794; x_wconf 89' lang='lat' dir='ltr'>a</span> <span class='ocrx_word' id='word_1_78' title='bbox 1853 752 1974 794; x_wconf 90' lang='lat' dir='ltr'>nobis</span> 
     </span>
     <span class='ocr_line' id='line_1_10' title="bbox 217 815 1973 870; baseline 0 -12"><span class='ocrx_word' id='word_1_79' title='bbox 217 816 488 859; x_wconf 90' lang='lat' dir='ltr'>mittendum.</span> <span class='ocrx_word' id='word_1_80' title='bbox 551 817 608 858; x_wconf 89' lang='lat' dir='ltr'>Et</span> <span class='ocrx_word' id='word_1_81' title='bbox 646 816 715 858; x_wconf 91' lang='lat' dir='ltr'>hic</span> <span class='ocrx_word' id='word_1_82' title='bbox 747 816 855 858; x_wconf 91' lang='lat' dir='ltr'>satis</span> <span class='ocrx_word' id='word_1_83' title='bbox 896 815 1072 858; x_wconf 85' lang='lat' dir='ltr'>habebit</span> <span class='ocrx_word' id='word_1_84' title='bbox 1104 815 1265 869; x_wconf 86' lang='lat' dir='ltr'>negotij</span> <span class='ocrx_word' id='word_1_85' title='bbox 1301 829 1396 857; x_wconf 91' lang='lat' dir='ltr'>cum</span> <span class='ocrx_word' id='word_1_86' title='bbox 1428 815 1658 869; x_wconf 84' lang='lat' dir='ltr'>Theologis</span> <span class='ocrx_word' id='word_1_87' title='bbox 1692 816 1787 870; x_wconf 34' lang='lat' dir='ltr'>ali-js</span> <span class='ocrx_word' id='word_1_88' title='bbox 1819 817 1973 858; x_wconf 88' lang='lat' dir='ltr'>Herbi-</span> 
     </span>
     <span class='ocr_line' id='line_1_11' title="bbox 218 879 1747 934; baseline 0 -12"><span class='ocrx_word' id='word_1_89' title='bbox 218 880 302 934; x_wconf 91' lang='lat' dir='ltr'>poli</span> <span class='ocrx_word' id='word_1_90' title='bbox 336 881 461 922; x_wconf 89' lang='lat' dir='ltr'>modo</span> <span class='ocrx_word' id='word_1_91' title='bbox 494 881 746 923; x_wconf 84' lang='lat' dir='ltr'>docentibus</span> <span class='ocrx_word' id='word_1_92' title='bbox 779 883 823 922; x_wconf 90' lang='lat' dir='ltr'>et</span> <span class='ocrx_word' id='word_1_93' title='bbox 854 880 897 921; x_wconf 91' lang='lat' dir='ltr'>in</span> <span class='ocrx_word' id='word_1_94' title='bbox 931 880 1188 934; x_wconf 88' lang='lat' dir='ltr'>disputando</span> <span class='ocrx_word' id='word_1_95' title='bbox 1221 880 1282 921; x_wconf 90' lang='lat' dir='ltr'>sic</span> <span class='ocrx_word' id='word_1_96' title='bbox 1315 879 1422 922; x_wconf 89' lang='lat' dir='ltr'>satis</span> <span class='ocrx_word' id='word_1_97' title='bbox 1455 880 1705 922; x_wconf 79' lang='lat' dir='ltr'>exercitatis</span> <span class='ocrx_word' id='word_1_98' title='bbox 1720 882 1747 922; x_wconf 77' lang='lat'>4.</span> 
     </span>
    </p>

    <p class='ocr_par' dir='ltr' id='par_1_4' title="bbox 218 944 1973 1323">
     <span class='ocr_line' id='line_1_12' title="bbox 335 944 1973 999; baseline 0.001 -13"><span class='ocrx_word' id='word_1_99' title='bbox 335 945 485 988; x_wconf 80' lang='lat' dir='ltr'>Placet</span> <span class='ocrx_word' id='word_1_100' title='bbox 517 945 620 987; x_wconf 89' lang='grc'>1111111</span> <span class='ocrx_word' id='word_1_101' title='bbox 643 945 874 987; x_wconf 86' lang='lat' dir='ltr'>Consilium</span> <span class='ocrx_word' id='word_1_102' title='bbox 898 945 943 988; x_wconf 89' lang='lat' dir='ltr'>P.</span> <span class='ocrx_word' id='word_1_103' title='bbox 968 944 1154 994; x_wconf 82' lang='lat' dir='ltr'>Natalis,</span> <span class='ocrx_word' id='word_1_104' title='bbox 1188 944 1224 986; x_wconf 92' lang='lat' dir='ltr'>si</span> <span class='ocrx_word' id='word_1_105' title='bbox 1257 944 1501 986; x_wconf 77' lang='lat' dir='ltr'>executioni</span> <span class='ocrx_word' id='word_1_106' title='bbox 1534 945 1783 987; x_wconf 87' lang='lat' dir='ltr'>demandari</span> <span class='ocrx_word' id='word_1_107' title='bbox 1816 948 1973 999; x_wconf 87' lang='lat' dir='ltr'>potest,</span> 
     </span>
     <span class='ocr_line' id='line_1_13' title="bbox 218 1009 1973 1063; baseline 0.001 -12"><span class='ocrx_word' id='word_1_108' title='bbox 218 1012 265 1051; x_wconf 87' lang='lat' dir='ltr'>ut</span> <span class='ocrx_word' id='word_1_109' title='bbox 299 1010 403 1051; x_wconf 91' lang='lat' dir='ltr'>duos</span> <span class='ocrx_word' id='word_1_110' title='bbox 436 1010 678 1063; x_wconf 84' lang='lat' dir='ltr'>Theologos</span> <span class='ocrx_word' id='word_1_111' title='bbox 710 1013 754 1052; x_wconf 91' lang='lat' dir='ltr'>et</span> <span class='ocrx_word' id='word_1_112' title='bbox 787 1010 893 1051; x_wconf 91' lang='lat' dir='ltr'>duos</span> <span class='ocrx_word' id='word_1_113' title='bbox 934 1009 1210 1063; x_wconf 88' lang='lat' dir='ltr'>philosophos</span> <span class='ocrx_word' id='word_1_114' title='bbox 1252 1009 1388 1063; x_wconf 91' lang='lat' dir='ltr'>primo</span> <span class='ocrx_word' id='word_1_115' title='bbox 1430 1009 1561 1052; x_wconf 91' lang='lat' dir='ltr'>etiam</span> <span class='ocrx_word' id='word_1_116' title='bbox 1592 1024 1704 1051; x_wconf 88' lang='lat' dir='ltr'>anno</span> <span class='ocrx_word' id='word_1_117' title='bbox 1737 1009 1973 1060; x_wconf 83' lang='lat' dir='ltr'>mittamus,</span> 
     </span>
     <span class='ocr_line' id='line_1_14' title="bbox 219 1074 1972 1128; baseline 0.001 -13"><span class='ocrx_word' id='word_1_118' title='bbox 219 1088 271 1115; x_wconf 88' lang='grc'>110</span> <span class='ocrx_word' id='word_1_119' title='bbox 303 1074 490 1127; x_wconf 88' lang='lat' dir='ltr'>alioquin</span> <span class='ocrx_word' id='word_1_120' title='bbox 524 1089 618 1116; x_wconf 89' lang='grc'>011111</span> <span class='ocrx_word' id='word_1_121' title='bbox 651 1075 814 1117; x_wconf 75' lang='lat' dir='ltr'>exteris</span> <span class='ocrx_word' id='word_1_122' title='bbox 845 1074 940 1116; x_wconf 90' lang='lat' dir='ltr'>istis</span> <span class='ocrx_word' id='word_1_123' title='bbox 975 1074 1288 1128; x_wconf 83' lang='lat' dir='ltr'>professoribus</span> <span class='ocrx_word' id='word_1_124' title='bbox 1311 1088 1417 1128; x_wconf 88' lang='lat' dir='ltr'>opus</span> <span class='ocrx_word' id='word_1_125' title='bbox 1444 1074 1502 1116; x_wconf 90' lang='lat' dir='ltr'>sit</span> <span class='ocrx_word' id='word_1_126' title='bbox 1523 1074 1753 1127; x_wconf 87' lang='lat' dir='ltr'>aliqnando</span> <span class='ocrx_word' id='word_1_127' title='bbox 1785 1074 1972 1128; x_wconf 82' lang='lat' dir='ltr'>litigare,</span> 
     </span>
     <span class='ocr_line' id='line_1_15' title="bbox 218 1138 1973 1190; baseline 0 -10"><span class='ocrx_word' id='word_1_128' title='bbox 218 1152 326 1180; x_wconf 91' lang='lat' dir='ltr'>neue</span> <span class='ocrx_word' id='word_1_129' title='bbox 366 1139 428 1180; x_wconf 87' lang='lat' dir='ltr'>illi</span> <span class='ocrx_word' id='word_1_130' title='bbox 468 1142 713 1182; x_wconf 89' lang='lat' dir='ltr'>nostrorum</span> <span class='ocrx_word' id='word_1_131' title='bbox 756 1139 1091 1181; x_wconf 80' lang='lat' dir='ltr'>aucthoritatem</span> <span class='ocrx_word' id='word_1_132' title='bbox 1134 1144 1177 1181; x_wconf 87' lang='lat' dir='ltr'>et</span> <span class='ocrx_word' id='word_1_133' title='bbox 1215 1138 1454 1181; x_wconf 89' lang='lat' dir='ltr'>doctrinam</span> <span class='ocrx_word' id='word_1_134' title='bbox 1496 1139 1748 1190; x_wconf 87' lang='lat' dir='ltr'>obscurent,</span> <span class='ocrx_word' id='word_1_135' title='bbox 1793 1142 1867 1181; x_wconf 87' lang='lat' dir='ltr'>aut</span> <span class='ocrx_word' id='word_1_136' title='bbox 1907 1139 1973 1180; x_wconf 91' lang='lat' dir='ltr'>ius</span> 
     </span>
     <span class='ocr_line' id='line_1_16' title="bbox 219 1203 1972 1258; baseline -0.001 -13"><span class='ocrx_word' id='word_1_137' title='bbox 219 1203 390 1256; x_wconf 86' lang='lat' dir='ltr'>aliquod</span> <span class='ocrx_word' id='word_1_138' title='bbox 422 1204 465 1245; x_wconf 90' lang='lat' dir='ltr'>in</span> <span class='ocrx_word' id='word_1_139' title='bbox 497 1208 670 1247; x_wconf 88' lang='lat' dir='ltr'>nostros</span> <span class='ocrx_word' id='word_1_140' title='bbox 701 1207 925 1258; x_wconf 89' lang='lat' dir='ltr'>usurpent,</span> <span class='ocrx_word' id='word_1_141' title='bbox 969 1206 1037 1246; x_wconf 84' lang='lat' dir='ltr'>utc</span> <span class='ocrx_word' id='word_1_142' title='bbox 1076 1204 1120 1258; x_wconf 85' lang='lat' dir='ltr'>in</span> <span class='ocrx_word' id='word_1_143' title='bbox 1152 1204 1390 1245; x_wconf 89' lang='lat' dir='ltr'>huiusmodi</span> <span class='ocrx_word' id='word_1_144' title='bbox 1424 1203 1724 1256; x_wconf 81' lang='lat' dir='ltr'>congressibus</span> <span class='ocrx_word' id='word_1_145' title='bbox 1757 1203 1972 1257; x_wconf 88' lang='lat' dir='ltr'>professo—</span> 
     </span>
     <span class='ocr_line' id='line_1_17' title="bbox 219 1260 1410 1323; baseline 0 -14"><span class='ocrx_word' id='word_1_146' title='bbox 219 1269 338 1309; x_wconf 72' lang='lat' dir='ltr'>rumd</span> <span class='ocrx_word' id='word_1_147' title='bbox 370 1269 514 1310; x_wconf 87' lang='lat' dir='ltr'>uarios</span> <span class='ocrx_word' id='word_1_148' title='bbox 545 1270 651 1311; x_wconf 88' lang='lat' dir='ltr'>fines</span> <span class='ocrx_word' id='word_1_149' title='bbox 683 1269 973 1323; x_wconf 89' lang='lat' dir='ltr'>spectantium</span> <span class='ocrx_word' id='word_1_150' title='bbox 1005 1260 1132 1310; x_wconf 85' lang='lat' dir='ltr'>facile</span> <span class='ocrx_word' id='word_1_151' title='bbox 1164 1269 1255 1309; x_wconf 88' lang='lat' dir='ltr'>fieri</span> <span class='ocrx_word' id='word_1_152' title='bbox 1287 1268 1410 1310; x_wconf 89' lang='lat' dir='ltr'>solet.</span> 
     </span>
    </p>

    <p class='ocr_par' dir='ltr' id='par_1_5' title="bbox 219 1332 1972 1711">
     <span class='ocr_line' id='line_1_18' title="bbox 336 1332 1970 1387; baseline 0.001 -13"><span class='ocrx_word' id='word_1_153' title='bbox 336 1333 569 1376; x_wconf 89' lang='lat' dir='ltr'>Praeterea</span> <span class='ocrx_word' id='word_1_154' title='bbox 600 1334 642 1375; x_wconf 90' lang='lat' dir='ltr'>in</span> <span class='ocrx_word' id='word_1_155' title='bbox 674 1333 995 1375; x_wconf 85' lang='lat' dir='ltr'>humanioribus</span> <span class='ocrx_word' id='word_1_156' title='bbox 1027 1334 1232 1375; x_wconf 87' lang='lat' dir='ltr'>lectorem</span> <span class='ocrx_word' id='word_1_157' title='bbox 1255 1333 1441 1386; x_wconf 87' lang='lat' dir='ltr'>aliquem</span> <span class='ocrx_word' id='word_1_158' title='bbox 1463 1333 1650 1375; x_wconf 88' lang='lat' dir='ltr'>fortasse</span> <span class='ocrx_word' id='word_1_159' title='bbox 1672 1332 1970 1387; x_wconf 79' lang='lat' dir='ltr'>reperiremus,</span> 
     </span>
     <span class='ocr_line' id='line_1_19' title="bbox 220 1397 1971 1452; baseline 0 -13"><span class='ocrx_word' id='word_1_160' title='bbox 220 1399 283 1440; x_wconf 89' lang='lat' dir='ltr'>De</span> <span class='ocrx_word' id='word_1_161' title='bbox 323 1398 514 1441; x_wconf 85' lang='lat' dir='ltr'>Rhetore</span> <span class='ocrx_word' id='word_1_162' title='bbox 559 1413 683 1452; x_wconf 91' lang='lat' dir='ltr'>quem</span> <span class='ocrx_word' id='word_1_163' title='bbox 728 1398 851 1440; x_wconf 90' lang='lat' dir='ltr'>nobis</span> <span class='ocrx_word' id='word_1_164' title='bbox 891 1398 950 1441; x_wconf 90' lang='lat' dir='ltr'>.P.</span> <span class='ocrx_word' id='word_1_165' title='bbox 985 1398 1159 1440; x_wconf 86' lang='lat' dir='ltr'>Natalis</span> <span class='ocrx_word' id='word_1_166' title='bbox 1203 1397 1421 1447; x_wconf 88' lang='lat' dir='ltr'>indicauit,</span> <span class='ocrx_word' id='word_1_167' title='bbox 1467 1398 1593 1439; x_wconf 90' lang='lat' dir='ltr'>ualde</span> <span class='ocrx_word' id='word_1_168' title='bbox 1635 1397 1878 1440; x_wconf 87' lang='lat' dir='ltr'>dubitamus</span> <span class='ocrx_word' id='word_1_169' title='bbox 1920 1399 1971 1439; x_wconf 90' lang='lat' dir='ltr'>ob</span> 
     </span>
     <span class='ocr_line' id='line_1_20' title="bbox 219 1462 1972 1517; baseline 0 -13"><span class='ocrx_word' id='word_1_170' title='bbox 219 1465 367 1505; x_wconf 89' lang='lat' dir='ltr'>notum</span> <span class='ocrx_word' id='word_1_171' title='bbox 400 1463 490 1505; x_wconf 90' lang='lat' dir='ltr'>eius</span> <span class='ocrx_word' id='word_1_172' title='bbox 522 1463 754 1517; x_wconf 82' lang='lat' dir='ltr'>ingenium.</span> <span class='ocrx_word' id='word_1_173' title='bbox 818 1463 984 1505; x_wconf 87' lang='lat' dir='ltr'>Desunt</span> <span class='ocrx_word' id='word_1_174' title='bbox 1018 1466 1163 1505; x_wconf 89' lang='lat' dir='ltr'>autem</span> <span class='ocrx_word' id='word_1_175' title='bbox 1195 1462 1469 1516; x_wconf 85' lang='lat' dir='ltr'>grammatici</span> <span class='ocrx_word' id='word_1_176' title='bbox 1501 1465 1603 1512; x_wconf 90' lang='lat' dir='ltr'>tres,</span> <span class='ocrx_word' id='word_1_177' title='bbox 1638 1462 1758 1504; x_wconf 85' lang='lat' dir='ltr'>deest</span> <span class='ocrx_word' id='word_1_178' title='bbox 1790 1475 1972 1515; x_wconf 87' lang='lat' dir='ltr'>graecus</span> 
     </span>
     <span class='ocr_line' id='line_1_21' title="bbox 220 1527 1971 1580; baseline -0.001 -10"><span class='ocrx_word' id='word_1_179' title='bbox 220 1531 263 1570; x_wconf 86' lang='lat' dir='ltr'>et</span> <span class='ocrx_word' id='word_1_180' title='bbox 295 1528 505 1570; x_wconf 88' lang='lat' dir='ltr'>haebreus</span> <span class='ocrx_word' id='word_1_181' title='bbox 528 1528 776 1570; x_wconf 85' lang='lat' dir='ltr'>Professor:</span> <span class='ocrx_word' id='word_1_182' title='bbox 811 1529 933 1570; x_wconf 87' lang='lat' dir='ltr'>deest</span> <span class='ocrx_word' id='word_1_183' title='bbox 955 1527 1153 1569; x_wconf 85' lang='lat' dir='ltr'>Minister</span> <span class='ocrx_word' id='word_1_184' title='bbox 1176 1541 1270 1569; x_wconf 90' lang='lat' dir='ltr'>cum</span> <span class='ocrx_word' id='word_1_185' title='bbox 1293 1527 1481 1580; x_wconf 89' lang='lat' dir='ltr'>reliquis,</span> <span class='ocrx_word' id='word_1_186' title='bbox 1517 1541 1622 1580; x_wconf 91' lang='lat' dir='ltr'>quos</span> <span class='ocrx_word' id='word_1_187' title='bbox 1644 1527 1791 1568; x_wconf 89' lang='lat' dir='ltr'>uenire</span> <span class='ocrx_word' id='word_1_188' title='bbox 1814 1527 1971 1569; x_wconf 86' lang='lat' dir='ltr'>multos</span> 
     </span>
     <span class='ocr_line' id='line_1_22' title="bbox 219 1591 1971 1646; baseline -0.001 -13"><span class='ocrx_word' id='word_1_189' title='bbox 219 1606 394 1634; x_wconf 90' lang='lat' dir='ltr'>necesse</span> <span class='ocrx_word' id='word_1_190' title='bbox 425 1593 482 1635; x_wconf 90' lang='lat' dir='ltr'>sit</span> <span class='ocrx_word' id='word_1_191' title='bbox 513 1593 568 1634; x_wconf 93' lang='lat' dir='ltr'>ad</span> <span class='ocrx_word' id='word_1_192' title='bbox 600 1593 835 1646; x_wconf 87' lang='lat' dir='ltr'>Collegium</span> <span class='ocrx_word' id='word_1_193' title='bbox 867 1592 946 1634; x_wconf 92' lang='lat' dir='ltr'>hoc</span> <span class='ocrx_word' id='word_1_194' title='bbox 978 1596 1096 1635; x_wconf 89' lang='lat' dir='ltr'>recte</span> <span class='ocrx_word' id='word_1_195' title='bbox 1128 1592 1451 1641; x_wconf 87' lang='lat' dir='ltr'>instituendum,</span> <span class='ocrx_word' id='word_1_196' title='bbox 1487 1592 1766 1644; x_wconf 91' lang='lat' dir='ltr'>undecunque</span> <span class='ocrx_word' id='word_1_197' title='bbox 1797 1591 1971 1634; x_wconf 87' lang='lat' dir='ltr'>tandem</span> 
     </span>
     <span class='ocr_line' id='line_1_23' title="bbox 219 1656 586 1711; baseline 0.003 -13"><span class='ocrx_word' id='word_1_198' title='bbox 219 1656 280 1698; x_wconf 93' lang='lat' dir='ltr'>illi</span> <span class='ocrx_word' id='word_1_199' title='bbox 314 1657 586 1711; x_wconf 84' lang='lat' dir='ltr'>colligantur.</span> 
     </span>
    </p>

    <p class='ocr_par' dir='ltr' id='par_1_6' title="bbox 218 1720 1972 2423">
     <span class='ocr_line' id='line_1_24' title="bbox 339 1720 1970 1775; baseline -0.001 -13"><span class='ocrx_word' id='word_1_200' title='bbox 339 1721 407 1763; x_wconf 76' lang='lat' dir='ltr'>Ex</span> <span class='ocrx_word' id='word_1_201' title='bbox 439 1721 504 1763; x_wconf 88' lang='lat' dir='ltr'>his</span> <span class='ocrx_word' id='word_1_202' title='bbox 534 1721 661 1763; x_wconf 84' lang='lat' dir='ltr'>facile</span> <span class='ocrx_word' id='word_1_203' title='bbox 692 1721 909 1775; x_wconf 84' lang='lat' dir='ltr'>intelliget</span> <span class='ocrx_word' id='word_1_204' title='bbox 942 1722 986 1763; x_wconf 91' lang='lat' dir='ltr'>P.</span> <span class='ocrx_word' id='word_1_205' title='bbox 1011 1721 1063 1763; x_wconf 68' lang='lat' dir='ltr'>V.</span> <span class='ocrx_word' id='word_1_206' title='bbox 1096 1721 1220 1762; x_wconf 91' lang='lat' dir='ltr'>huius</span> <span class='ocrx_word' id='word_1_207' title='bbox 1253 1720 1353 1763; x_wconf 90' lang='lat' dir='ltr'>noui</span> <span class='ocrx_word' id='word_1_208' title='bbox 1385 1720 1575 1762; x_wconf 86' lang='lat' dir='ltr'>ordiendi</span> <span class='ocrx_word' id='word_1_209' title='bbox 1617 1720 1757 1774; x_wconf 89' lang='lat' dir='ltr'>operis</span> <span class='ocrx_word' id='word_1_210' title='bbox 1790 1721 1970 1762; x_wconf 85' lang='lat' dir='ltr'>difficul-</span> 
     </span>
     <span class='ocr_line' id='line_1_25' title="bbox 221 1785 1972 1839; baseline 0 -11"><span class='ocrx_word' id='word_1_211' title='bbox 221 1789 390 1829; x_wconf 87' lang='lat' dir='ltr'>tatem.</span> <span class='ocrx_word' id='word_1_212' title='bbox 416 1800 525 1839; x_wconf 89' lang='lat' dir='ltr'>quae</span> <span class='ocrx_word' id='word_1_213' title='bbox 566 1800 633 1828; x_wconf 90' lang='lat' dir='ltr'>me</span> <span class='ocrx_word' id='word_1_214' title='bbox 675 1786 846 1839; x_wconf 91' lang='lat' dir='ltr'>quidem</span> <span class='ocrx_word' id='word_1_215' title='bbox 888 1786 1035 1828; x_wconf 90' lang='lat' dir='ltr'>multis</span> <span class='ocrx_word' id='word_1_216' title='bbox 1076 1786 1212 1827; x_wconf 90' lang='lat' dir='ltr'>modis</span> <span class='ocrx_word' id='word_1_217' title='bbox 1255 1786 1458 1834; x_wconf 86' lang='lat' dir='ltr'>deterret,</span> <span class='ocrx_word' id='word_1_218' title='bbox 1499 1786 1535 1826; x_wconf 92' lang='lat' dir='ltr'>si</span> <span class='ocrx_word' id='word_1_219' title='bbox 1576 1788 1748 1828; x_wconf 88' lang='lat' dir='ltr'>nostras</span> <span class='ocrx_word' id='word_1_220' title='bbox 1781 1785 1894 1827; x_wconf 90' lang='lat' dir='ltr'>uires</span> <span class='ocrx_word' id='word_1_221' title='bbox 1927 1788 1972 1828; x_wconf 89' lang='lat' dir='ltr'>et</span> 
     </span>
     <span class='ocr_line' id='line_1_26' title="bbox 221 1850 1968 1905; baseline -0.001 -12"><span class='ocrx_word' id='word_1_222' title='bbox 221 1865 428 1904; x_wconf 85' lang='lat' dir='ltr'>personas</span> <span class='ocrx_word' id='word_1_223' title='bbox 460 1864 620 1905; x_wconf 88' lang='lat' dir='ltr'>paucas</span> <span class='ocrx_word' id='word_1_224' title='bbox 642 1851 826 1901; x_wconf 87' lang='lat' dir='ltr'>intuear,</span> <span class='ocrx_word' id='word_1_225' title='bbox 861 1864 972 1903; x_wconf 90' lang='lat' dir='ltr'>quae</span> <span class='ocrx_word' id='word_1_226' title='bbox 993 1850 1056 1892; x_wconf 90' lang='lat' dir='ltr'>illi</span> <span class='ocrx_word' id='word_1_227' title='bbox 1077 1851 1302 1904; x_wconf 89' lang='lat' dir='ltr'>praeclaro</span> <span class='ocrx_word' id='word_1_228' title='bbox 1326 1851 1420 1891; x_wconf 92' lang='lat' dir='ltr'>loco</span> <span class='ocrx_word' id='word_1_229' title='bbox 1444 1853 1487 1892; x_wconf 90' lang='lat' dir='ltr'>et</span> <span class='ocrx_word' id='word_1_230' title='bbox 1509 1850 1741 1892; x_wconf 89' lang='lat' dir='ltr'>multorum</span> <span class='ocrx_word' id='word_1_231' title='bbox 1763 1851 1968 1892; x_wconf 88' lang='lat' dir='ltr'>bonorum</span> 
     </span>
     <span class='ocr_line' id='line_1_27' title="bbox 222 1915 1969 1969; baseline -0.001 -12"><span class='ocrx_word' id='word_1_232' title='bbox 222 1916 392 1969; x_wconf 88' lang='lat' dir='ltr'>amplae</span> <span class='ocrx_word' id='word_1_233' title='bbox 436 1916 487 1958; x_wconf 91' lang='lat' dir='ltr'>de</span> <span class='ocrx_word' id='word_1_234' title='bbox 531 1915 653 1956; x_wconf 90' lang='lat' dir='ltr'>nobis</span> <span class='ocrx_word' id='word_1_235' title='bbox 698 1915 993 1969; x_wconf 74' lang='lat' dir='ltr'>expectationi</span> <span class='ocrx_word' id='word_1_236' title='bbox 1033 1915 1194 1958; x_wconf 88' lang='lat' dir='ltr'>faciant</span> <span class='ocrx_word' id='word_1_237' title='bbox 1236 1915 1343 1957; x_wconf 90' lang='lat' dir='ltr'>satis</span> <span class='ocrx_word' id='word_1_238' title='bbox 1373 1949 1380 1957; x_wconf 89' lang='lat'>.</span> <span class='ocrx_word' id='word_1_239' title='bbox 1405 1915 1566 1956; x_wconf 76' lang='lat' dir='ltr'>Verum</span> <span class='ocrx_word' id='word_1_240' title='bbox 1607 1915 1743 1957; x_wconf 87' lang='lat' dir='ltr'>maior</span> <span class='ocrx_word' id='word_1_241' title='bbox 1784 1918 1850 1957; x_wconf 90' lang='lat' dir='ltr'>est</span> <span class='ocrx_word' id='word_1_242' title='bbox 1891 1915 1969 1956; x_wconf 92' lang='lat' dir='ltr'>Dei</span> 
     </span>
     <span class='ocr_line' id='line_1_28' title="bbox 221 1979 1970 2034; baseline 0 -13"><span class='ocrx_word' id='word_1_243' title='bbox 221 1979 359 2022; x_wconf 88' lang='lat' dir='ltr'>uirtus</span> <span class='ocrx_word' id='word_1_244' title='bbox 399 1983 443 2023; x_wconf 92' lang='lat' dir='ltr'>et</span> <span class='ocrx_word' id='word_1_245' title='bbox 482 1980 639 2034; x_wconf 86' lang='lat' dir='ltr'>gratia,</span> <span class='ocrx_word' id='word_1_246' title='bbox 683 1993 811 2033; x_wconf 77' lang='lat' dir='ltr'>quain</span> <span class='ocrx_word' id='word_1_247' title='bbox 851 1980 1037 2022; x_wconf 89' lang='lat' dir='ltr'>humana</span> <span class='ocrx_word' id='word_1_248' title='bbox 1082 1980 1259 2032; x_wconf 90' lang='lat' dir='ltr'>quaeuis</span> <span class='ocrx_word' id='word_1_249' title='bbox 1299 1979 1510 2022; x_wconf 89' lang='lat' dir='ltr'>industria</span> <span class='ocrx_word' id='word_1_250' title='bbox 1552 1982 1595 2022; x_wconf 89' lang='lat' dir='ltr'>et</span> <span class='ocrx_word' id='word_1_251' title='bbox 1636 1979 1843 2022; x_wconf 86' lang='lat' dir='ltr'>fortitudo</span> <span class='ocrx_word' id='word_1_252' title='bbox 1877 1993 1970 2021; x_wconf 91' lang='lat' dir='ltr'>esse</span> 
     </span>
     <span class='ocr_line' id='line_1_29' title="bbox 218 2044 1968 2098; baseline 0 -13"><span class='ocrx_word' id='word_1_253' title='bbox 218 2045 368 2098; x_wconf 87' lang='lat' dir='ltr'>possit.</span> <span class='ocrx_word' id='word_1_254' title='bbox 421 2045 640 2088; x_wconf 82' lang='lat' dir='ltr'>Judicabit</span> <span class='ocrx_word' id='word_1_255' title='bbox 671 2045 803 2098; x_wconf 90' lang='lat' dir='ltr'>igitur</span> <span class='ocrx_word' id='word_1_256' title='bbox 834 2044 877 2086; x_wconf 90' lang='lat' dir='ltr'>in</span> <span class='ocrx_word' id='word_1_257' title='bbox 899 2044 1081 2086; x_wconf 92' lang='lat' dir='ltr'>Domino</span> <span class='ocrx_word' id='word_1_258' title='bbox 1104 2044 1150 2087; x_wconf 89' lang='lat' dir='ltr'>P.</span> <span class='ocrx_word' id='word_1_259' title='bbox 1176 2045 1226 2087; x_wconf 79' lang='lat' dir='ltr'>V.</span> <span class='ocrx_word' id='word_1_260' title='bbox 1251 2044 1352 2097; x_wconf 88' lang='lat' dir='ltr'>quid</span> <span class='ocrx_word' id='word_1_261' title='bbox 1374 2045 1428 2086; x_wconf 91' lang='lat' dir='ltr'>ad</span> <span class='ocrx_word' id='word_1_262' title='bbox 1449 2045 1656 2086; x_wconf 87' lang='lat' dir='ltr'>maiorem</span> <span class='ocrx_word' id='word_1_263' title='bbox 1678 2044 1757 2086; x_wconf 91' lang='lat' dir='ltr'>Dei</span> <span class='ocrx_word' id='word_1_264' title='bbox 1789 2044 1968 2097; x_wconf 89' lang='lat' dir='ltr'>gloriam</span> 
     </span>
     <span class='ocr_line' id='line_1_30' title="bbox 219 2109 1968 2163; baseline -0.001 -12"><span class='ocrx_word' id='word_1_265' title='bbox 219 2109 464 2151; x_wconf 89' lang='lat' dir='ltr'>faciundum</span> <span class='ocrx_word' id='word_1_266' title='bbox 505 2109 725 2152; x_wconf 90' lang='lat' dir='ltr'>uideatur:</span> <span class='ocrx_word' id='word_1_267' title='bbox 769 2109 969 2162; x_wconf 89' lang='lat' dir='ltr'>quicquid</span> <span class='ocrx_word' id='word_1_268' title='bbox 1011 2112 1156 2151; x_wconf 89' lang='lat' dir='ltr'>autem</span> <span class='ocrx_word' id='word_1_269' title='bbox 1197 2109 1302 2150; x_wconf 89' lang='lat' dir='ltr'>illud</span> <span class='ocrx_word' id='word_1_270' title='bbox 1344 2109 1488 2159; x_wconf 85' lang='lat' dir='ltr'>fuerit,</span> <span class='ocrx_word' id='word_1_271' title='bbox 1531 2109 1653 2163; x_wconf 89' lang='lat' dir='ltr'>cupio</span> <span class='ocrx_word' id='word_1_272' title='bbox 1695 2109 1803 2151; x_wconf 89' lang='lat' dir='ltr'>scire</span> <span class='ocrx_word' id='word_1_273' title='bbox 1841 2123 1968 2162; x_wconf 86' lang='lat' dir='ltr'>quam</span> 
     </span>
     <span class='ocr_line' id='line_1_31' title="bbox 219 2173 1966 2228; baseline -0.001 -13"><span class='ocrx_word' id='word_1_274' title='bbox 219 2175 401 2228; x_wconf 89' lang='lat' dir='ltr'>primum</span> <span class='ocrx_word' id='word_1_275' title='bbox 443 2174 534 2216; x_wconf 85' lang='lat' dir='ltr'>fieri</span> <span class='ocrx_word' id='word_1_276' title='bbox 574 2177 731 2228; x_wconf 88' lang='lat' dir='ltr'>potest,</span> <span class='ocrx_word' id='word_1_277' title='bbox 773 2177 822 2216; x_wconf 91' lang='lat' dir='ltr'>ut</span> <span class='ocrx_word' id='word_1_278' title='bbox 862 2173 1022 2216; x_wconf 89' lang='lat' dir='ltr'>rectius</span> <span class='ocrx_word' id='word_1_279' title='bbox 1064 2174 1144 2216; x_wconf 91' lang='lat' dir='ltr'>hoc</span> <span class='ocrx_word' id='word_1_280' title='bbox 1186 2174 1407 2226; x_wconf 89' lang='lat' dir='ltr'>negotium</span> <span class='ocrx_word' id='word_1_281' title='bbox 1447 2174 1671 2227; x_wconf 88' lang='lat' dir='ltr'>dirigatur,</span> <span class='ocrx_word' id='word_1_282' title='bbox 1714 2173 1966 2228; x_wconf 87' lang='lat' dir='ltr'>praesertim</span> 
     </span>
     <span class='ocr_line' id='line_1_32' title="bbox 218 2238 1967 2292; baseline -0.001 -12"><span class='ocrx_word' id='word_1_283' title='bbox 218 2242 317 2292; x_wconf 91' lang='lat' dir='ltr'>post</span> <span class='ocrx_word' id='word_1_284' title='bbox 348 2253 488 2281; x_wconf 90' lang='lat' dir='ltr'>meum</span> <span class='ocrx_word' id='word_1_285' title='bbox 521 2239 706 2281; x_wconf 89' lang='lat' dir='ltr'>reditum</span> <span class='ocrx_word' id='word_1_286' title='bbox 739 2239 792 2281; x_wconf 88' lang='lat' dir='ltr'>ad</span> <span class='ocrx_word' id='word_1_287' title='bbox 827 2238 1173 2292; x_wconf 80' lang='lat' dir='ltr'>Herbipolenses.</span> <span class='ocrx_word' id='word_1_288' title='bbox 1226 2238 1340 2280; x_wconf 89' lang='lat' dir='ltr'>Nam</span> <span class='ocrx_word' id='word_1_289' title='bbox 1371 2239 1463 2281; x_wconf 88' lang='lat' dir='ltr'>siue</span> <span class='ocrx_word' id='word_1_290' title='bbox 1496 2239 1729 2292; x_wconf 89' lang='lat' dir='ltr'>scripserit,</span> <span class='ocrx_word' id='word_1_291' title='bbox 1763 2238 1853 2280; x_wconf 91' lang='lat' dir='ltr'>siue</span> <span class='ocrx_word' id='word_1_292' title='bbox 1884 2252 1967 2280; x_wconf 90' lang='grc'>11011</span> 
     </span>
     <span class='ocr_line' id='line_1_33' title="bbox 220 2302 1966 2358; baseline 0 -14"><span class='ocrx_word' id='word_1_293' title='bbox 220 2303 443 2358; x_wconf 82' lang='lat' dir='ltr'>scripserit</span> <span class='ocrx_word' id='word_1_294' title='bbox 485 2304 885 2345; x_wconf 85' lang='lat' dir='ltr'>Reuerendissimus</span> <span class='ocrx_word' id='word_1_295' title='bbox 933 2318 987 2346; x_wconf 80' lang='lat' dir='ltr'>ex</span> <span class='ocrx_word' id='word_1_296' title='bbox 1036 2303 1246 2357; x_wconf 87' lang='lat' dir='ltr'>capitibus</span> <span class='ocrx_word' id='word_1_297' title='bbox 1293 2303 1377 2345; x_wconf 89' lang='lat' dir='ltr'>illis</span> <span class='ocrx_word' id='word_1_298' title='bbox 1423 2302 1780 2357; x_wconf 86' lang='lat' dir='ltr'>praecedentibus</span> <span class='ocrx_word' id='word_1_299' title='bbox 1825 2317 1966 2345; x_wconf 91' lang='lat' dir='ltr'>rerum</span> 
     </span>
     <span class='ocr_line' id='line_1_34' title="bbox 219 2366 1967 2423; baseline -0.001 -14"><span class='ocrx_word' id='word_1_300' title='bbox 219 2370 538 2411; x_wconf 86' lang='lat' dir='ltr'>transactarum</span> <span class='ocrx_word' id='word_1_301' title='bbox 580 2369 687 2410; x_wconf 90' lang='lat' dir='ltr'>satis</span> <span class='ocrx_word' id='word_1_302' title='bbox 728 2368 834 2410; x_wconf 88' lang='lat' dir='ltr'>lucis</span> <span class='ocrx_word' id='word_1_303' title='bbox 876 2372 1068 2423; x_wconf 90' lang='lat' dir='ltr'>apparet,</span> <span class='ocrx_word' id='word_1_304' title='bbox 1111 2368 1215 2410; x_wconf 88' lang='lat' dir='ltr'>uelit</span> <span class='ocrx_word' id='word_1_305' title='bbox 1247 2382 1300 2409; x_wconf 89' lang='lat' dir='ltr'>ne</span> <span class='ocrx_word' id='word_1_306' title='bbox 1332 2369 1378 2411; x_wconf 89' lang='lat' dir='ltr'>P.</span> <span class='ocrx_word' id='word_1_307' title='bbox 1402 2368 1469 2418; x_wconf 58' lang='lat' dir='ltr'>V„</span> <span class='ocrx_word' id='word_1_308' title='bbox 1511 2367 1547 2409; x_wconf 90' lang='lat' dir='ltr'>si</span> <span class='ocrx_word' id='word_1_309' title='bbox 1587 2367 1697 2409; x_wconf 89' lang='lat' dir='ltr'>idem</span> <span class='ocrx_word' id='word_1_310' title='bbox 1731 2366 1967 2421; x_wconf 87' lang='lat' dir='ltr'>Episcopus</span> 
     </span>
    </p>
   </div>
   <div class='ocr_carea' id='block_1_3' title="bbox 221 2459 1965 2533">
    <p class='ocr_par' dir='ltr' id='par_1_7' title="bbox 221 2459 1965 2533">
     <span class='ocr_line' id='line_1_35' title="bbox 338 2459 1965 2492; baseline -0.001 -6"><span class='ocrx_word' id='word_1_311' title='bbox 338 2462 364 2491; x_wconf 84' lang='lat' dir='ltr'>a)</span> <span class='ocrx_word' id='word_1_312' title='bbox 386 2462 512 2492; x_wconf 75' lang='lat' dir='ltr'>Sequens</span> <span class='ocrx_word' id='word_1_313' title='bbox 531 2460 673 2485; x_wconf 72' lang='lat' dir='ltr'>sententia</span> <span class='ocrx_word' id='word_1_314' title='bbox 695 2468 780 2485; x_wconf 77' lang='lat' dir='ltr'>mann</span> <span class='ocrx_word' id='word_1_315' title='bbox 800 2461 895 2492; x_wconf 57' lang='lat' dir='ltr'>ipsius&gt;</span> <span class='ocrx_word' id='word_1_316' title='bbox 909 2462 977 2485; x_wconf 71' lang='lat' dir='ltr'>Can.</span> <span class='ocrx_word' id='word_1_317' title='bbox 993 2461 1095 2485; x_wconf 77' lang='lat' dir='ltr'>addita</span> <span class='ocrx_word' id='word_1_318' title='bbox 1115 2464 1164 2485; x_wconf 79' lang='lat' dir='ltr'>est.</span> <span class='ocrx_word' id='word_1_319' title='bbox 1233 2459 1262 2491; x_wconf 90' lang='lat' dir='ltr'>b)</span> <span class='ocrx_word' id='word_1_320' title='bbox 1282 2461 1316 2484; x_wconf 74' lang='lat' dir='ltr'>In</span> <span class='ocrx_word' id='word_1_321' title='bbox 1338 2461 1415 2485; x_wconf 74' lang='lat' dir='ltr'>arch.</span> <span class='ocrx_word' id='word_1_322' title='bbox 1435 2460 1568 2491; x_wconf 74' lang='lat' dir='ltr'>sequitur</span> <span class='ocrx_word' id='word_1_323' title='bbox 1586 2460 1707 2484; x_wconf 76' lang='lat' dir='ltr'>alterum</span> <span class='ocrx_word' id='word_1_324' title='bbox 1730 2465 1806 2484; x_wconf 81' lang='lat' dir='ltr'>esse.</span> <span class='ocrx_word' id='word_1_325' title='bbox 1872 2460 1897 2489; x_wconf 90' lang='lat' dir='ltr'>c)</span> <span class='ocrx_word' id='word_1_326' title='bbox 1919 2460 1965 2484; x_wconf 77' lang='lat' dir='ltr'>Se-</span> 
     </span>
     <span class='ocr_line' id='line_1_36' title="bbox 221 2500 1335 2533; baseline 0 -7"><span class='ocrx_word' id='word_1_327' title='bbox 221 2505 350 2532; x_wconf 69' lang='lat' dir='ltr'>quuntur</span> <span class='ocrx_word' id='word_1_328' title='bbox 371 2510 411 2526; x_wconf 72' lang='lat' dir='ltr'>cr.</span> <span class='ocrx_word' id='word_1_329' title='bbox 431 2501 519 2526; x_wconf 83' lang='lat' dir='ltr'>facile</span> <span class='ocrx_word' id='word_1_330' title='bbox 540 2501 604 2526; x_wconf 84' lang='lat' dir='ltr'>fieri</span> <span class='ocrx_word' id='word_1_331' title='bbox 624 2500 712 2532; x_wconf 85' lang='lat' dir='ltr'>solet,</span> <span class='ocrx_word' id='word_1_332' title='bbox 732 2503 907 2527; x_wconf 60' lang='lat' dir='ltr'>oblinerata.</span> <span class='ocrx_word' id='word_1_333' title='bbox 974 2501 1003 2533; x_wconf 79' lang='lat' dir='ltr'>d)</span> <span class='ocrx_word' id='word_1_334' title='bbox 1025 2503 1162 2533; x_wconf 70' lang='lat' dir='ltr'>Sequitur</span> <span class='ocrx_word' id='word_1_335' title='bbox 1181 2500 1228 2531; x_wconf 85' lang='lat' dir='ltr'>ad,</span> <span class='ocrx_word' id='word_1_336' title='bbox 1248 2502 1335 2526; x_wconf 78' lang='lat' dir='ltr'>oblitt.</span> 
     </span>
    </p>
   </div>
   <div class='ocr_carea' id='block_1_4' title="bbox 224 2581 420 2583">
    <p class='ocr_par' dir='ltr' id='par_1_8' title="bbox 224 2581 420 2583">
     <span class='ocr_line' id='line_1_37' title="bbox 224 2581 420 2583; baseline 0 0"><span class='ocrx_word' id='word_1_337' title='bbox 224 2581 420 2583; x_wconf 95' lang='lat' dir='ltr'> </span> 
     </span>
    </p>
   </div>
   <div class='ocr_carea' id='block_1_5' title="bbox 446 2581 615 2583">
    <p class='ocr_par' dir='ltr' id='par_1_9' title="bbox 446 2581 615 2583">
     <span class='ocr_line' id='line_1_38' title="bbox 446 2581 615 2583; baseline 0 0"><span class='ocrx_word' id='word_1_338' title='bbox 446 2581 615 2583; x_wconf 95' lang='lat' dir='ltr'> </span> 
     </span>
    </p>
   </div>
   <div class='ocr_carea' id='block_1_6' title="bbox 221 2628 1966 3200">
    <p class='ocr_par' dir='ltr' id='par_1_10' title="bbox 221 2628 1966 2884">
     <span class='ocr_line' id='line_1_39' title="bbox 343 2628 1964 2675; baseline 0.001 -12"><span class='ocrx_word' id='word_1_339' title='bbox 343 2632 349 2650; x_wconf 93' lang='lat'>¹</span> <span class='ocrx_word' id='word_1_340' title='bbox 374 2631 413 2663; x_wconf 89' lang='lat' dir='ltr'>P.</span> <span class='ocrx_word' id='word_1_341' title='bbox 432 2631 582 2664; x_wconf 87' lang='lat' dir='ltr'>Ioannes</span> <span class='ocrx_word' id='word_1_342' title='bbox 600 2631 818 2665; x_wconf 84' lang='lat' dir='ltr'>Rabenstein</span> <span class='ocrx_word' id='word_1_343' title='bbox 837 2630 964 2664; x_wconf 89' lang='lat' dir='ltr'>nobilis</span> <span class='ocrx_word' id='word_1_344' title='bbox 983 2631 1118 2664; x_wconf 66' lang='lat' dir='ltr'>franco</span> <span class='ocrx_word' id='word_1_345' title='bbox 1137 2642 1182 2664; x_wconf 80' lang='lat' dir='ltr'>ex</span> <span class='ocrx_word' id='word_1_346' title='bbox 1201 2642 1291 2675; x_wconf 85' lang='lat' dir='ltr'>pago</span> <span class='ocrx_word' id='word_1_347' title='bbox 1310 2630 1552 2664; x_wconf 86' lang='lat' dir='ltr'>Marktbibart</span> <span class='ocrx_word' id='word_1_348' title='bbox 1570 2633 1668 2662; x_wconf 91' lang='lat' dir='ltr'>ortus</span> <span class='ocrx_word' id='word_1_349' title='bbox 1689 2628 1792 2669; x_wconf 69' lang='lat' dir='ltr'>(Can.</span> <span class='ocrx_word' id='word_1_350' title='bbox 1812 2629 1861 2662; x_wconf 84' lang='lat'>111</span> <span class='ocrx_word' id='word_1_351' title='bbox 1880 2629 1964 2672; x_wconf 80' lang='lat'>519)</span> 
     </span>
     <span class='ocr_line' id='line_1_40' title="bbox 222 2681 1966 2728; baseline 0.001 -13"><span class='ocrx_word' id='word_1_352' title='bbox 222 2682 386 2724; x_wconf 85' lang='lat' dir='ltr'>Dilingae</span> <span class='ocrx_word' id='word_1_353' title='bbox 412 2683 682 2717; x_wconf 86' lang='lat' dir='ltr'>contubernium</span> <span class='ocrx_word' id='word_1_354' title='bbox 702 2683 734 2717; x_wconf 79' lang='lat' dir='ltr'>S.</span> <span class='ocrx_word' id='word_1_355' title='bbox 754 2683 963 2728; x_wconf 75' lang='lat' dir='ltr'>Hieronymi</span> <span class='ocrx_word' id='word_1_356' title='bbox 990 2683 1137 2726; x_wconf 83' lang='lat' dir='ltr'>regebat</span> <span class='ocrx_word' id='word_1_357' title='bbox 1164 2686 1198 2717; x_wconf 90' lang='lat' dir='ltr'>et</span> <span class='ocrx_word' id='word_1_358' title='bbox 1224 2683 1459 2717; x_wconf 85' lang='lat' dir='ltr'>aedificationi</span> <span class='ocrx_word' id='word_1_359' title='bbox 1488 2681 1638 2724; x_wconf 83' lang='lat' dir='ltr'>collegii,</span> <span class='ocrx_word' id='word_1_360' title='bbox 1665 2682 1757 2725; x_wconf 83' lang='lat' dir='ltr'>quod</span> <span class='ocrx_word' id='word_1_361' title='bbox 1776 2682 1966 2716; x_wconf 82' lang='lat' dir='ltr'>cardinalis</span> 
     </span>
     <span class='ocr_line' id='line_1_41' title="bbox 221 2734 1963 2781; baseline 0 -14"><span class='ocrx_word' id='word_1_362' title='bbox 221 2734 418 2769; x_wconf 88' lang='lat' dir='ltr'>Truchsess</span> <span class='ocrx_word' id='word_1_363' title='bbox 444 2736 613 2770; x_wconf 86' lang='lat' dir='ltr'>Societati</span> <span class='ocrx_word' id='word_1_364' title='bbox 639 2736 800 2780; x_wconf 86' lang='lat' dir='ltr'>parabat,</span> <span class='ocrx_word' id='word_1_365' title='bbox 827 2738 1009 2780; x_wconf 85' lang='lat' dir='ltr'>praeerat;</span> <span class='ocrx_word' id='word_1_366' title='bbox 1036 2736 1118 2770; x_wconf 84' lang='lat' dir='ltr'>vide</span> <span class='ocrx_word' id='word_1_367' title='bbox 1143 2747 1252 2781; x_wconf 85' lang='lat' dir='ltr'>supra</span> <span class='ocrx_word' id='word_1_368' title='bbox 1278 2747 1310 2780; x_wconf 92' lang='lat' dir='ltr'>p.</span> <span class='ocrx_word' id='word_1_369' title='bbox 1329 2736 1395 2770; x_wconf 89' lang='lat'>110</span> <span class='ocrx_word' id='word_1_370' title='bbox 1422 2735 1499 2770; x_wconf 87' lang='grc'>190.</span> <span class='ocrx_word' id='word_1_371' title='bbox 1538 2734 1634 2768; x_wconf 89' lang='lat' dir='ltr'>Idem</span> <span class='ocrx_word' id='word_1_372' title='bbox 1661 2736 1797 2767; x_wconf 82' lang='lat' dir='ltr'>aestate</span> <span class='ocrx_word' id='word_1_373' title='bbox 1824 2746 1853 2768; x_wconf 85' lang='lat' dir='ltr'>a.</span> <span class='ocrx_word' id='word_1_374' title='bbox 1876 2735 1963 2768; x_wconf 82' lang='grc'>1566</span> 
     </span>
     <span class='ocr_line' id='line_1_42' title="bbox 223 2786 1964 2833; baseline 0.001 -14"><span class='ocrx_word' id='word_1_375' title='bbox 223 2787 439 2832; x_wconf 88' lang='lat' dir='ltr'>Herbipolim</span> <span class='ocrx_word' id='word_1_376' title='bbox 466 2789 510 2822; x_wconf 86' lang='lat' dir='ltr'>ad</span> <span class='ocrx_word' id='word_1_377' title='bbox 536 2801 593 2823; x_wconf 90' lang='lat' dir='ltr'>res</span> <span class='ocrx_word' id='word_1_378' title='bbox 620 2788 773 2832; x_wconf 86' lang='lat' dir='ltr'>collegii,</span> <span class='ocrx_word' id='word_1_379' title='bbox 801 2789 892 2832; x_wconf 89' lang='lat' dir='ltr'>quod</span> <span class='ocrx_word' id='word_1_380' title='bbox 920 2789 1108 2833; x_wconf 87' lang='lat' dir='ltr'>episcopus</span> <span class='ocrx_word' id='word_1_381' title='bbox 1133 2789 1288 2833; x_wconf 79' lang='lat' dir='ltr'>petebat,</span> <span class='ocrx_word' id='word_1_382' title='bbox 1315 2787 1579 2832; x_wconf 83' lang='lat' dir='ltr'>cognoscendas</span> <span class='ocrx_word' id='word_1_383' title='bbox 1605 2786 1736 2820; x_wconf 83' lang='lat' dir='ltr'>missus</span> <span class='ocrx_word' id='word_1_384' title='bbox 1762 2790 1855 2826; x_wconf 84' lang='lat' dir='ltr'>erat;</span> <span class='ocrx_word' id='word_1_385' title='bbox 1886 2787 1964 2821; x_wconf 82' lang='lat' dir='ltr'>vide</span> 
     </span>
     <span class='ocr_line' id='line_1_43' title="bbox 222 2841 582 2884; baseline 0.014 -13"><span class='ocrx_word' id='word_1_386' title='bbox 222 2849 328 2882; x_wconf 84' lang='lat' dir='ltr'>supra</span> <span class='ocrx_word' id='word_1_387' title='bbox 355 2852 386 2884; x_wconf 89' lang='lat' dir='ltr'>p.</span> <span class='ocrx_word' id='word_1_388' title='bbox 410 2841 477 2875; x_wconf 67' lang='lat'>288</span> <span class='ocrx_word' id='word_1_389' title='bbox 504 2842 582 2876; x_wconf 82' lang='lat'>293.</span> 
     </span>
    </p>

    <p class='ocr_par' dir='ltr' id='par_1_11' title="bbox 225 2892 1962 2990">
     <span class='ocr_line' id='line_1_44' title="bbox 339 2892 1962 2938; baseline -0.001 -12"><span class='ocrx_word' id='word_1_390' title='bbox 339 2892 352 2911; x_wconf 82' lang='lat'><strong>²</strong></span> <span class='ocrx_word' id='word_1_391' title='bbox 379 2892 543 2937; x_wconf 84' lang='lat' dir='ltr'>Optabat,</span> <span class='ocrx_word' id='word_1_392' title='bbox 562 2896 601 2928; x_wconf 84' lang='lat' dir='ltr'>ut</span> <span class='ocrx_word' id='word_1_393' title='bbox 620 2894 658 2928; x_wconf 92' lang='lat' dir='ltr'>P.</span> <span class='ocrx_word' id='word_1_394' title='bbox 679 2893 837 2928; x_wconf 86' lang='lat' dir='ltr'>Gerardo</span> <span class='ocrx_word' id='word_1_395' title='bbox 856 2893 1013 2928; x_wconf 88' lang='lat' dir='ltr'>Pastelio</span> <span class='ocrx_word' id='word_1_396' title='bbox 1031 2905 1093 2938; x_wconf 91' lang='lat' dir='ltr'>pro</span> <span class='ocrx_word' id='word_1_397' title='bbox 1112 2905 1196 2928; x_wconf 85' lang='lat' dir='ltr'>cura</span> <span class='ocrx_word' id='word_1_398' title='bbox 1214 2894 1358 2928; x_wconf 85' lang='lat' dir='ltr'>scholae</span> <span class='ocrx_word' id='word_1_399' title='bbox 1375 2892 1651 2938; x_wconf 81' lang='lat' dir='ltr'>philosophicae.</span> <span class='ocrx_word' id='word_1_400' title='bbox 1676 2903 1782 2934; x_wconf 87' lang='lat' dir='ltr'>quam</span> <span class='ocrx_word' id='word_1_401' title='bbox 1800 2892 1962 2933; x_wconf 82' lang='lat' dir='ltr'>habebat,</span> 
     </span>
     <span class='ocr_line' id='line_1_45' title="bbox 225 2944 1805 2990; baseline 0.003 -16"><span class='ocrx_word' id='word_1_402' title='bbox 225 2953 305 2975; x_wconf 85' lang='lat' dir='ltr'>cura</span> <span class='ocrx_word' id='word_1_403' title='bbox 333 2945 551 2979; x_wconf 88' lang='lat' dir='ltr'>contubernii</span> <span class='ocrx_word' id='word_1_404' title='bbox 577 2946 674 2980; x_wconf 89' lang='lat' dir='ltr'>illius</span> <span class='ocrx_word' id='word_1_405' title='bbox 700 2947 918 2986; x_wconf 84' lang='lat' dir='ltr'>traderetur;</span> <span class='ocrx_word' id='word_1_406' title='bbox 947 2946 1029 2980; x_wconf 89' lang='lat' dir='ltr'>vide</span> <span class='ocrx_word' id='word_1_407' title='bbox 1055 2957 1161 2990; x_wconf 86' lang='lat' dir='ltr'>supra</span> <span class='ocrx_word' id='word_1_408' title='bbox 1188 2957 1220 2990; x_wconf 90' lang='lat' dir='ltr'>p.</span> <span class='ocrx_word' id='word_1_409' title='bbox 1240 2947 1308 2980; x_wconf 84' lang='lat'>363</span> <span class='ocrx_word' id='word_1_410' title='bbox 1335 2948 1370 2980; x_wconf 83' lang='lat' dir='ltr'>et</span> <span class='ocrx_word' id='word_1_411' title='bbox 1395 2945 1487 2979; x_wconf 84' lang='lat' dir='ltr'>infra</span> <span class='ocrx_word' id='word_1_412' title='bbox 1514 2956 1603 2978; x_wconf 89' lang='lat' dir='ltr'>mon.</span> <span class='ocrx_word' id='word_1_413' title='bbox 1623 2944 1719 2978; x_wconf 87' lang='lat' dir='ltr'>herb.</span> <span class='ocrx_word' id='word_1_414' title='bbox 1741 2944 1805 2987; x_wconf 78' lang='lat'>(5).</span> 
     </span>
    </p>

    <p class='ocr_par' dir='ltr' id='par_1_12' title="bbox 342 2996 915 3043">
     <span class='ocr_line' id='line_1_46' title="bbox 342 2996 915 3043; baseline 0.009 -15"><span class='ocrx_word' id='word_1_415' title='bbox 342 3000 354 3017; x_wconf 78' lang='lat'>⁸</span> <span class='ocrx_word' id='word_1_416' title='bbox 379 2996 510 3037; x_wconf 82' lang='lat' dir='ltr'>Bader3</span> <span class='ocrx_word' id='word_1_417' title='bbox 540 2998 619 3032; x_wconf 82' lang='lat' dir='ltr'>vide</span> <span class='ocrx_word' id='word_1_418' title='bbox 645 3010 752 3043; x_wconf 86' lang='lat' dir='ltr'>supra</span> <span class='ocrx_word' id='word_1_419' title='bbox 777 3010 810 3043; x_wconf 88' lang='lat' dir='ltr'>p.</span> <span class='ocrx_word' id='word_1_420' title='bbox 838 2999 915 3033; x_wconf 85' lang='lat'>359.</span> 
     </span>
    </p>

    <p class='ocr_par' dir='ltr' id='par_1_13' title="bbox 226 3047 1962 3200">
     <span class='ocr_line' id='line_1_47' title="bbox 343 3047 1962 3092; baseline 0.002 -13"><span class='ocrx_word' id='word_1_421' title='bbox 343 3048 355 3065; x_wconf 67' lang='lat'>4</span> <span class='ocrx_word' id='word_1_422' title='bbox 381 3047 607 3091; x_wconf 87' lang='lat' dir='ltr'>Theologiam</span> <span class='ocrx_word' id='word_1_423' title='bbox 635 3051 673 3084; x_wconf 93' lang='lat' dir='ltr'>P.</span> <span class='ocrx_word' id='word_1_424' title='bbox 700 3051 876 3085; x_wconf 88' lang='lat' dir='ltr'>Antonius</span> <span class='ocrx_word' id='word_1_425' title='bbox 902 3050 1050 3085; x_wconf 82' lang='lat' dir='ltr'>Rescius</span> <span class='ocrx_word' id='word_1_426' title='bbox 1077 3050 1117 3085; x_wconf 86' lang='lat' dir='ltr'>O.</span> <span class='ocrx_word' id='word_1_427' title='bbox 1137 3051 1193 3084; x_wconf 88' lang='lat' dir='ltr'>Pr.</span> <span class='ocrx_word' id='word_1_428' title='bbox 1221 3051 1369 3085; x_wconf 85' lang='lat' dir='ltr'>docebat</span> <span class='ocrx_word' id='word_1_429' title='bbox 1396 3050 1538 3092; x_wconf 69' lang='lat' dir='ltr'>(Weyele</span> <span class='ocrx_word' id='word_1_430' title='bbox 1563 3048 1584 3082; x_wconf 90' lang='lat' dir='ltr'>l.</span> <span class='ocrx_word' id='word_1_431' title='bbox 1609 3060 1637 3082; x_wconf 91' lang='grc'>0.</span> <span class='ocrx_word' id='word_1_432' title='bbox 1665 3049 1679 3081; x_wconf 91' lang='lat' dir='ltr'>I</span> <span class='ocrx_word' id='word_1_433' title='bbox 1710 3049 1784 3083; x_wconf 83' lang='lat'>107.</span> <span class='ocrx_word' id='word_1_434' title='bbox 1834 3051 1962 3082; x_wconf 69' lang='lat' dir='ltr'>Brazcn</span> 
     </span>
     <span class='ocr_line' id='line_1_48' title="bbox 226 3096 1961 3146; baseline 0.003 -16"><span class='ocrx_word' id='word_1_435' title='bbox 226 3096 249 3130; x_wconf 89' lang='lat' dir='ltr'>l.</span> <span class='ocrx_word' id='word_1_436' title='bbox 269 3108 297 3130; x_wconf 90' lang='lat' dir='ltr'>c.</span> <span class='ocrx_word' id='word_1_437' title='bbox 316 3097 331 3130; x_wconf 88' lang='grc' dir='ltr'>Ι</span> <span class='ocrx_word' id='word_1_438' title='bbox 352 3098 453 3141; x_wconf 88' lang='grc'>110);</span> <span class='ocrx_word' id='word_1_439' title='bbox 482 3101 541 3143; x_wconf 88' lang='lat' dir='ltr'>qui</span> <span class='ocrx_word' id='word_1_440' title='bbox 560 3104 678 3135; x_wconf 86' lang='lat' dir='ltr'>autem</span> <span class='ocrx_word' id='word_1_441' title='bbox 696 3105 838 3146; x_wconf 87' lang='lat' dir='ltr'>praeter</span> <span class='ocrx_word' id='word_1_442' title='bbox 855 3115 934 3137; x_wconf 87' lang='grc'>011111</span> <span class='ocrx_word' id='word_1_443' title='bbox 955 3103 1137 3137; x_wconf 86' lang='lat' dir='ltr'>docuerint</span> <span class='ocrx_word' id='word_1_444' title='bbox 1155 3103 1369 3146; x_wconf 85' lang='lat' dir='ltr'>theologiam</span> <span class='ocrx_word' id='word_1_445' title='bbox 1391 3101 1540 3145; x_wconf 86' lang='lat' dir='ltr'>(Paulus</span> <span class='ocrx_word' id='word_1_446' title='bbox 1559 3100 1769 3134; x_wconf 68' lang='lat' dir='ltr'>Altdorfer‘?</span> <span class='ocrx_word' id='word_1_447' title='bbox 1804 3101 1961 3135; x_wconf 83' lang='lat' dir='ltr'>Christo-</span> 
     </span>
     <span class='ocr_line' id='line_1_49' title="bbox 227 3149 1360 3200; baseline 0.007 -19"><span class='ocrx_word' id='word_1_448' title='bbox 227 3149 357 3194; x_wconf 89' lang='lat' dir='ltr'>phorus</span> <span class='ocrx_word' id='word_1_449' title='bbox 384 3149 562 3186; x_wconf 72' lang='lat' dir='ltr'>Caseanus</span> <span class='ocrx_word' id='word_1_450' title='bbox 573 3154 606 3195; x_wconf 83' lang='lat'>‘?)</span> <span class='ocrx_word' id='word_1_451' title='bbox 637 3157 670 3187; x_wconf 91' lang='lat' dir='ltr'>et</span> <span class='ocrx_word' id='word_1_452' title='bbox 697 3155 965 3200; x_wconf 87' lang='lat' dir='ltr'>philosophiam,</span> <span class='ocrx_word' id='word_1_453' title='bbox 991 3157 1107 3190; x_wconf 86' lang='lat' dir='ltr'>minus</span> <span class='ocrx_word' id='word_1_454' title='bbox 1134 3158 1268 3189; x_wconf 86' lang='lat' dir='ltr'>certum</span> <span class='ocrx_word' id='word_1_455' title='bbox 1296 3158 1360 3189; x_wconf 85' lang='lat' dir='ltr'>est.</span> 
     </span>
    </p>
   </div>
  </div>
 </body>
</html>
