<?xml version="1.0" encoding="UTF-8"?>
<!DOCTYPE html PUBLIC "-//W3C//DTD XHTML 1.0 Transitional//EN"
    "http://www.w3.org/TR/xhtml1/DTD/xhtml1-transitional.dtd">
<html xmlns="http://www.w3.org/1999/xhtml" xml:lang="en" lang="en">
 <head>
  <title>
</title>
<meta http-equiv="Content-Type" content="text/html;charset=utf-8" />
  <meta name='ocr-system' content='tesseract 3.04.00' />
  <meta name='ocr-capabilities' content='ocr_page ocr_carea ocr_par ocr_line ocrx_word'/>
</head>
<body>
  <div class='ocr_page' id='page_1' title='image "beatipetricanisi05cani_0875.png"; bbox 0 0 2045 3471; ppageno 0'>
   <div class='ocr_carea' id='block_1_1' title="bbox 394 201 1831 260">
    <p class='ocr_par' dir='ltr' id='par_1_1' title="bbox 394 201 1831 260">
     <span class='ocr_line' id='line_1_1' title="bbox 394 201 1831 260; baseline 0.012 -25"><span class='ocrx_word' id='word_1_1' title='bbox 394 201 488 236; x_wconf 88' lang='lat' dir='ltr'>Mon.</span> <span class='ocrx_word' id='word_1_2' title='bbox 508 202 574 237; x_wconf 81' lang='lat'>851</span> <span class='ocrx_word' id='word_1_3' title='bbox 602 203 681 238; x_wconf 82' lang='lat' dir='ltr'>sive</span> <span class='ocrx_word' id='word_1_4' title='bbox 709 205 782 240; x_wconf 83' lang='lat' dir='ltr'>wis.</span> <span class='ocrx_word' id='word_1_5' title='bbox 805 205 870 249; x_wconf 89' lang='lat'><strong>(4).</strong></span> <span class='ocrx_word' id='word_1_6' title='bbox 914 208 944 240; x_wconf 95' lang='lat' dir='ltr'><strong>A</strong></span> <span class='ocrx_word' id='word_1_7' title='bbox 972 219 1017 242; x_wconf 90' lang='lat' dir='ltr'>m.</span> <span class='ocrx_word' id='word_1_8' title='bbox 1036 209 1150 253; x_wconf 82' lang='lat' dir='ltr'>Aprili</span> <span class='ocrx_word' id='word_1_9' title='bbox 1177 210 1221 244; x_wconf 90' lang='lat' dir='ltr'>ad</span> <span class='ocrx_word' id='word_1_10' title='bbox 1240 211 1381 246; x_wconf 89' lang='lat' dir='ltr'>Iunium</span> <span class='ocrx_word' id='word_1_11' title='bbox 1403 213 1504 248; x_wconf 82' lang='grc'><strong>1567.</strong></span> <span class='ocrx_word' id='word_1_12' title='bbox 1750 219 1831 260; x_wconf 78' lang='grc'>787</span> 
     </span>
    </p>
   </div>
   <div class='ocr_carea' id='block_1_2' title="bbox 65 317 1832 908">
    <p class='ocr_par' dir='ltr' id='par_1_2' title="bbox 65 317 1832 908">
     <span class='ocr_line' id='line_1_2' title="bbox 70 317 1832 383; baseline 0.011 -25"><span class='ocrx_word' id='word_1_13' title='bbox 70 317 335 361; x_wconf 87' lang='lat' dir='ltr'>Catholicam</span> <span class='ocrx_word' id='word_1_14' title='bbox 378 320 503 362; x_wconf 89' lang='lat' dir='ltr'>fidem</span> <span class='ocrx_word' id='word_1_15' title='bbox 536 322 771 365; x_wconf 86' lang='lat' dir='ltr'>meditatus</span> <span class='ocrx_word' id='word_1_16' title='bbox 803 324 970 376; x_wconf 87' lang='lat' dir='ltr'>fuisset,</span> <span class='ocrx_word' id='word_1_17' title='bbox 1014 330 1183 370; x_wconf 86' lang='lat' dir='ltr'>erectus</span> <span class='ocrx_word' id='word_1_18' title='bbox 1216 332 1346 383; x_wconf 87' lang='lat' dir='ltr'>atque</span> <span class='ocrx_word' id='word_1_19' title='bbox 1379 333 1671 378; x_wconf 83' lang='lat' dir='ltr'>confirmatus,</span> <span class='ocrx_word' id='word_1_20' title='bbox 1734 336 1832 378; x_wconf 83' lang='lat' dir='ltr'>Jta-</span> 
     </span>
     <span class='ocr_line' id='line_1_3' title="bbox 70 383 1831 444; baseline 0.011 -21"><span class='ocrx_word' id='word_1_21' title='bbox 70 396 152 435; x_wconf 87' lang='lat' dir='ltr'>que</span> <span class='ocrx_word' id='word_1_22' title='bbox 185 386 229 425; x_wconf 89' lang='lat' dir='ltr'>et</span> <span class='ocrx_word' id='word_1_23' title='bbox 260 383 296 425; x_wconf 88' lang='lat' dir='ltr'>is</span> <span class='ocrx_word' id='word_1_24' title='bbox 329 399 414 427; x_wconf 91' lang='lat' dir='ltr'>non</span> <span class='ocrx_word' id='word_1_25' title='bbox 446 387 582 430; x_wconf 88' lang='lat' dir='ltr'>multo</span> <span class='ocrx_word' id='word_1_26' title='bbox 605 390 703 442; x_wconf 85' lang='lat' dir='ltr'>post</span> <span class='ocrx_word' id='word_1_27' title='bbox 725 388 944 443; x_wconf 86' lang='lat' dir='ltr'>Dilingam</span> <span class='ocrx_word' id='word_1_28' title='bbox 968 391 1159 443; x_wconf 87' lang='lat' dir='ltr'>veniens,</span> <span class='ocrx_word' id='word_1_29' title='bbox 1192 393 1312 437; x_wconf 87' lang='lat' dir='ltr'>facta</span> <span class='ocrx_word' id='word_1_30' title='bbox 1335 396 1433 438; x_wconf 89' lang='lat' dir='ltr'>fidei</span> <span class='ocrx_word' id='word_1_31' title='bbox 1454 396 1579 440; x_wconf 82' lang='lat' dir='ltr'>iuxta</span> <span class='ocrx_word' id='word_1_32' title='bbox 1601 399 1831 444; x_wconf 83' lang='lat' dir='ltr'>formulam</span> 
     </span>
     <span class='ocr_line' id='line_1_4' title="bbox 69 447 1832 520; baseline 0.011 -33"><span class='ocrx_word' id='word_1_33' title='bbox 69 460 95 488; x_wconf 89' lang='lat' dir='ltr'>a</span> <span class='ocrx_word' id='word_1_34' title='bbox 136 447 211 489; x_wconf 90' lang='lat' dir='ltr'>Pio</span> <span class='ocrx_word' id='word_1_35' title='bbox 253 449 350 493; x_wconf 89' lang='grc' dir='ltr'><strong>ΙΠΙ.</strong></span> <span class='ocrx_word' id='word_1_36' title='bbox 385 450 510 494; x_wconf 87' lang='lat' dir='ltr'>Pont.</span> <span class='ocrx_word' id='word_1_37' title='bbox 544 452 662 495; x_wconf 83' lang='lat' dir='ltr'>Max.</span> <span class='ocrx_word' id='word_1_38' title='bbox 696 454 1033 509; x_wconf 75' lang='lat' dir='ltr'>praescriptam,</span> <span class='ocrx_word' id='word_1_39' title='bbox 1078 458 1347 511; x_wconf 83' lang='lat' dir='ltr'>professione</span> <span class='ocrx_word' id='word_1_40' title='bbox 1381 476 1389 501; x_wconf 90' lang='lat'>:</span> <span class='ocrx_word' id='word_1_41' title='bbox 1421 463 1615 513; x_wconf 84' lang='lat' dir='ltr'>generali</span> <span class='ocrx_word' id='word_1_42' title='bbox 1656 464 1832 520; x_wconf 79' lang='lat' dir='ltr'>insuper</span> 
     </span>
     <span class='ocr_line' id='line_1_5' title="bbox 68 515 1829 583; baseline 0.011 -31"><span class='ocrx_word' id='word_1_43' title='bbox 68 515 345 564; x_wconf 88' lang='lat' dir='ltr'>peccatorum</span> <span class='ocrx_word' id='word_1_44' title='bbox 376 516 658 567; x_wconf 77' lang='lat' dir='ltr'>confessione,</span> <span class='ocrx_word' id='word_1_45' title='bbox 694 519 747 560; x_wconf 91' lang='lat' dir='ltr'>ab</span> <span class='ocrx_word' id='word_1_46' title='bbox 771 521 1228 565; x_wconf 78' lang='lat' dir='ltr'>excommunicationis</span> <span class='ocrx_word' id='word_1_47' title='bbox 1250 524 1404 577; x_wconf 89' lang='lat' dir='ltr'>laqueo</span> <span class='ocrx_word' id='word_1_48' title='bbox 1428 527 1586 570; x_wconf 90' lang='lat' dir='ltr'>meruit</span> <span class='ocrx_word' id='word_1_49' title='bbox 1608 530 1829 583; x_wconf 83' lang='lat' dir='ltr'>explicari,</span> 
     </span>
     <span class='ocr_line' id='line_1_6' title="bbox 68 576 1830 647; baseline 0.011 -29"><span class='ocrx_word' id='word_1_50' title='bbox 68 578 112 618; x_wconf 90' lang='lat' dir='ltr'>et</span> <span class='ocrx_word' id='word_1_51' title='bbox 144 576 392 621; x_wconf 78' lang='lat' dir='ltr'>Catholicae</span> <span class='ocrx_word' id='word_1_52' title='bbox 425 582 713 624; x_wconf 88' lang='lat' dir='ltr'>communioni</span> <span class='ocrx_word' id='word_1_53' title='bbox 751 584 936 639; x_wconf 84' lang='lat' dir='ltr'>restituj.</span> <span class='ocrx_word' id='word_1_54' title='bbox 1000 585 1233 641; x_wconf 70' lang='lat' dir='ltr'>Abdicauit</span> <span class='ocrx_word' id='word_1_55' title='bbox 1273 603 1442 643; x_wconf 87' lang='lat' dir='ltr'>quoque</span> <span class='ocrx_word' id='word_1_56' title='bbox 1474 606 1521 634; x_wconf 88' lang='lat' dir='ltr'>se</span> <span class='ocrx_word' id='word_1_57' title='bbox 1561 594 1830 647; x_wconf 84' lang='lat' dir='ltr'>professione</span> 
     </span>
     <span class='ocr_line' id='line_1_7' title="bbox 66 641 1829 713; baseline 0.012 -31"><span class='ocrx_word' id='word_1_58' title='bbox 66 641 246 692; x_wconf 90' lang='lat' dir='ltr'>medica,</span> <span class='ocrx_word' id='word_1_59' title='bbox 281 645 412 697; x_wconf 87' lang='lat' dir='ltr'>atque</span> <span class='ocrx_word' id='word_1_60' title='bbox 443 645 705 699; x_wconf 80' lang='lat' dir='ltr'>posthabitis</span> <span class='ocrx_word' id='word_1_61' title='bbox 738 649 934 691; x_wconf 89' lang='lat' dir='ltr'>omnibus</span> <span class='ocrx_word' id='word_1_62' title='bbox 967 653 1200 694; x_wconf 90' lang='lat' dir='ltr'>commodis</span> <span class='ocrx_word' id='word_1_63' title='bbox 1223 654 1324 705; x_wconf 85' lang='lat' dir='ltr'>suis,</span> <span class='ocrx_word' id='word_1_64' title='bbox 1358 656 1527 707; x_wconf 82' lang='lat' dir='ltr'>statuit,</span> <span class='ocrx_word' id='word_1_65' title='bbox 1561 658 1829 713; x_wconf 89' lang='lat' dir='ltr'>inposterum</span> 
     </span>
     <span class='ocr_line' id='line_1_8' title="bbox 67 708 1828 778; baseline 0.012 -31"><span class='ocrx_word' id='word_1_66' title='bbox 67 720 113 748; x_wconf 91' lang='lat' dir='ltr'>se</span> <span class='ocrx_word' id='word_1_67' title='bbox 154 709 294 749; x_wconf 90' lang='lat' dir='ltr'>totum</span> <span class='ocrx_word' id='word_1_68' title='bbox 336 708 504 752; x_wconf 89' lang='lat' dir='ltr'>Christo</span> <span class='ocrx_word' id='word_1_69' title='bbox 547 725 816 756; x_wconf 88' lang='lat' dir='ltr'>consecrare.</span> <span class='ocrx_word' id='word_1_70' title='bbox 881 715 1012 756; x_wconf 90' lang='lat' dir='ltr'>Filios</span> <span class='ocrx_word' id='word_1_71' title='bbox 1056 717 1193 760; x_wconf 90' lang='lat' dir='ltr'>mittit</span> <span class='ocrx_word' id='word_1_72' title='bbox 1234 718 1453 773; x_wconf 83' lang='lat' dir='ltr'>Dilingam</span> <span class='ocrx_word' id='word_1_73' title='bbox 1495 722 1549 764; x_wconf 92' lang='lat' dir='ltr'>ad</span> <span class='ocrx_word' id='word_1_74' title='bbox 1591 723 1828 778; x_wconf 81' lang='lat' dir='ltr'>Collegium</span> 
     </span>
     <span class='ocr_line' id='line_1_9' title="bbox 65 774 1827 836; baseline 0.012 -24"><span class='ocrx_word' id='word_1_75' title='bbox 65 774 311 814; x_wconf 84' lang='lat' dir='ltr'>nostrorum</span> <span class='ocrx_word' id='word_1_76' title='bbox 345 774 688 827; x_wconf 84' lang='lat' dir='ltr'>Conuictorum¹‚</span> <span class='ocrx_word' id='word_1_77' title='bbox 732 777 774 820; x_wconf 92' lang='lat' dir='ltr'>in</span> <span class='ocrx_word' id='word_1_78' title='bbox 817 793 900 832; x_wconf 91' lang='lat' dir='ltr'>quo</span> <span class='ocrx_word' id='word_1_79' title='bbox 934 795 989 822; x_wconf 84' lang='lat' dir='ltr'>ex</span> <span class='ocrx_word' id='word_1_80' title='bbox 1020 782 1207 836; x_wconf 87' lang='lat' dir='ltr'>propriis</span> <span class='ocrx_word' id='word_1_81' title='bbox 1249 784 1384 835; x_wconf 84' lang='lat' dir='ltr'>bonis,</span> <span class='ocrx_word' id='word_1_82' title='bbox 1418 789 1466 829; x_wconf 92' lang='lat' dir='ltr'>vt</span> <span class='ocrx_word' id='word_1_83' title='bbox 1499 790 1566 830; x_wconf 87' lang='lat' dir='ltr'>est</span> <span class='ocrx_word' id='word_1_84' title='bbox 1596 788 1722 832; x_wconf 90' lang='lat' dir='ltr'>homo</span> <span class='ocrx_word' id='word_1_85' title='bbox 1764 791 1827 832; x_wconf 94' lang='lat' dir='ltr'>lo-</span> 
     </span>
     <span class='ocr_line' id='line_1_10' title="bbox 68 837 1673 908; baseline 0.012 -31"><span class='ocrx_word' id='word_1_86' title='bbox 68 837 227 891; x_wconf 49' lang='lat' dir='ltr'>cuples</span> <span class='ocrx_word' id='word_1_87' title='bbox 262 838 523 893; x_wconf 85' lang='lat' dir='ltr'>stipendium</span> <span class='ocrx_word' id='word_1_88' title='bbox 556 855 602 883; x_wconf 90' lang='lat' dir='ltr'>se</span> <span class='ocrx_word' id='word_1_89' title='bbox 635 842 707 883; x_wconf 88' lang='lat' dir='ltr'>vni</span> <span class='ocrx_word' id='word_1_90' title='bbox 741 845 785 885; x_wconf 90' lang='lat' dir='ltr'>et</span> <span class='ocrx_word' id='word_1_91' title='bbox 817 845 944 886; x_wconf 83' lang='lat' dir='ltr'>alteri</span> <span class='ocrx_word' id='word_1_92' title='bbox 977 846 1149 888; x_wconf 89' lang='lat' dir='ltr'>alumno</span> <span class='ocrx_word' id='word_1_93' title='bbox 1183 848 1464 892; x_wconf 88' lang='lat' dir='ltr'>fundaturum</span> <span class='ocrx_word' id='word_1_94' title='bbox 1497 853 1673 908; x_wconf 87' lang='lat' dir='ltr'>recepit.</span> 
     </span>
    </p>
   </div>
   <div class='ocr_carea' id='block_1_3' title="bbox 59 924 1827 1623">
    <p class='ocr_par' dir='ltr' id='par_1_3' title="bbox 64 924 1827 1089">
     <span class='ocr_line' id='line_1_11' title="bbox 184 924 1827 979; baseline 0.012 -22"><span class='ocrx_word' id='word_1_95' title='bbox 184 924 239 957; x_wconf 82' lang='lat' dir='ltr'>Ex</span> <span class='ocrx_word' id='word_1_96' title='bbox 267 924 333 959; x_wconf 88' lang='lat' dir='ltr'>hac</span> <span class='ocrx_word' id='word_1_97' title='bbox 359 925 532 961; x_wconf 81' lang='lat' dir='ltr'>relatione</span> <span class='ocrx_word' id='word_1_98' title='bbox 560 928 782 972; x_wconf 86' lang='lat' dir='ltr'>intellegitur</span> <span class='ocrx_word' id='word_1_99' title='bbox 801 932 985 965; x_wconf 74' lang='lat' dir='ltr'>Andream</span> <span class='ocrx_word' id='word_1_100' title='bbox 1008 933 1101 966; x_wconf 70' lang='lat' dir='ltr'>Rie&#39;ss</span> <span class='ocrx_word' id='word_1_101' title='bbox 1126 933 1266 979; x_wconf 85' lang='lat' dir='ltr'>lapsum</span> <span class='ocrx_word' id='word_1_102' title='bbox 1293 947 1383 978; x_wconf 87' lang='lat' dir='ltr'>esse,</span> <span class='ocrx_word' id='word_1_103' title='bbox 1411 949 1491 973; x_wconf 84' lang='lat' dir='ltr'>cum</span> <span class='ocrx_word' id='word_1_104' title='bbox 1517 940 1710 975; x_wconf 82' lang='lat' dir='ltr'>scriberet:</span> <span class='ocrx_word' id='word_1_105' title='bbox 1739 941 1827 976; x_wconf 90' lang='lat' dir='ltr'>Cum</span> 
     </span>
     <span class='ocr_line' id='line_1_12' title="bbox 65 974 1825 1034; baseline 0.013 -26"><span class='ocrx_word' id='word_1_106' title='bbox 65 974 233 1010; x_wconf 90' lang='lat' dir='ltr'>Udalrico</span> <span class='ocrx_word' id='word_1_107' title='bbox 259 977 320 1013; x_wconf 89' lang='lat' dir='ltr'>IV.</span> <span class='ocrx_word' id='word_1_108' title='bbox 347 979 477 1013; x_wconf 81' lang='lat' dir='ltr'>comite</span> <span class='ocrx_word' id='word_1_109' title='bbox 503 980 547 1014; x_wconf 85' lang='lat' dir='ltr'>ab</span> <span class='ocrx_word' id='word_1_110' title='bbox 574 981 802 1016; x_wconf 86' lang='lat' dir='ltr'>Helfenstein</span> <span class='ocrx_word' id='word_1_111' title='bbox 830 984 1038 1019; x_wconf 87' lang='lat' dir='ltr'>Udalricum</span> <span class='ocrx_word' id='word_1_112' title='bbox 1066 985 1108 1020; x_wconf 90' lang='lat' dir='ltr'>V.</span> <span class='ocrx_word' id='word_1_113' title='bbox 1146 990 1182 1021; x_wconf 88' lang='lat' dir='ltr'>et</span> <span class='ocrx_word' id='word_1_114' title='bbox 1207 988 1436 1034; x_wconf 87' lang='lat' dir='ltr'>Rudolphum</span> <span class='ocrx_word' id='word_1_115' title='bbox 1462 992 1555 1026; x_wconf 80' lang='lat' dir='ltr'>filios</span> <span class='ocrx_word' id='word_1_116' title='bbox 1582 1005 1627 1027; x_wconf 88' lang='lat' dir='ltr'>ex</span> <span class='ocrx_word' id='word_1_117' title='bbox 1653 994 1825 1030; x_wconf 84' lang='lat' dir='ltr'>Luthera-</span> 
     </span>
     <span class='ocr_line' id='line_1_13' title="bbox 64 1029 1824 1089; baseline 0.012 -27"><span class='ocrx_word' id='word_1_118' title='bbox 64 1029 179 1063; x_wconf 87' lang='lat' dir='ltr'>nismo</span> <span class='ocrx_word' id='word_1_119' title='bbox 206 1030 250 1064; x_wconf 88' lang='lat' dir='ltr'>ad</span> <span class='ocrx_word' id='word_1_120' title='bbox 277 1031 466 1066; x_wconf 84' lang='lat' dir='ltr'>ecclesiam</span> <span class='ocrx_word' id='word_1_121' title='bbox 493 1034 709 1069; x_wconf 79' lang='lat' dir='ltr'>catholicam</span> <span class='ocrx_word' id='word_1_122' title='bbox 735 1036 871 1071; x_wconf 86' lang='lat' dir='ltr'>redisse</span> <span class='ocrx_word' id='word_1_123' title='bbox 900 1037 939 1081; x_wconf 89' lang='lat' dir='ltr'>(l.</span> <span class='ocrx_word' id='word_1_124' title='bbox 959 1050 986 1072; x_wconf 87' lang='lat' dir='ltr'>c.</span> <span class='ocrx_word' id='word_1_125' title='bbox 1009 1039 1165 1083; x_wconf 81' lang='lat'><strong>11516);</strong></span> <span class='ocrx_word' id='word_1_126' title='bbox 1194 1040 1229 1074; x_wconf 90' lang='lat' dir='ltr'>hi</span> <span class='ocrx_word' id='word_1_127' title='bbox 1257 1042 1325 1076; x_wconf 90' lang='lat' dir='ltr'>duo</span> <span class='ocrx_word' id='word_1_128' title='bbox 1351 1054 1493 1089; x_wconf 86' lang='lat' dir='ltr'>semper</span> <span class='ocrx_word' id='word_1_129' title='bbox 1519 1046 1686 1082; x_wconf 83' lang='lat' dir='ltr'>catholici</span> <span class='ocrx_word' id='word_1_130' title='bbox 1712 1053 1824 1084; x_wconf 83' lang='lat' dir='ltr'>erant.</span> 
     </span>
    </p>

    <p class='ocr_par' dir='ltr' id='par_1_4' title="bbox 59 1083 1826 1623">
     <span class='ocr_line' id='line_1_14' title="bbox 183 1083 1826 1145; baseline 0.012 -28"><span class='ocrx_word' id='word_1_131' title='bbox 183 1083 332 1118; x_wconf 84' lang='lat' dir='ltr'>Labitur</span> <span class='ocrx_word' id='word_1_132' title='bbox 357 1086 466 1119; x_wconf 87' lang='lat' dir='ltr'>etiam</span> <span class='ocrx_word' id='word_1_133' title='bbox 492 1086 598 1130; x_wconf 82' lang='lat' dir='ltr'>longe</span> <span class='ocrx_word' id='word_1_134' title='bbox 624 1089 740 1132; x_wconf 85' lang='lat' dir='ltr'>magis</span> <span class='ocrx_word' id='word_1_135' title='bbox 758 1091 944 1124; x_wconf 72' lang='lat' dir='ltr'>Martinus</span> <span class='ocrx_word' id='word_1_136' title='bbox 964 1093 1114 1126; x_wconf 65' lang='lat' dir='ltr'>Cras-ius</span> <span class='ocrx_word' id='word_1_137' title='bbox 1132 1094 1381 1130; x_wconf 86' lang='lat' dir='ltr'>universitatis</span> <span class='ocrx_word' id='word_1_138' title='bbox 1398 1098 1626 1142; x_wconf 86' lang='lat' dir='ltr'>tubingensis</span> <span class='ocrx_word' id='word_1_139' title='bbox 1643 1102 1826 1145; x_wconf 83' lang='lat' dir='ltr'>professor</span> 
     </span>
     <span class='ocr_line' id='line_1_15' title="bbox 64 1137 1824 1196; baseline 0.013 -28"><span class='ocrx_word' id='word_1_140' title='bbox 64 1137 100 1169; x_wconf 84' lang='lat' dir='ltr'>et</span> <span class='ocrx_word' id='word_1_141' title='bbox 126 1147 248 1170; x_wconf 89' lang='lat' dir='ltr'>eorum</span> <span class='ocrx_word' id='word_1_142' title='bbox 274 1146 474 1183; x_wconf 86' lang='lat' dir='ltr'>temporum</span> <span class='ocrx_word' id='word_1_143' title='bbox 502 1141 663 1184; x_wconf 87' lang='lat' dir='ltr'>aequalis</span> <span class='ocrx_word' id='word_1_144' title='bbox 694 1144 728 1183; x_wconf 80' lang='lat'>(†</span> <span class='ocrx_word' id='word_1_145' title='bbox 747 1143 866 1185; x_wconf 83' lang='lat'><strong>1607),</strong></span> <span class='ocrx_word' id='word_1_146' title='bbox 894 1156 974 1178; x_wconf 85' lang='lat' dir='ltr'>cum</span> <span class='ocrx_word' id='word_1_147' title='bbox 1000 1145 1035 1179; x_wconf 91' lang='lat' dir='ltr'>in</span> <span class='ocrx_word' id='word_1_148' title='bbox 1058 1147 1278 1188; x_wconf 81' lang='lat' dir='ltr'>„Annalibus</span> <span class='ocrx_word' id='word_1_149' title='bbox 1297 1148 1476 1185; x_wconf 80' lang='lat' dir='ltr'>Suebicis“</span> <span class='ocrx_word' id='word_1_150' title='bbox 1505 1152 1658 1196; x_wconf 90' lang='lat' dir='ltr'>primum</span> <span class='ocrx_word' id='word_1_151' title='bbox 1684 1166 1716 1190; x_wconf 86' lang='lat' dir='ltr'>a.</span> <span class='ocrx_word' id='word_1_152' title='bbox 1734 1156 1824 1190; x_wconf 84' lang='lat'>1593</span> 
     </span>
     <span class='ocr_line' id='line_1_16' title="bbox 63 1189 1824 1250; baseline 0.012 -28"><span class='ocrx_word' id='word_1_153' title='bbox 63 1189 208 1223; x_wconf 86' lang='lat' dir='ltr'>excusis</span> <span class='ocrx_word' id='word_1_154' title='bbox 234 1190 404 1233; x_wconf 82' lang='lat' dir='ltr'>affirmat,</span> <span class='ocrx_word' id='word_1_155' title='bbox 431 1193 638 1227; x_wconf 89' lang='lat' dir='ltr'>Udalricum</span> <span class='ocrx_word' id='word_1_156' title='bbox 675 1195 717 1229; x_wconf 85' lang='lat' dir='ltr'>ad</span> <span class='ocrx_word' id='word_1_157' title='bbox 755 1196 942 1231; x_wconf 84' lang='lat' dir='ltr'>ecclesiam</span> <span class='ocrx_word' id='word_1_158' title='bbox 978 1198 1190 1234; x_wconf 85' lang='lat' dir='ltr'>catholicam</span> <span class='ocrx_word' id='word_1_159' title='bbox 1227 1213 1266 1235; x_wconf 88' lang='lat' dir='ltr'>eo</span> <span class='ocrx_word' id='word_1_160' title='bbox 1301 1203 1486 1245; x_wconf 84' lang='lat' dir='ltr'>transisse,</span> <span class='ocrx_word' id='word_1_161' title='bbox 1522 1207 1616 1250; x_wconf 90' lang='lat' dir='ltr'>quod</span> <span class='ocrx_word' id='word_1_162' title='bbox 1647 1210 1824 1244; x_wconf 83' lang='lat' dir='ltr'>metueret</span> 
     </span>
     <span class='ocr_line' id='line_1_17' title="bbox 63 1241 1822 1304; baseline 0.012 -29"><span class='ocrx_word' id='word_1_163' title='bbox 63 1241 268 1287; x_wconf 89' lang='lat' dir='ltr'>Philippum</span> <span class='ocrx_word' id='word_1_164' title='bbox 296 1244 340 1279; x_wconf 89' lang='grc' dir='ltr'>ΙΙ.</span> <span class='ocrx_word' id='word_1_165' title='bbox 368 1245 564 1290; x_wconf 85' lang='lat' dir='ltr'>Hispaniae</span> <span class='ocrx_word' id='word_1_166' title='bbox 590 1259 711 1291; x_wconf 84' lang='lat' dir='ltr'>regem</span> <span class='ocrx_word' id='word_1_167' title='bbox 748 1251 783 1283; x_wconf 87' lang='lat' dir='ltr'>et</span> <span class='ocrx_word' id='word_1_168' title='bbox 810 1250 922 1284; x_wconf 86' lang='lat' dir='ltr'>diram</span> <span class='ocrx_word' id='word_1_169' title='bbox 949 1251 1089 1285; x_wconf 90' lang='lat' dir='ltr'>concilii</span> <span class='ocrx_word' id='word_1_170' title='bbox 1115 1253 1300 1288; x_wconf 85' lang='lat' dir='ltr'>tridentini</span> <span class='ocrx_word' id='word_1_171' title='bbox 1326 1257 1602 1301; x_wconf 84' lang='lat' dir='ltr'>exsecutionem,</span> <span class='ocrx_word' id='word_1_172' title='bbox 1640 1272 1746 1304; x_wconf 87' lang='lat' dir='ltr'>quam</span> <span class='ocrx_word' id='word_1_173' title='bbox 1772 1262 1822 1296; x_wconf 91' lang='lat' dir='ltr'>in-</span> 
     </span>
     <span class='ocr_line' id='line_1_18' title="bbox 61 1297 1824 1351; baseline 0.012 -23"><span class='ocrx_word' id='word_1_174' title='bbox 61 1297 159 1329; x_wconf 87' lang='lat' dir='ltr'>stare</span> <span class='ocrx_word' id='word_1_175' title='bbox 194 1298 330 1341; x_wconf 82' lang='lat' dir='ltr'>putarit</span> <span class='ocrx_word' id='word_1_176' title='bbox 359 1298 665 1339; x_wconf 69' lang='lat' dir='ltr'>(Crzcsms-llloser</span> <span class='ocrx_word' id='word_1_177' title='bbox 690 1301 713 1336; x_wconf 90' lang='lat' dir='ltr'>l.</span> <span class='ocrx_word' id='word_1_178' title='bbox 740 1314 769 1336; x_wconf 92' lang='lat' dir='ltr'>c.</span> <span class='ocrx_word' id='word_1_179' title='bbox 798 1302 921 1348; x_wconf 88' lang='lat' dir='ltr'>[supra</span> <span class='ocrx_word' id='word_1_180' title='bbox 946 1315 979 1348; x_wconf 88' lang='lat' dir='ltr'>p.</span> <span class='ocrx_word' id='word_1_181' title='bbox 1008 1305 1088 1348; x_wconf 76' lang='lat'><strong>318]</strong></span> <span class='ocrx_word' id='word_1_182' title='bbox 1119 1306 1151 1340; x_wconf 91' lang='grc' dir='ltr'>ΙΙ</span> <span class='ocrx_word' id='word_1_183' title='bbox 1177 1307 1275 1351; x_wconf 85' lang='grc'><strong>314).</strong></span> <span class='ocrx_word' id='word_1_184' title='bbox 1325 1309 1422 1343; x_wconf 85' lang='lat' dir='ltr'>Idem</span> <span class='ocrx_word' id='word_1_185' title='bbox 1449 1310 1576 1346; x_wconf 88' lang='lat' dir='ltr'>iisdem</span> <span class='ocrx_word' id='word_1_186' title='bbox 1602 1313 1678 1348; x_wconf 87' lang='lat' dir='ltr'>fere</span> <span class='ocrx_word' id='word_1_187' title='bbox 1704 1315 1824 1350; x_wconf 87' lang='lat' dir='ltr'>verbis</span> 
     </span>
     <span class='ocr_line' id='line_1_19' title="bbox 61 1349 1819 1410; baseline 0.013 -29"><span class='ocrx_word' id='word_1_188' title='bbox 61 1349 219 1383; x_wconf 83' lang='lat' dir='ltr'>affirmat</span> <span class='ocrx_word' id='word_1_189' title='bbox 253 1352 311 1385; x_wconf 86' lang='lat' dir='ltr'>Jo.</span> <span class='ocrx_word' id='word_1_190' title='bbox 338 1353 413 1386; x_wconf 80' lang='lat' dir='ltr'>Ulr.</span> <span class='ocrx_word' id='word_1_191' title='bbox 441 1354 662 1398; x_wconf 53' lang='lat' dir='ltr'>Preytzerux,</span> <span class='ocrx_word' id='word_1_192' title='bbox 701 1354 833 1390; x_wconf 84' lang='lat' dir='ltr'>Suevia</span> <span class='ocrx_word' id='word_1_193' title='bbox 872 1359 908 1390; x_wconf 91' lang='lat' dir='ltr'>et</span> <span class='ocrx_word' id='word_1_194' title='bbox 933 1357 1203 1403; x_wconf 85' lang='lat' dir='ltr'>Wirtenbergia</span> <span class='ocrx_word' id='word_1_195' title='bbox 1240 1372 1352 1403; x_wconf 86' lang='lat' dir='ltr'>sacra,</span> <span class='ocrx_word' id='word_1_196' title='bbox 1389 1363 1574 1409; x_wconf 85' lang='lat' dir='ltr'>Tubingae</span> <span class='ocrx_word' id='word_1_197' title='bbox 1603 1368 1703 1410; x_wconf 84' lang='lat'><strong>1717,</strong></span> <span class='ocrx_word' id='word_1_198' title='bbox 1743 1369 1819 1404; x_wconf 88' lang='grc'><strong>146.</strong></span> 
     </span>
     <span class='ocr_line' id='line_1_20' title="bbox 60 1403 1820 1464; baseline 0.013 -29"><span class='ocrx_word' id='word_1_199' title='bbox 60 1403 212 1436; x_wconf 77' lang='lat' dir='ltr'>Kerler:</span> <span class='ocrx_word' id='word_1_200' title='bbox 250 1403 341 1444; x_wconf 80' lang='lat' dir='ltr'>„Der</span> <span class='ocrx_word' id='word_1_201' title='bbox 368 1405 490 1447; x_wconf 79' lang='lat' dir='ltr'>Graf“,</span> <span class='ocrx_word' id='word_1_202' title='bbox 527 1407 654 1450; x_wconf 86' lang='lat' dir='ltr'>inquit,</span> <span class='ocrx_word' id='word_1_203' title='bbox 685 1409 838 1451; x_wconf 83' lang='lat' dir='ltr'>„wurde‚</span> <span class='ocrx_word' id='word_1_204' title='bbox 864 1421 985 1444; x_wconf 85' lang='lat' dir='ltr'>woran</span> <span class='ocrx_word' id='word_1_205' title='bbox 1011 1412 1111 1446; x_wconf 88' lang='lat' dir='ltr'>nicht</span> <span class='ocrx_word' id='word_1_206' title='bbox 1136 1425 1179 1447; x_wconf 86' lang='lat' dir='ltr'>zu</span> <span class='ocrx_word' id='word_1_207' title='bbox 1206 1415 1380 1457; x_wconf 88' lang='lat' dir='ltr'>zweifeln,</span> <span class='ocrx_word' id='word_1_208' title='bbox 1416 1417 1527 1452; x_wconf 83' lang='lat' dir='ltr'>durch</span> <span class='ocrx_word' id='word_1_209' title='bbox 1563 1419 1619 1453; x_wconf 90' lang='lat' dir='ltr'>die</span> <span class='ocrx_word' id='word_1_210' title='bbox 1646 1421 1820 1464; x_wconf 85' lang='lat' dir='ltr'>Jesuiten,</span> 
     </span>
     <span class='ocr_line' id='line_1_21' title="bbox 60 1456 1820 1510; baseline 0.012 -22"><span class='ocrx_word' id='word_1_211' title='bbox 60 1465 100 1488; x_wconf 88' lang='lat' dir='ltr'>so</span> <span class='ocrx_word' id='word_1_212' title='bbox 126 1456 288 1490; x_wconf 75' lang='lat' dir='ltr'>desselbe</span> <span class='ocrx_word' id='word_1_213' title='bbox 315 1469 357 1491; x_wconf 87' lang='lat' dir='ltr'>zu</span> <span class='ocrx_word' id='word_1_214' title='bbox 383 1459 459 1492; x_wconf 85' lang='lat' dir='ltr'>sich</span> <span class='ocrx_word' id='word_1_215' title='bbox 479 1459 657 1503; x_wconf 79' lang='lat' dir='ltr'>gelasse-n,</span> <span class='ocrx_word' id='word_1_216' title='bbox 684 1461 959 1506; x_wconf 65' lang='lat' dir='ltr'>hffltergangen,</span> <span class='ocrx_word' id='word_1_217' title='bbox 986 1465 1057 1498; x_wconf 89' lang='lat' dir='ltr'>und</span> <span class='ocrx_word' id='word_1_218' title='bbox 1077 1465 1140 1500; x_wconf 86' lang='lat' dir='ltr'>das</span> <span class='ocrx_word' id='word_1_219' title='bbox 1159 1466 1374 1502; x_wconf 85' lang='lat' dir='ltr'>Pabstthum</span> <span class='ocrx_word' id='word_1_220' title='bbox 1400 1469 1474 1504; x_wconf 89' lang='lat' dir='ltr'>ihm</span> <span class='ocrx_word' id='word_1_221' title='bbox 1500 1472 1535 1506; x_wconf 93' lang='lat' dir='ltr'>in</span> <span class='ocrx_word' id='word_1_222' title='bbox 1554 1473 1652 1506; x_wconf 87' lang='lat' dir='ltr'>einer</span> <span class='ocrx_word' id='word_1_223' title='bbox 1668 1474 1820 1510; x_wconf 87' lang='lat' dir='ltr'>mildern</span> 
     </span>
     <span class='ocr_line' id='line_1_22' title="bbox 61 1507 1819 1570; baseline 0.012 -29"><span class='ocrx_word' id='word_1_224' title='bbox 61 1507 204 1543; x_wconf 82' lang='lat' dir='ltr'>Gestalt</span> <span class='ocrx_word' id='word_1_225' title='bbox 230 1511 464 1554; x_wconf 65' lang='lat' dir='ltr'>vorgestellt²</span> <span class='ocrx_word' id='word_1_226' title='bbox 497 1512 534 1555; x_wconf 84' lang='lat' dir='ltr'>(l.</span> <span class='ocrx_word' id='word_1_227' title='bbox 563 1525 592 1547; x_wconf 90' lang='lat' dir='ltr'>c.</span> <span class='ocrx_word' id='word_1_228' title='bbox 622 1514 717 1557; x_wconf 89' lang='lat'><strong>146).</strong></span> <span class='ocrx_word' id='word_1_229' title='bbox 754 1515 806 1549; x_wconf 80' lang='lat' dir='ltr'>Ex</span> <span class='ocrx_word' id='word_1_230' title='bbox 834 1517 1073 1552; x_wconf 84' lang='lat' dir='ltr'>monumentis</span> <span class='ocrx_word' id='word_1_231' title='bbox 1100 1519 1203 1553; x_wconf 90' lang='lat' dir='ltr'>modo</span> <span class='ocrx_word' id='word_1_232' title='bbox 1230 1521 1421 1566; x_wconf 86' lang='lat' dir='ltr'>propositis</span> <span class='ocrx_word' id='word_1_233' title='bbox 1447 1524 1554 1558; x_wconf 87' lang='lat' dir='ltr'>facile</span> <span class='ocrx_word' id='word_1_234' title='bbox 1580 1528 1819 1570; x_wconf 83' lang='lat' dir='ltr'>cognoscitur,</span> 
     </span>
     <span class='ocr_line' id='line_1_23' title="bbox 59 1565 1817 1623; baseline 0.013 -29"><span class='ocrx_word' id='word_1_235' title='bbox 59 1573 165 1604; x_wconf 88' lang='lat' dir='ltr'>quam</span> <span class='ocrx_word' id='word_1_236' title='bbox 193 1574 260 1596; x_wconf 87' lang='lat' dir='ltr'>non</span> <span class='ocrx_word' id='word_1_237' title='bbox 288 1566 384 1598; x_wconf 91' lang='lat' dir='ltr'>recte</span> <span class='ocrx_word' id='word_1_238' title='bbox 410 1568 486 1599; x_wconf 88' lang='lat' dir='ltr'>tum</span> <span class='ocrx_word' id='word_1_239' title='bbox 513 1565 601 1600; x_wconf 88' lang='lat' dir='ltr'>haec</span> <span class='ocrx_word' id='word_1_240' title='bbox 619 1567 853 1610; x_wconf 83' lang='lat' dir='ltr'>affirmentur,</span> <span class='ocrx_word' id='word_1_241' title='bbox 880 1571 955 1603; x_wconf 90' lang='lat' dir='ltr'>tum</span> <span class='ocrx_word' id='word_1_242' title='bbox 974 1582 1026 1610; x_wconf 87' lang='lat' dir='ltr'>ea,</span> <span class='ocrx_word' id='word_1_243' title='bbox 1054 1582 1145 1615; x_wconf 89' lang='lat' dir='ltr'>quae</span> <span class='ocrx_word' id='word_1_244' title='bbox 1163 1572 1206 1606; x_wconf 89' lang='lat' dir='ltr'>de</span> <span class='ocrx_word' id='word_1_245' title='bbox 1221 1573 1380 1609; x_wconf 89' lang='lat' dir='ltr'>Udalrici</span> <span class='ocrx_word' id='word_1_246' title='bbox 1404 1578 1440 1610; x_wconf 90' lang='lat' dir='ltr'>et</span> <span class='ocrx_word' id='word_1_247' title='bbox 1454 1577 1817 1623; x_wconf 62' lang='lat' dir='ltr'>WVisensteigensium</span> 
     </span>
    </p>
   </div>
   <div class='ocr_carea' id='block_1_4' title="bbox 60 1615 1819 1712">
    <p class='ocr_par' dir='ltr' id='par_1_5' title="bbox 60 1615 1819 1712">
     <span class='ocr_line' id='line_1_24' title="bbox 60 1615 1819 1680; baseline 0.012 -32"><span class='ocrx_word' id='word_1_248' title='bbox 60 1615 103 1648; x_wconf 86' lang='lat' dir='ltr'>ad</span> <span class='ocrx_word' id='word_1_249' title='bbox 140 1616 329 1652; x_wconf 80' lang='lat' dir='ltr'>ecclesiam</span> <span class='ocrx_word' id='word_1_250' title='bbox 366 1618 579 1653; x_wconf 83' lang='lat' dir='ltr'>catholicam</span> <span class='ocrx_word' id='word_1_251' title='bbox 614 1621 841 1656; x_wconf 88' lang='lat' dir='ltr'>reductorum</span> <span class='ocrx_word' id='word_1_252' title='bbox 876 1623 1074 1658; x_wconf 89' lang='lat' dir='ltr'>rationibus</span> <span class='ocrx_word' id='word_1_253' title='bbox 1108 1626 1254 1671; x_wconf 88' lang='lat' dir='ltr'>scripsit</span> <span class='ocrx_word' id='word_1_254' title='bbox 1280 1629 1380 1662; x_wconf 71' lang='lat' dir='ltr'>Rich.</span> <span class='ocrx_word' id='word_1_255' title='bbox 1408 1631 1569 1674; x_wconf 53' lang='lat' dir='ltr'>Dt&#39;ppem·</span> <span class='ocrx_word' id='word_1_256' title='bbox 1602 1633 1684 1667; x_wconf 87' lang='lat' dir='ltr'>vide</span> <span class='ocrx_word' id='word_1_257' title='bbox 1709 1645 1819 1680; x_wconf 85' lang='lat' dir='ltr'>supra</span> 
     </span>
     <span class='ocr_line' id='line_1_25' title="bbox 60 1669 201 1712; baseline 0.021 -12"><span class='ocrx_word' id='word_1_258' title='bbox 60 1679 93 1712; x_wconf 84' lang='lat' dir='ltr'>p.</span> <span class='ocrx_word' id='word_1_259' title='bbox 122 1669 201 1703; x_wconf 76' lang='lat'>322.</span> 
     </span>
    </p>
   </div>
   <div class='ocr_carea' id='block_1_5' title="bbox 62 1784 1197 1838">
    <p class='ocr_par' dir='ltr' id='par_1_6' title="bbox 62 1784 1197 1838">
     <span class='ocr_line' id='line_1_26' title="bbox 62 1784 1197 1838; baseline 0.01 -18"><span class='ocrx_word' id='word_1_260' title='bbox 62 1784 160 1821; x_wconf 78' lang='lat'>851</span> <span class='ocrx_word' id='word_1_261' title='bbox 188 1787 266 1822; x_wconf 81' lang='lat' dir='ltr'>sive</span> <span class='ocrx_word' id='word_1_262' title='bbox 294 1787 406 1824; x_wconf 70' lang='lat' dir='ltr'>wis.</span> <span class='ocrx_word' id='word_1_263' title='bbox 429 1788 527 1834; x_wconf 77' lang='lat'>(4).</span> <span class='ocrx_word' id='word_1_264' title='bbox 602 1790 629 1825; x_wconf 79' lang='lat' dir='ltr'>A</span> <span class='ocrx_word' id='word_1_265' title='bbox 657 1801 701 1826; x_wconf 79' lang='lat' dir='ltr'>ni.</span> <span class='ocrx_word' id='word_1_266' title='bbox 721 1791 841 1838; x_wconf 77' lang='lat' dir='ltr'>Aprili</span> <span class='ocrx_word' id='word_1_267' title='bbox 868 1792 913 1829; x_wconf 82' lang='lat' dir='ltr'>ad</span> <span class='ocrx_word' id='word_1_268' title='bbox 939 1793 1080 1830; x_wconf 85' lang='lat' dir='ltr'>Iunium</span> <span class='ocrx_word' id='word_1_269' title='bbox 1107 1794 1197 1832; x_wconf 79' lang='grc'><strong>1567.</strong></span> 
     </span>
    </p>
   </div>
   <div class='ocr_carea' id='block_1_6' title="bbox 54 1857 1814 2333">
    <p class='ocr_par' dir='ltr' id='par_1_7' title="bbox 54 1857 1814 2333">
     <span class='ocr_line' id='line_1_27' title="bbox 178 1857 1814 1912; baseline 0.013 -21"><span class='ocrx_word' id='word_1_270' title='bbox 178 1857 234 1892; x_wconf 73' lang='lat' dir='ltr'>Ex</span> <span class='ocrx_word' id='word_1_271' title='bbox 260 1859 466 1904; x_wconf 83' lang='lat' dir='ltr'>apographo</span> <span class='ocrx_word' id='word_1_272' title='bbox 503 1861 660 1895; x_wconf 86' lang='lat' dir='ltr'>eiusdem</span> <span class='ocrx_word' id='word_1_273' title='bbox 698 1863 772 1897; x_wconf 88' lang='lat' dir='ltr'>fere</span> <span class='ocrx_word' id='word_1_274' title='bbox 807 1866 979 1909; x_wconf 86' lang='lat' dir='ltr'>temporis</span> <span class='ocrx_word' id='word_1_275' title='bbox 1008 1865 1081 1910; x_wconf 84' lang='lat' dir='ltr'><strong>(A),</strong></span> <span class='ocrx_word' id='word_1_276' title='bbox 1118 1869 1209 1911; x_wconf 88' lang='lat' dir='ltr'>quod</span> <span class='ocrx_word' id='word_1_277' title='bbox 1246 1872 1367 1905; x_wconf 84' lang='lat' dir='ltr'>exstat</span> <span class='ocrx_word' id='word_1_278' title='bbox 1393 1870 1587 1908; x_wconf 87' lang='lat' dir='ltr'>Cracoviae</span> <span class='ocrx_word' id='word_1_279' title='bbox 1621 1875 1657 1909; x_wconf 90' lang='lat' dir='ltr'>in</span> <span class='ocrx_word' id='word_1_280' title='bbox 1692 1887 1814 1912; x_wconf 86' lang='lat' dir='ltr'>museo</span> 
     </span>
     <span class='ocr_line' id='line_1_28' title="bbox 57 1911 1790 1973; baseline 0.012 -30"><span class='ocrx_word' id='word_1_281' title='bbox 57 1911 229 1955; x_wconf 89' lang='lat' dir='ltr'>principis</span> <span class='ocrx_word' id='word_1_282' title='bbox 250 1911 490 1957; x_wconf 80' lang='lat' dir='ltr'>Czartoryski,</span> <span class='ocrx_word' id='word_1_283' title='bbox 519 1914 601 1948; x_wconf 89' lang='lat' dir='ltr'>Cod.</span> <span class='ocrx_word' id='word_1_284' title='bbox 623 1916 726 1957; x_wconf 85' lang='grc'>16151</span> <span class='ocrx_word' id='word_1_285' title='bbox 754 1917 777 1951; x_wconf 90' lang='lat' dir='ltr'>f.</span> <span class='ocrx_word' id='word_1_286' title='bbox 798 1929 864 1950; x_wconf 91' lang='lat' dir='ltr'>non</span> <span class='ocrx_word' id='word_1_287' title='bbox 892 1918 983 1962; x_wconf 85' lang='lat' dir='ltr'>sign.</span> <span class='ocrx_word' id='word_1_288' title='bbox 1006 1919 1056 1962; x_wconf 92' lang='lat' dir='ltr'>(in</span> <span class='ocrx_word' id='word_1_289' title='bbox 1085 1921 1215 1955; x_wconf 90' lang='lat' dir='ltr'>codicis</span> <span class='ocrx_word' id='word_1_290' title='bbox 1241 1925 1344 1966; x_wconf 86' lang='lat' dir='ltr'>parte</span> <span class='ocrx_word' id='word_1_291' title='bbox 1371 1924 1495 1967; x_wconf 86' lang='lat' dir='ltr'>altera,</span> <span class='ocrx_word' id='word_1_292' title='bbox 1523 1930 1603 1971; x_wconf 82' lang='lat' dir='ltr'>post</span> <span class='ocrx_word' id='word_1_293' title='bbox 1620 1930 1790 1973; x_wconf 87' lang='lat' dir='ltr'>medium)</span> 
     </span>
     <span class='ocr_line' id='line_1_29' title="bbox 59 1964 1813 2028; baseline 0.013 -33"><span class='ocrx_word' id='word_1_294' title='bbox 59 1974 162 1997; x_wconf 85' lang='lat' dir='ltr'>manu</span> <span class='ocrx_word' id='word_1_295' title='bbox 192 1964 340 2008; x_wconf 88' lang='lat' dir='ltr'>antiqua</span> <span class='ocrx_word' id='word_1_296' title='bbox 375 1966 410 1999; x_wconf 90' lang='lat' dir='ltr'>in</span> <span class='ocrx_word' id='word_1_297' title='bbox 436 1978 575 2001; x_wconf 86' lang='lat' dir='ltr'>summa</span> <span class='ocrx_word' id='word_1_298' title='bbox 612 1968 686 2002; x_wconf 87' lang='lat' dir='ltr'>folii</span> <span class='ocrx_word' id='word_1_299' title='bbox 712 1972 814 2013; x_wconf 85' lang='lat' dir='ltr'>parte</span> <span class='ocrx_word' id='word_1_300' title='bbox 840 1973 1004 2005; x_wconf 89' lang='lat' dir='ltr'>notatum</span> <span class='ocrx_word' id='word_1_301' title='bbox 1031 1976 1086 2006; x_wconf 88' lang='lat' dir='ltr'>est</span> <span class='ocrx_word' id='word_1_302' title='bbox 1116 1974 1227 2015; x_wconf 82' lang='lat'>„1567</span> <span class='ocrx_word' id='word_1_303' title='bbox 1346 1977 1472 2013; x_wconf 80' lang='lat' dir='ltr'>Iunii“.</span> <span class='ocrx_word' id='word_1_304' title='bbox 1523 1980 1681 2016; x_wconf 83' lang='lat' dir='ltr'>Litterae</span> <span class='ocrx_word' id='word_1_305' title='bbox 1715 1984 1813 2028; x_wconf 80' lang='lat' dir='ltr'>typis</span> 
     </span>
     <span class='ocr_line' id='line_1_30' title="bbox 56 2018 1809 2080; baseline 0.013 -31"><span class='ocrx_word' id='word_1_306' title='bbox 56 2018 260 2061; x_wconf 85' lang='lat' dir='ltr'>exscriptae</span> <span class='ocrx_word' id='word_1_307' title='bbox 286 2020 371 2052; x_wconf 85' lang='lat' dir='ltr'>sunt</span> <span class='ocrx_word' id='word_1_308' title='bbox 391 2019 450 2061; x_wconf 78' lang='lat' dir='ltr'>(B)</span> <span class='ocrx_word' id='word_1_309' title='bbox 471 2020 548 2064; x_wconf 89' lang='lat' dir='ltr'>ipso</span> <span class='ocrx_word' id='word_1_310' title='bbox 574 2032 665 2055; x_wconf 91' lang='lat' dir='ltr'>anno</span> <span class='ocrx_word' id='word_1_311' title='bbox 694 2023 782 2057; x_wconf 84' lang='lat'>1567</span> <span class='ocrx_word' id='word_1_312' title='bbox 802 2023 1021 2069; x_wconf 88' lang='lat' dir='ltr'>Antverpiae</span> <span class='ocrx_word' id='word_1_313' title='bbox 1047 2026 1082 2059; x_wconf 92' lang='lat' dir='ltr'>in</span> <span class='ocrx_word' id='word_1_314' title='bbox 1105 2027 1385 2072; x_wconf 84' lang='lat' dir='ltr'>„Collectaneo“,</span> <span class='ocrx_word' id='word_1_315' title='bbox 1413 2033 1506 2075; x_wconf 90' lang='lat' dir='ltr'>quod</span> <span class='ocrx_word' id='word_1_316' title='bbox 1540 2045 1650 2078; x_wconf 88' lang='lat' dir='ltr'>supra</span> <span class='ocrx_word' id='word_1_317' title='bbox 1684 2048 1716 2080; x_wconf 90' lang='lat' dir='ltr'>p.</span> <span class='ocrx_word' id='word_1_318' title='bbox 1745 2037 1809 2071; x_wconf 81' lang='lat'>781</span> 
     </span>
     <span class='ocr_line' id='line_1_31' title="bbox 55 2069 1810 2127; baseline 0.013 -25"><span class='ocrx_word' id='word_1_319' title='bbox 55 2069 140 2109; x_wconf 79' lang='lat' dir='ltr'>dixi,</span> <span class='ocrx_word' id='word_1_320' title='bbox 177 2070 200 2104; x_wconf 90' lang='lat' dir='ltr'>f.</span> <span class='ocrx_word' id='word_1_321' title='bbox 221 2070 345 2104; x_wconf 63' lang='lat' dir='ltr'>Ch—(J</span> <span class='ocrx_word' id='word_1_322' title='bbox 368 2073 444 2112; x_wconf 73' lang='lat'>11¹³;</span> <span class='ocrx_word' id='word_1_323' title='bbox 482 2073 539 2106; x_wconf 88' lang='lat' dir='ltr'>ubi</span> <span class='ocrx_word' id='word_1_324' title='bbox 567 2074 617 2107; x_wconf 90' lang='lat' dir='ltr'>ita</span> <span class='ocrx_word' id='word_1_325' title='bbox 642 2078 726 2109; x_wconf 88' lang='lat' dir='ltr'>sunt</span> <span class='ocrx_word' id='word_1_326' title='bbox 753 2076 965 2121; x_wconf 87' lang='lat' dir='ltr'>inscriptae:</span> <span class='ocrx_word' id='word_1_327' title='bbox 1007 2079 1218 2121; x_wconf 82' lang='lat' dir='ltr'>„Cuiusdam</span> <span class='ocrx_word' id='word_1_328' title='bbox 1244 2082 1464 2127; x_wconf 83' lang='lat' dir='ltr'>Dilingensis</span> <span class='ocrx_word' id='word_1_329' title='bbox 1489 2085 1654 2122; x_wconf 85' lang='lat' dir='ltr'>Doctoris</span> <span class='ocrx_word' id='word_1_330' title='bbox 1680 2089 1722 2122; x_wconf 90' lang='lat' dir='ltr'>de</span> <span class='ocrx_word' id='word_1_331' title='bbox 1749 2090 1810 2124; x_wconf 89' lang='lat' dir='ltr'>Co-</span> 
     </span>
     <span class='ocr_line' id='line_1_32' title="bbox 55 2123 1811 2184; baseline 0.013 -29"><span class='ocrx_word' id='word_1_332' title='bbox 55 2123 152 2157; x_wconf 87' lang='lat' dir='ltr'>mitis</span> <span class='ocrx_word' id='word_1_333' title='bbox 179 2123 221 2156; x_wconf 80' lang='lat' dir='ltr'>ab</span> <span class='ocrx_word' id='word_1_334' title='bbox 250 2124 486 2159; x_wconf 82' lang='lat' dir='ltr'>Helffenstain</span> <span class='ocrx_word' id='word_1_335' title='bbox 523 2127 771 2172; x_wconf 84' lang='lat' dir='ltr'>resipiscentia</span> <span class='ocrx_word' id='word_1_336' title='bbox 798 2129 991 2174; x_wconf 81' lang='lat' dir='ltr'>Epistola“.</span> <span class='ocrx_word' id='word_1_337' title='bbox 1045 2132 1098 2166; x_wconf 82' lang='lat' dir='ltr'>Ex</span> <span class='ocrx_word' id='word_1_338' title='bbox 1129 2133 1395 2175; x_wconf 79' lang='lat' dir='ltr'>„Collectaneo“</span> <span class='ocrx_word' id='word_1_339' title='bbox 1433 2137 1574 2174; x_wconf 83' lang='lat' dir='ltr'>litteras</span> <span class='ocrx_word' id='word_1_340' title='bbox 1608 2143 1811 2184; x_wconf 82' lang='lat' dir='ltr'>germanice</span> 
     </span>
     <span class='ocr_line' id='line_1_33' title="bbox 57 2177 1810 2237; baseline 0.013 -29"><span class='ocrx_word' id='word_1_341' title='bbox 57 2177 165 2210; x_wconf 86' lang='lat' dir='ltr'>vertit</span> <span class='ocrx_word' id='word_1_342' title='bbox 183 2177 291 2210; x_wconf 67' lang='lat' dir='ltr'>Raess</span> <span class='ocrx_word' id='word_1_343' title='bbox 309 2177 329 2211; x_wconf 89' lang='lat' dir='ltr'>l.</span> <span class='ocrx_word' id='word_1_344' title='bbox 351 2190 380 2211; x_wconf 89' lang='lat' dir='ltr'>c.</span> <span class='ocrx_word' id='word_1_345' title='bbox 403 2178 648 2215; x_wconf 71' lang='lat'>11&#39;525-529.</span> <span class='ocrx_word' id='word_1_346' title='bbox 681 2181 820 2224; x_wconf 89' lang='lat' dir='ltr'>lisdem,</span> <span class='ocrx_word' id='word_1_347' title='bbox 848 2183 905 2217; x_wconf 89' lang='lat' dir='ltr'>vel</span> <span class='ocrx_word' id='word_1_348' title='bbox 932 2185 1051 2229; x_wconf 90' lang='lat' dir='ltr'>potius</span> <span class='ocrx_word' id='word_1_349' title='bbox 1074 2186 1339 2227; x_wconf 76' lang='lat' dir='ltr'>„Collectaneo“</span> <span class='ocrx_word' id='word_1_350' title='bbox 1364 2192 1466 2225; x_wconf 89' lang='lat' dir='ltr'>modo</span> <span class='ocrx_word' id='word_1_351' title='bbox 1494 2197 1697 2237; x_wconf 85' lang='lat' dir='ltr'>memorato,</span> <span class='ocrx_word' id='word_1_352' title='bbox 1724 2207 1810 2231; x_wconf 86' lang='lat' dir='ltr'>usus</span> 
     </span>
     <span class='ocr_line' id='line_1_34' title="bbox 54 2231 1810 2285; baseline 0.014 -24"><span class='ocrx_word' id='word_1_353' title='bbox 54 2232 110 2262; x_wconf 87' lang='lat' dir='ltr'>est</span> <span class='ocrx_word' id='word_1_354' title='bbox 137 2232 172 2262; x_wconf 88' lang='lat' dir='ltr'>et</span> <span class='ocrx_word' id='word_1_355' title='bbox 206 2231 388 2275; x_wconf 86' lang='lat' dir='ltr'>complura</span> <span class='ocrx_word' id='word_1_356' title='bbox 423 2243 468 2265; x_wconf 84' lang='lat' dir='ltr'>ex</span> <span class='ocrx_word' id='word_1_357' title='bbox 505 2245 544 2266; x_wconf 89' lang='lat' dir='ltr'>eo</span> <span class='ocrx_word' id='word_1_358' title='bbox 571 2234 614 2267; x_wconf 80' lang='lat' dir='ltr'>ad</span> <span class='ocrx_word' id='word_1_359' title='bbox 644 2235 790 2268; x_wconf 86' lang='lat' dir='ltr'>verbum</span> <span class='ocrx_word' id='word_1_360' title='bbox 827 2238 1005 2282; x_wconf 84' lang='lat' dir='ltr'>expressit</span> <span class='ocrx_word' id='word_1_361' title='bbox 1031 2240 1145 2273; x_wconf 77' lang='lat' dir='ltr'>Laur.</span> <span class='ocrx_word' id='word_1_362' title='bbox 1166 2242 1298 2275; x_wconf 68' lang='lat' dir='ltr'>San-ius</span> <span class='ocrx_word' id='word_1_363' title='bbox 1324 2242 1363 2277; x_wconf 93' lang='grc' dir='ltr'>Ο.</span> <span class='ocrx_word' id='word_1_364' title='bbox 1385 2243 1490 2285; x_wconf 62' lang='lat' dir='ltr'>Cart„</span> <span class='ocrx_word' id='word_1_365' title='bbox 1528 2246 1810 2285; x_wconf 77' lang='lat' dir='ltr'>Commentarius</span> 
     </span>
     <span class='ocr_line' id='line_1_35' title="bbox 54 2282 1143 2333; baseline 0.012 -19"><span class='ocrx_word' id='word_1_366' title='bbox 54 2282 176 2316; x_wconf 81' lang='lat' dir='ltr'>brevis</span> <span class='ocrx_word' id='word_1_367' title='bbox 202 2295 320 2317; x_wconf 86' lang='lat' dir='ltr'>rerum</span> <span class='ocrx_word' id='word_1_368' title='bbox 348 2284 381 2318; x_wconf 86' lang='lat' dir='ltr'>in</span> <span class='ocrx_word' id='word_1_369' title='bbox 409 2285 492 2318; x_wconf 85' lang='lat' dir='ltr'>orbe</span> <span class='ocrx_word' id='word_1_370' title='bbox 519 2290 714 2328; x_wconf 77' lang='lat' dir='ltr'>gestarum,</span> <span class='ocrx_word' id='word_1_371' title='bbox 742 2288 909 2324; x_wconf 88' lang='lat' dir='ltr'>Coloniae</span> <span class='ocrx_word' id='word_1_372' title='bbox 937 2292 1037 2333; x_wconf 75' lang='lat'>1568,</span> <span class='ocrx_word' id='word_1_373' title='bbox 1064 2294 1143 2327; x_wconf 81' lang='lat'>547.</span> 
     </span>
    </p>
   </div>
   <div class='ocr_carea' id='block_1_7' title="bbox 1807 1945 1814 1970">
    <p class='ocr_par' dir='ltr' id='par_1_8' title="bbox 1807 1945 1814 1970">
     <span class='ocr_line' id='line_1_36' title="bbox 1807 1945 1814 1970; baseline 0 0"><span class='ocrx_word' id='word_1_374' title='bbox 1807 1945 1814 1970; x_wconf 67' lang='grc' dir='ltr'><strong>ἓ</strong></span> 
     </span>
    </p>
   </div>
   <div class='ocr_carea' id='block_1_8' title="bbox 49 2360 1809 2775">
    <p class='ocr_par' dir='ltr' id='par_1_9' title="bbox 49 2360 1809 2775">
     <span class='ocr_line' id='line_1_37' title="bbox 178 2360 1809 2422; baseline 0.013 -29"><span class='ocrx_word' id='word_1_375' title='bbox 178 2360 295 2393; x_wconf 70' lang='lat' dir='ltr'>Comes·</span> <span class='ocrx_word' id='word_1_376' title='bbox 321 2362 364 2393; x_wconf 82' lang='lat' dir='ltr'>ab</span> <span class='ocrx_word' id='word_1_377' title='bbox 386 2362 613 2406; x_wconf 69' lang='lat' dir='ltr'>IIelfenstein,</span> <span class='ocrx_word' id='word_1_378' title='bbox 640 2376 787 2406; x_wconf 69' lang='lat' dir='ltr'>masmae</span> <span class='ocrx_word' id='word_1_379' title='bbox 813 2369 1037 2401; x_wconf 69' lang='lat' dir='ltr'>auctoritatis</span> <span class='ocrx_word' id='word_1_380' title='bbox 1062 2371 1126 2412; x_wconf 66' lang='grc' dir='ltr'>νίν,</span> <span class='ocrx_word' id='word_1_381' title='bbox 1155 2371 1191 2403; x_wconf 80' lang='lat' dir='ltr'>in</span> <span class='ocrx_word' id='word_1_382' title='bbox 1217 2372 1393 2405; x_wconf 68' lang='lat' dir='ltr'>ecclesiam</span> <span class='ocrx_word' id='word_1_383' title='bbox 1417 2385 1482 2416; x_wconf 77' lang='lat' dir='ltr'>per</span> <span class='ocrx_word' id='word_1_384' title='bbox 1508 2376 1629 2409; x_wconf 79' lang='lat' dir='ltr'>Socios</span> <span class='ocrx_word' id='word_1_385' title='bbox 1654 2384 1809 2422; x_wconf 75' lang='lat' dir='ltr'>receptus</span> 
     </span>
     <span class='ocr_line' id='line_1_38' title="bbox 54 2413 1807 2474; baseline 0.011 -29"><span class='ocrx_word' id='word_1_386' title='bbox 54 2417 83 2445; x_wconf 73' lang='lat' dir='ltr'>et</span> <span class='ocrx_word' id='word_1_387' title='bbox 102 2413 270 2455; x_wconf 71' lang='lat' dir='ltr'>Dz&#39;le&#39;nyae</span> <span class='ocrx_word' id='word_1_388' title='bbox 295 2425 372 2446; x_wconf 73' lang='lat' dir='ltr'>cum</span> <span class='ocrx_word' id='word_1_389' title='bbox 399 2416 582 2448; x_wconf 70' lang='lat' dir='ltr'>cardinali</span> <span class='ocrx_word' id='word_1_390' title='bbox 608 2423 774 2459; x_wconf 64' lang='lat' dir='ltr'>versatus,</span> <span class='ocrx_word' id='word_1_391' title='bbox 803 2420 966 2453; x_wconf 75' lang='lat' dir='ltr'>nlmnnos</span> <span class='ocrx_word' id='word_1_392' title='bbox 992 2422 1134 2456; x_wconf 62' lang='lat' dir='ltr'>Bas-ileu</span> <span class='ocrx_word' id='word_1_393' title='bbox 1161 2424 1344 2467; x_wconf 71' lang='lat' dir='ltr'>Dilingyam</span> <span class='ocrx_word' id='word_1_394' title='bbox 1369 2429 1528 2461; x_wconf 76' lang='lat' dir='ltr'>transire</span> <span class='ocrx_word' id='word_1_395' title='bbox 1555 2430 1665 2474; x_wconf 72' lang='lat' dir='ltr'>iussit,</span> <span class='ocrx_word' id='word_1_396' title='bbox 1691 2443 1807 2466; x_wconf 75' lang='lat' dir='ltr'>sacer-</span> 
     </span>
     <span class='ocr_line' id='line_1_39' title="bbox 52 2466 1805 2523; baseline 0.013 -26"><span class='ocrx_word' id='word_1_397' title='bbox 52 2466 145 2498; x_wconf 65' lang='lat' dir='ltr'>dotes</span> <span class='ocrx_word' id='word_1_398' title='bbox 181 2467 356 2509; x_wconf 74' lang='lat' dir='ltr'>librosque</span> <span class='ocrx_word' id='word_1_399' title='bbox 383 2468 530 2510; x_wconf 67' lang='lat' dir='ltr'>Iminfsa</span> <span class='ocrx_word' id='word_1_400' title='bbox 564 2480 677 2502; x_wconf 59' lang='lat' dir='ltr'>set-mn</span> <span class='ocrx_word' id='word_1_401' title='bbox 713 2472 869 2514; x_wconf 69' lang='lat' dir='ltr'>abstulit,</span> <span class='ocrx_word' id='word_1_402' title='bbox 905 2475 1063 2507; x_wconf 66' lang='lat' dir='ltr'>ecclesiae</span> <span class='ocrx_word' id='word_1_403' title='bbox 1088 2476 1177 2508; x_wconf 78' lang='lat' dir='ltr'>bona</span> <span class='ocrx_word' id='word_1_404' title='bbox 1205 2479 1368 2521; x_wconf 57' lang='lat' dir='ltr'>restituit,</span> <span class='ocrx_word' id='word_1_405' title='bbox 1404 2480 1606 2523; x_wconf 67' lang='lat' dir='ltr'>rele&#39;yc‘onem</span> <span class='ocrx_word' id='word_1_406' title='bbox 1634 2485 1670 2516; x_wconf 75' lang='lat' dir='ltr'>in</span> <span class='ocrx_word' id='word_1_407' title='bbox 1707 2490 1805 2519; x_wconf 75' lang='lat' dir='ltr'>terra</span> 
     </span>
     <span class='ocr_line' id='line_1_40' title="bbox 50 2520 1806 2579; baseline 0.013 -29"><span class='ocrx_word' id='word_1_408' title='bbox 50 2530 116 2551; x_wconf 67' lang='grc' dir='ltr'>,ςιιιι</span> <span class='ocrx_word' id='word_1_409' title='bbox 143 2520 420 2553; x_wconf 73' lang='lat' dir='ltr'>instaurandum</span> <span class='ocrx_word' id='word_1_410' title='bbox 447 2527 561 2564; x_wconf 67' lang='lat' dir='ltr'>curat,</span> <span class='ocrx_word' id='word_1_411' title='bbox 589 2535 713 2564; x_wconf 67' lang='lat' dir='ltr'>mamm</span> <span class='ocrx_word' id='word_1_412' title='bbox 735 2526 862 2567; x_wconf 70' lang='lat' dir='ltr'>populi</span> <span class='ocrx_word' id='word_1_413' title='bbox 879 2537 1032 2561; x_wconf 67' lang='lat' dir='ltr'>assensu.</span> <span class='ocrx_word' id='word_1_414' title='bbox 1076 2529 1351 2564; x_wconf 71' lang='lat' dir='ltr'>Proteslantium</span> <span class='ocrx_word' id='word_1_415' title='bbox 1378 2534 1535 2567; x_wconf 70' lang='lat' dir='ltr'>ministri</span> <span class='ocrx_word' id='word_1_416' title='bbox 1561 2537 1596 2568; x_wconf 72' lang='lat' dir='ltr'>id</span> <span class='ocrx_word' id='word_1_417' title='bbox 1613 2540 1806 2579; x_wconf 75' lang='lat' dir='ltr'>aeyerrime</span> 
     </span>
     <span class='ocr_line' id='line_1_41' title="bbox 49 2573 1805 2630; baseline 0.012 -26"><span class='ocrx_word' id='word_1_418' title='bbox 49 2573 182 2613; x_wconf 72' lang='lat' dir='ltr'>ferunt.</span> <span class='ocrx_word' id='word_1_419' title='bbox 236 2574 374 2615; x_wconf 77' lang='lat' dir='ltr'>Comite‘,</span> <span class='ocrx_word' id='word_1_420' title='bbox 411 2575 649 2615; x_wconf 69' lang='lat' dir='ltr'>confirmandi</span> <span class='ocrx_word' id='word_1_421' title='bbox 684 2579 796 2619; x_wconf 59' lang='lat' dir='ltr'>ipsius</span> <span class='ocrx_word' id='word_1_422' title='bbox 832 2580 946 2611; x_wconf 70' lang='lat' dir='ltr'>anime?</span> <span class='ocrx_word' id='word_1_423' title='bbox 980 2591 1116 2625; x_wconf 69' lang='lat' dir='ltr'>caussa,</span> <span class='ocrx_word' id='word_1_424' title='bbox 1152 2582 1241 2615; x_wconf 72' lang='lat' dir='ltr'>liber</span> <span class='ocrx_word' id='word_1_425' title='bbox 1266 2586 1391 2617; x_wconf 67' lang='lat' dir='ltr'>missus</span> <span class='ocrx_word' id='word_1_426' title='bbox 1417 2591 1474 2629; x_wconf 73' lang='lat' dir='ltr'>est,</span> <span class='ocrx_word' id='word_1_427' title='bbox 1510 2599 1608 2630; x_wconf 76' lang='lat' dir='ltr'>quem</span> <span class='ocrx_word' id='word_1_428' title='bbox 1637 2591 1805 2625; x_wconf 76' lang='lat' dir='ltr'>Cam‘se&#39;us</span> 
     </span>
     <span class='ocr_line' id='line_1_42' title="bbox 52 2625 1803 2681; baseline 0.013 -24"><span class='ocrx_word' id='word_1_429' title='bbox 52 2625 262 2659; x_wconf 64' lang='lat' dir='ltr'>vehementer</span> <span class='ocrx_word' id='word_1_430' title='bbox 278 2627 414 2659; x_wconf 78' lang='lat' dir='ltr'>laudat.</span> <span class='ocrx_word' id='word_1_431' title='bbox 456 2628 631 2661; x_wconf 62' lang='lat' dir='ltr'>Gablerus</span> <span class='ocrx_word' id='word_1_432' title='bbox 646 2631 828 2672; x_wconf 68' lang='lat' dir='ltr'>professor</span> <span class='ocrx_word' id='word_1_433' title='bbox 853 2633 1069 2674; x_wconf 70' lang='lat' dir='ltr'>tnbimsanns</span> <span class='ocrx_word' id='word_1_434' title='bbox 1095 2636 1229 2668; x_wconf 71' lang='lat' dir='ltr'>comitis</span> <span class='ocrx_word' id='word_1_435' title='bbox 1247 2639 1400 2681; x_wconf 56' lang='lat' dir='ltr'>evemplo</span> <span class='ocrx_word' id='word_1_436' title='bbox 1426 2645 1538 2673; x_wconf 72' lang='lat' dir='ltr'>molus</span> <span class='ocrx_word' id='word_1_437' title='bbox 1555 2643 1603 2674; x_wconf 77' lang='lat' dir='ltr'>(td</span> <span class='ocrx_word' id='word_1_438' title='bbox 1627 2645 1803 2678; x_wconf 76' lang='lat' dir='ltr'>ecclesiam</span> 
     </span>
     <span class='ocr_line' id='line_1_43' title="bbox 51 2680 1802 2732; baseline 0.012 -21"><span class='ocrx_word' id='word_1_439' title='bbox 51 2680 156 2711; x_wconf 67' lang='lat' dir='ltr'>rediit</span> <span class='ocrx_word' id='word_1_440' title='bbox 183 2684 212 2711; x_wconf 73' lang='lat' dir='ltr'>et</span> <span class='ocrx_word' id='word_1_441' title='bbox 238 2681 410 2711; x_wconf 63' lang='lat' dir='ltr'>conch-{ni</span> <span class='ocrx_word' id='word_1_442' title='bbox 436 2682 620 2723; x_wconf 65' lang='lat' dir='ltr'>‹lilfnyano</span> <span class='ocrx_word' id='word_1_443' title='bbox 647 2684 781 2716; x_wconf 67' lang='lat' dir='ltr'>reditus·</span> <span class='ocrx_word' id='word_1_444' title='bbox 802 2687 978 2726; x_wconf 66' lang='lat' dir='ltr'>promisit.</span> <span class='ocrx_word' id='word_1_445' title='bbox 1026 2687 1210 2729; x_wconf 68' lang='lat' dir='ltr'>Varyere&#39;zcs</span> <span class='ocrx_word' id='word_1_446' title='bbox 1237 2692 1360 2723; x_wconf 70' lang='lat' dir='ltr'>misere</span> <span class='ocrx_word' id='word_1_447' title='bbox 1385 2694 1575 2728; x_wconf 50' lang='lat' dir='ltr'>ersten-tus</span> <span class='ocrx_word' id='word_1_448' title='bbox 1600 2701 1655 2730; x_wconf 77' lang='lat' dir='ltr'>est.</span> <span class='ocrx_word' id='word_1_449' title='bbox 1691 2699 1802 2732; x_wconf 68' lang='lat' dir='ltr'><em>Ludi-</em></span> 
     </span>
     <span class='ocr_line' id='line_1_44' title="bbox 50 2734 802 2775; baseline 0.009 -12"><span class='ocrx_word' id='word_1_450' title='bbox 50 2735 215 2773; x_wconf 69' lang='lat' dir='ltr'>maysstm·</span> <span class='ocrx_word' id='word_1_451' title='bbox 241 2734 384 2775; x_wconf 71' lang='lat' dir='ltr'>qnidam</span> <span class='ocrx_word' id='word_1_452' title='bbox 410 2734 457 2765; x_wconf 75' lang='lat' dir='ltr'>ml</span> <span class='ocrx_word' id='word_1_453' title='bbox 483 2735 657 2767; x_wconf 65' lang='lat' dir='ltr'>eeclesiam</span> <span class='ocrx_word' id='word_1_454' title='bbox 687 2737 802 2770; x_wconf 71' lang='lat' dir='ltr'>rediit.</span> 
     </span>
    </p>
   </div>
   <div class='ocr_carea' id='block_1_9' title="bbox 47 2815 1800 2941">
    <p class='ocr_par' dir='ltr' id='par_1_10' title="bbox 47 2815 1800 2941">
     <span class='ocr_line' id='line_1_45' title="bbox 168 2815 1800 2885; baseline 0.013 -30"><span class='ocrx_word' id='word_1_455' title='bbox 168 2815 398 2858; x_wconf 86' lang='lat' dir='ltr'>Abiurauit</span> <span class='ocrx_word' id='word_1_456' title='bbox 431 2816 642 2858; x_wconf 83' lang='lat' dir='ltr'>haeresim</span> <span class='ocrx_word' id='word_1_457' title='bbox 667 2821 768 2861; x_wconf 88' lang='lat' dir='ltr'>ante</span> <span class='ocrx_word' id='word_1_458' title='bbox 791 2834 873 2861; x_wconf 89' lang='lat' dir='ltr'>non</span> <span class='ocrx_word' id='word_1_459' title='bbox 898 2822 1055 2864; x_wconf 87' lang='lat' dir='ltr'>multos</span> <span class='ocrx_word' id='word_1_460' title='bbox 1088 2822 1217 2866; x_wconf 86' lang='lat' dir='ltr'>hosce</span> <span class='ocrx_word' id='word_1_461' title='bbox 1241 2825 1329 2867; x_wconf 88' lang='lat' dir='ltr'>dies</span> <span class='ocrx_word' id='word_1_462' title='bbox 1352 2828 1498 2871; x_wconf 86' lang='lat' dir='ltr'>multis</span> <span class='ocrx_word' id='word_1_463' title='bbox 1521 2833 1565 2872; x_wconf 89' lang='lat' dir='ltr'>et</span> <span class='ocrx_word' id='word_1_464' title='bbox 1595 2834 1800 2885; x_wconf 85' lang='lat' dir='ltr'>grauibus</span> 
     </span>
     <span class='ocr_line' id='line_1_46' title="bbox 47 2880 1797 2941; baseline 0.014 -23"><span class='ocrx_word' id='word_1_465' title='bbox 47 2880 348 2931; x_wconf 88' lang='lat' dir='ltr'>praesentibus</span> <span class='ocrx_word' id='word_1_466' title='bbox 382 2880 496 2930; x_wconf 81' lang='lat' dir='ltr'>uiris,</span> <span class='ocrx_word' id='word_1_467' title='bbox 533 2896 615 2923; x_wconf 92' lang='lat' dir='ltr'>uno</span> <span class='ocrx_word' id='word_1_468' title='bbox 650 2897 672 2923; x_wconf 93' lang='lat' dir='ltr'>e</span> <span class='ocrx_word' id='word_1_469' title='bbox 705 2885 893 2926; x_wconf 82' lang='lat' dir='ltr'>nostris2</span> <span class='ocrx_word' id='word_1_470' title='bbox 925 2887 977 2928; x_wconf 89' lang='lat' dir='ltr'>ad</span> <span class='ocrx_word' id='word_1_471' title='bbox 1012 2886 1090 2929; x_wconf 91' lang='lat' dir='ltr'>hoc</span> <span class='ocrx_word' id='word_1_472' title='bbox 1122 2892 1315 2941; x_wconf 90' lang='lat' dir='ltr'>euocato,</span> <span class='ocrx_word' id='word_1_473' title='bbox 1351 2892 1500 2935; x_wconf 86' lang='lat' dir='ltr'>Comes</span> <span class='ocrx_word' id='word_1_474' title='bbox 1533 2896 1585 2938; x_wconf 91' lang='lat' dir='ltr'>ab</span> <span class='ocrx_word' id='word_1_475' title='bbox 1617 2897 1797 2941; x_wconf 86' lang='lat' dir='ltr'>Helfen-</span> 
     </span>
    </p>
   </div>
   <div class='ocr_carea' id='block_1_10' title="bbox 45 3018 1794 3239">
    <p class='ocr_par' dir='ltr' id='par_1_11' title="bbox 168 3018 860 3067">
     <span class='ocr_line' id='line_1_47' title="bbox 168 3018 860 3067; baseline 0.007 -16"><span class='ocrx_word' id='word_1_476' title='bbox 168 3018 176 3037; x_wconf 87' lang='lat'><strong>¹</strong></span> <span class='ocrx_word' id='word_1_477' title='bbox 205 3018 257 3051; x_wconf 79' lang='lat' dir='ltr'>Ad</span> <span class='ocrx_word' id='word_1_478' title='bbox 285 3019 552 3053; x_wconf 86' lang='lat' dir='ltr'>contubernium</span> <span class='ocrx_word' id='word_1_479' title='bbox 580 3020 613 3055; x_wconf 82' lang='lat' dir='ltr'>S.</span> <span class='ocrx_word' id='word_1_480' title='bbox 643 3021 860 3067; x_wconf 71' lang='lat' dir='ltr'>Hieronymi.</span> 
     </span>
    </p>

    <p class='ocr_par' dir='ltr' id='par_1_12' title="bbox 45 3071 1794 3239">
     <span class='ocr_line' id='line_1_48' title="bbox 164 3071 1794 3130; baseline 0.013 -27"><span class='ocrx_word' id='word_1_481' title='bbox 164 3071 177 3091; x_wconf 80' lang='lat'><strong>²</strong></span> <span class='ocrx_word' id='word_1_482' title='bbox 206 3071 242 3105; x_wconf 80' lang='lat' dir='ltr'>P.</span> <span class='ocrx_word' id='word_1_483' title='bbox 270 3071 400 3105; x_wconf 82' lang='lat' dir='ltr'>loanne</span> <span class='ocrx_word' id='word_1_484' title='bbox 435 3072 477 3105; x_wconf 89' lang='lat' dir='ltr'>de</span> <span class='ocrx_word' id='word_1_485' title='bbox 504 3073 733 3110; x_wconf 88' lang='lat' dir='ltr'>Rabenstein.</span> <span class='ocrx_word' id='word_1_486' title='bbox 785 3075 836 3109; x_wconf 93' lang='lat' dir='ltr'>De</span> <span class='ocrx_word' id='word_1_487' title='bbox 872 3088 940 3120; x_wconf 89' lang='lat' dir='ltr'>quo</span> <span class='ocrx_word' id='word_1_488' title='bbox 967 3078 1004 3112; x_wconf 89' lang='lat' dir='ltr'>P.</span> <span class='ocrx_word' id='word_1_489' title='bbox 1031 3080 1182 3114; x_wconf 76' lang='lat' dir='ltr'>Thomas</span> <span class='ocrx_word' id='word_1_490' title='bbox 1212 3083 1338 3116; x_wconf 74' lang='lat' dir='ltr'>Gallus</span> <span class='ocrx_word' id='word_1_491' title='bbox 1364 3083 1397 3117; x_wconf 78' lang='lat' dir='ltr'>S.</span> <span class='ocrx_word' id='word_1_492' title='bbox 1417 3085 1448 3118; x_wconf 82' lang='lat' dir='ltr'>J.</span> <span class='ocrx_word' id='word_1_493' title='bbox 1477 3085 1620 3130; x_wconf 82' lang='lat' dir='ltr'>Dilinga</span> <span class='ocrx_word' id='word_1_494' title='bbox 1648 3089 1677 3123; x_wconf 90' lang='lat'>1.</span> <span class='ocrx_word' id='word_1_495' title='bbox 1705 3089 1794 3125; x_wconf 85' lang='lat' dir='ltr'>Nov.</span> 
     </span>
     <span class='ocr_line' id='line_1_49' title="bbox 48 3123 1792 3177; baseline 0.013 -22"><span class='ocrx_word' id='word_1_496' title='bbox 48 3123 136 3157; x_wconf 89' lang='grc'><strong>1567</strong></span> <span class='ocrx_word' id='word_1_497' title='bbox 163 3124 206 3157; x_wconf 86' lang='lat' dir='ltr'>ad</span> <span class='ocrx_word' id='word_1_498' title='bbox 234 3124 515 3159; x_wconf 73' lang='lat' dir='ltr'>S.1‹‘ranciseu1n</span> <span class='ocrx_word' id='word_1_499' title='bbox 544 3126 707 3170; x_wconf 83' lang='lat' dir='ltr'>Borgiam</span> <span class='ocrx_word' id='word_1_500' title='bbox 735 3128 922 3164; x_wconf 75' lang='lat' dir='ltr'>*rettulitt</span> <span class='ocrx_word' id='word_1_501' title='bbox 960 3131 1041 3173; x_wconf 84' lang='lat' dir='ltr'>„Bis</span> <span class='ocrx_word' id='word_1_502' title='bbox 1076 3133 1174 3167; x_wconf 86' lang='lat' dir='ltr'>iussu</span> <span class='ocrx_word' id='word_1_503' title='bbox 1205 3133 1506 3172; x_wconf 81' lang='lat' dir='ltr'>Reuerendissimi</span> <span class='ocrx_word' id='word_1_504' title='bbox 1541 3140 1584 3174; x_wconf 89' lang='lat' dir='ltr'>ad</span> <span class='ocrx_word' id='word_1_505' title='bbox 1620 3142 1792 3177; x_wconf 84' lang='lat' dir='ltr'>Comitem</span> 
     </span>
     <span class='ocr_line' id='line_1_50' title="bbox 45 3174 1792 3239; baseline 0.013 -31"><span class='ocrx_word' id='word_1_506' title='bbox 45 3174 265 3218; x_wconf 87' lang='lat' dir='ltr'>[Udalricum</span> <span class='ocrx_word' id='word_1_507' title='bbox 285 3177 358 3219; x_wconf 85' lang='lat' dir='ltr'>IV.]</span> <span class='ocrx_word' id='word_1_508' title='bbox 387 3177 452 3212; x_wconf 87' lang='lat' dir='ltr'>hoc</span> <span class='ocrx_word' id='word_1_509' title='bbox 479 3190 569 3212; x_wconf 89' lang='lat' dir='ltr'>anno</span> <span class='ocrx_word' id='word_1_510' title='bbox 596 3191 805 3215; x_wconf 86' lang='lat' dir='ltr'>conuersum</span> <span class='ocrx_word' id='word_1_511' title='bbox 833 3182 981 3217; x_wconf 79' lang='lat' dir='ltr'>missus“</span> <span class='ocrx_word' id='word_1_512' title='bbox 1006 3187 1061 3218; x_wconf 88' lang='lat' dir='ltr'>est</span> <span class='ocrx_word' id='word_1_513' title='bbox 1080 3185 1140 3228; x_wconf 77' lang='lat' dir='ltr'>(ex</span> <span class='ocrx_word' id='word_1_514' title='bbox 1159 3189 1318 3231; x_wconf 85' lang='lat' dir='ltr'>autogr.;</span> <span class='ocrx_word' id='word_1_515' title='bbox 1350 3190 1410 3230; x_wconf 51' lang='lat' dir='ltr'>„(sst.</span> <span class='ocrx_word' id='word_1_516' title='bbox 1431 3190 1492 3235; x_wconf 87' lang='lat' dir='ltr'>Ep.</span> <span class='ocrx_word' id='word_1_517' title='bbox 1510 3191 1613 3226; x_wconf 79' lang='lat' dir='ltr'><strong>V111“</strong></span> <span class='ocrx_word' id='word_1_518' title='bbox 1636 3194 1659 3228; x_wconf 87' lang='lat' dir='ltr'>f.</span> <span class='ocrx_word' id='word_1_519' title='bbox 1682 3196 1792 3239; x_wconf 56' lang='lat'>144⁹).</span> 
     </span>
    </p>
   </div>
   <div class='ocr_carea' id='block_1_11' title="bbox 1483 3256 1556 3290">
    <p class='ocr_par' dir='ltr' id='par_1_13' title="bbox 1483 3256 1556 3290">
     <span class='ocr_line' id='line_1_51' title="bbox 1483 3256 1556 3290; baseline 0.027 -1"><span class='ocrx_word' id='word_1_520' title='bbox 1483 3256 1528 3290; x_wconf 82' lang='lat'>50</span> <span class='ocrx_word' id='word_1_521' title='bbox 1540 3258 1556 3276; x_wconf 90' lang='lat'><em>*</em></span> 
     </span>
    </p>
   </div>
  </div>
 </body>
</html>
