<?xml version="1.0" encoding="UTF-8"?>
<!DOCTYPE html PUBLIC "-//W3C//DTD XHTML 1.0 Transitional//EN"
    "http://www.w3.org/TR/xhtml1/DTD/xhtml1-transitional.dtd">
<html xmlns="http://www.w3.org/1999/xhtml" xml:lang="en" lang="en">
 <head>
  <title>
</title>
<meta http-equiv="Content-Type" content="text/html;charset=utf-8" />
  <meta name='ocr-system' content='tesseract 3.04.00' />
  <meta name='ocr-capabilities' content='ocr_page ocr_carea ocr_par ocr_line ocrx_word'/>
</head>
<body>
  <div class='ocr_page' id='page_1' title='image "beatipetricanisi05cani_0831.png"; bbox 0 0 2045 3471; ppageno 0'>
   <div class='ocr_carea' id='block_1_1' title="bbox 224 238 1874 283">
    <p class='ocr_par' dir='ltr' id='par_1_1' title="bbox 224 238 1874 283">
     <span class='ocr_line' id='line_1_1' title="bbox 224 238 1874 283; baseline -0.001 -11"><span class='ocrx_word' id='word_1_1' title='bbox 224 239 319 274; x_wconf 89' lang='lat' dir='ltr'><em>Mon.</em></span> <span class='ocrx_word' id='word_1_2' title='bbox 340 239 407 273; x_wconf 82' lang='lat'><em>813</em></span> <span class='ocrx_word' id='word_1_3' title='bbox 434 239 513 273; x_wconf 86' lang='lat' dir='ltr'><em>sive</em></span> <span class='ocrx_word' id='word_1_4' title='bbox 539 239 577 274; x_wconf 87' lang='lat' dir='ltr'><em>it.</em></span> <span class='ocrx_word' id='word_1_5' title='bbox 600 239 689 283; x_wconf 79' lang='lat'>(20).</span> <span class='ocrx_word' id='word_1_6' title='bbox 729 241 759 273; x_wconf 95' lang='lat' dir='ltr'>A</span> <span class='ocrx_word' id='word_1_7' title='bbox 778 239 869 274; x_wconf 86' lang='lat' dir='ltr'><em>med.</em></span> <span class='ocrx_word' id='word_1_8' title='bbox 889 239 964 273; x_wconf 86' lang='lat' dir='ltr'><em>fere</em></span> <span class='ocrx_word' id='word_1_9' title='bbox 982 250 1028 272; x_wconf 88' lang='lat' dir='ltr'><em>m.</em></span> <span class='ocrx_word' id='word_1_10' title='bbox 1043 238 1143 272; x_wconf 86' lang='lat' dir='ltr'><em>Iunio</em></span> <span class='ocrx_word' id='word_1_11' title='bbox 1162 238 1205 272; x_wconf 86' lang='lat' dir='ltr'><em>ad</em></span> <span class='ocrx_word' id='word_1_12' title='bbox 1225 238 1316 272; x_wconf 88' lang='lat' dir='ltr'><em>med.</em></span> <span class='ocrx_word' id='word_1_13' title='bbox 1335 238 1410 272; x_wconf 86' lang='lat' dir='ltr'><em>fere</em></span> <span class='ocrx_word' id='word_1_14' title='bbox 1429 250 1474 273; x_wconf 84' lang='lat' dir='ltr'><em>in.</em></span> <span class='ocrx_word' id='word_1_15' title='bbox 1489 239 1581 282; x_wconf 82' lang='lat' dir='ltr'><em>Aug.</em></span> <span class='ocrx_word' id='word_1_16' title='bbox 1598 238 1700 272; x_wconf 82' lang='lat'>1565.</span> <span class='ocrx_word' id='word_1_17' title='bbox 1791 240 1874 281; x_wconf 80' lang='lat'><em>743</em></span> 
     </span>
    </p>
   </div>
   <div class='ocr_carea' id='block_1_2' title="bbox 114 358 1888 2486">
    <p class='ocr_par' dir='ltr' id='par_1_2' title="bbox 114 358 1888 2281">
     <span class='ocr_line' id='line_1_2' title="bbox 116 358 1877 414; baseline -0.001 -14"><span class='ocrx_word' id='word_1_18' title='bbox 116 364 152 401; x_wconf 91' lang='lat' dir='ltr'><em>et</em></span> <span class='ocrx_word' id='word_1_19' title='bbox 171 373 248 414; x_wconf 89' lang='lat' dir='ltr'><em>per</em></span> <span class='ocrx_word' id='word_1_20' title='bbox 268 373 428 401; x_wconf 89' lang='lat' dir='ltr'><em>menses</em></span> <span class='ocrx_word' id='word_1_21' title='bbox 451 361 608 414; x_wconf 75' lang='lat' dir='ltr'><em>aliquot</em></span> <span class='ocrx_word' id='word_1_22' title='bbox 630 360 849 401; x_wconf 78' lang='lat' dir='ltr'><em>Bononiae</em></span> <span class='ocrx_word' id='word_1_23' title='bbox 872 361 959 400; x_wconf 89' lang='lat' dir='ltr'><em>iuri</em></span> <span class='ocrx_word' id='word_1_24' title='bbox 990 358 1200 399; x_wconf 85' lang='lat' dir='ltr'><em>studuisse</em></span> <span class='ocrx_word' id='word_1_25' title='bbox 1213 373 1228 410; x_wconf 87' lang='lat'><em>,·</em></span> <span class='ocrx_word' id='word_1_26' title='bbox 1255 364 1399 413; x_wconf 90' lang='lat' dir='ltr'><em>postea</em></span> <span class='ocrx_word' id='word_1_27' title='bbox 1430 373 1505 413; x_wconf 90' lang='lat' dir='ltr'><em>per</em></span> <span class='ocrx_word' id='word_1_28' title='bbox 1533 362 1730 413; x_wconf 89' lang='lat' dir='ltr'><em>parentes</em></span> <span class='ocrx_word' id='word_1_29' title='bbox 1761 371 1877 399; x_wconf 83' lang='lat' dir='ltr'><em>revo-</em></span> 
     </span>
     <span class='ocr_line' id='line_1_3' title="bbox 115 422 1879 479; baseline -0.001 -14"><span class='ocrx_word' id='word_1_30' title='bbox 115 429 253 465; x_wconf 86' lang='lat' dir='ltr'><em>catum</em></span> <span class='ocrx_word' id='word_1_31' title='bbox 282 425 440 478; x_wconf 75' lang='lat' dir='ltr'><em>aliquot</em></span> <span class='ocrx_word' id='word_1_32' title='bbox 462 425 571 466; x_wconf 82' lang='lat' dir='ltr'><em>alias</em></span> <span class='ocrx_word' id='word_1_33' title='bbox 595 424 750 467; x_wconf 87' lang='lat' dir='ltr'><em>Italiae</em></span> <span class='ocrx_word' id='word_1_34' title='bbox 777 429 921 479; x_wconf 86' lang='lat' dir='ltr'><em>partes</em></span> <span class='ocrx_word' id='word_1_35' title='bbox 943 425 989 464; x_wconf 91' lang='lat' dir='ltr'><em>in</em></span> <span class='ocrx_word' id='word_1_36' title='bbox 1011 424 1152 464; x_wconf 87' lang='lat' dir='ltr'><em>reditu</em></span> <span class='ocrx_word' id='word_1_37' title='bbox 1177 437 1415 477; x_wconf 75' lang='lat' dir='ltr'><em>coqnoscere</em></span> <span class='ocrx_word' id='word_1_38' title='bbox 1435 425 1624 465; x_wconf 81' lang='lat' dir='ltr'><em>voluisse.</em></span> <span class='ocrx_word' id='word_1_39' title='bbox 1674 422 1879 474; x_wconf 84' lang='lat' dir='ltr'><em>„Perveni</em></span> 
     </span>
     <span class='ocr_line' id='line_1_4' title="bbox 115 486 1876 543; baseline -0.001 -14"><span class='ocrx_word' id='word_1_40' title='bbox 115 489 307 540; x_wconf 82' lang='lat' dir='ltr'><em>Romam,</em></span> <span class='ocrx_word' id='word_1_41' title='bbox 339 490 409 530; x_wconf 77' lang='lat'><em>20.</em></span> <span class='ocrx_word' id='word_1_42' title='bbox 435 488 503 530; x_wconf 89' lang='lat' dir='ltr'><em>die</em></span> <span class='ocrx_word' id='word_1_43' title='bbox 525 490 704 543; x_wconf 78' lang='lat' dir='ltr'><em>Aprilis,</em></span> <span class='ocrx_word' id='word_1_44' title='bbox 737 490 863 531; x_wconf 88' lang='lat' dir='ltr'><em>Anno</em></span> <span class='ocrx_word' id='word_1_45' title='bbox 887 486 1043 530; x_wconf 82' lang='lat'><em>1565.“</em></span> <span class='ocrx_word' id='word_1_46' title='bbox 1096 488 1256 540; x_wconf 75' lang='lat' dir='ltr'><em>Quarto</em></span> <span class='ocrx_word' id='word_1_47' title='bbox 1284 493 1378 542; x_wconf 86' lang='lat' dir='ltr'><em>post</em></span> <span class='ocrx_word' id='word_1_48' title='bbox 1405 488 1474 529; x_wconf 91' lang='lat' dir='ltr'><em>die</em></span> <span class='ocrx_word' id='word_1_49' title='bbox 1494 487 1716 542; x_wconf 81' lang='lat' dir='ltr'><em>Neapolim</em></span> <span class='ocrx_word' id='word_1_50' title='bbox 1746 488 1876 541; x_wconf 88' lang='lat' dir='ltr'><em>petiit,</em></span> 
     </span>
     <span class='ocr_line' id='line_1_5' title="bbox 114 552 1877 605; baseline -0.001 -11"><span class='ocrx_word' id='word_1_51' title='bbox 114 553 216 594; x_wconf 89' lang='lat' dir='ltr'><em>inde</em></span> <span class='ocrx_word' id='word_1_52' title='bbox 251 555 347 605; x_wconf 56' lang='lat' dir='ltr'><em>„2st</em></span> <span class='ocrx_word' id='word_1_53' title='bbox 381 553 448 594; x_wconf 90' lang='lat' dir='ltr'><em>die</em></span> <span class='ocrx_word' id='word_1_54' title='bbox 479 552 617 595; x_wconf 71' lang='lat' dir='ltr'><em>Mait“</em></span> <span class='ocrx_word' id='word_1_55' title='bbox 654 555 833 596; x_wconf 86' lang='lat' dir='ltr'><em>Romam</em></span> <span class='ocrx_word' id='word_1_56' title='bbox 875 554 1070 605; x_wconf 64' lang='lat' dir='ltr'><em>revertit7·</em></span> <span class='ocrx_word' id='word_1_57' title='bbox 1110 553 1183 594; x_wconf 89' lang='lat' dir='ltr'><em>ubi</em></span> <span class='ocrx_word' id='word_1_58' title='bbox 1218 557 1351 605; x_wconf 83' lang='lat' dir='ltr'><em>„totus</em></span> <span class='ocrx_word' id='word_1_59' title='bbox 1392 554 1436 594; x_wconf 89' lang='lat' dir='ltr'><em>in</em></span> <span class='ocrx_word' id='word_1_60' title='bbox 1479 566 1522 593; x_wconf 89' lang='lat' dir='ltr'><em>eo</em></span> <span class='ocrx_word' id='word_1_61' title='bbox 1556 557 1658 605; x_wconf 88' lang='lat' dir='ltr'><em>erat,</em></span> <span class='ocrx_word' id='word_1_62' title='bbox 1700 556 1746 593; x_wconf 90' lang='lat' dir='ltr'><em>ut</em></span> <span class='ocrx_word' id='word_1_63' title='bbox 1786 553 1877 593; x_wconf 84' lang='lat' dir='ltr'><em>visu</em></span> 
     </span>
     <span class='ocr_line' id='line_1_6' title="bbox 115 617 1880 673; baseline -0.001 -15"><span class='ocrx_word' id='word_1_64' title='bbox 115 618 247 673; x_wconf 76' lang='lat' dir='ltr'><em>diqna</em></span> <span class='ocrx_word' id='word_1_65' title='bbox 279 619 323 659; x_wconf 93' lang='lat' dir='ltr'><em>in</em></span> <span class='ocrx_word' id='word_1_66' title='bbox 356 618 461 659; x_wconf 85' lang='lat' dir='ltr'><em>urbe</em></span> <span class='ocrx_word' id='word_1_67' title='bbox 495 623 529 659; x_wconf 91' lang='lat' dir='ltr'><em>et</em></span> <span class='ocrx_word' id='word_1_68' title='bbox 561 620 606 659; x_wconf 86' lang='lat' dir='ltr'><em>in</em></span> <span class='ocrx_word' id='word_1_69' title='bbox 638 620 789 660; x_wconf 78' lang='lat' dir='ltr'><em>vicinis</em></span> <span class='ocrx_word' id='word_1_70' title='bbox 821 619 920 660; x_wconf 90' lang='lat' dir='ltr'><em>locis</em></span> <span class='ocrx_word' id='word_1_71' title='bbox 945 652 951 658; x_wconf 96' lang='lat'>.</span> <span class='ocrx_word' id='word_1_72' title='bbox 979 652 986 659; x_wconf 94' lang='lat'><strong>.</strong></span> <span class='ocrx_word' id='word_1_73' title='bbox 1013 651 1021 659; x_wconf 88' lang='lat'><strong>.</strong></span> <span class='ocrx_word' id='word_1_74' title='bbox 1047 617 1187 659; x_wconf 86' lang='lat' dir='ltr'><em>adiret</em></span> <span class='ocrx_word' id='word_1_75' title='bbox 1219 622 1255 659; x_wconf 94' lang='lat' dir='ltr'><em>et</em></span> <span class='ocrx_word' id='word_1_76' title='bbox 1284 618 1574 672; x_wconf 76' lang='lat' dir='ltr'><em>perlustraret,</em></span> <span class='ocrx_word' id='word_1_77' title='bbox 1610 621 1644 658; x_wconf 91' lang='lat' dir='ltr'><em>et</em></span> <span class='ocrx_word' id='word_1_78' title='bbox 1678 631 1738 669; x_wconf 91' lang='lat' dir='ltr'><em>ea,</em></span> <span class='ocrx_word' id='word_1_79' title='bbox 1772 630 1880 671; x_wconf 87' lang='lat' dir='ltr'><em>quae</em></span> 
     </span>
     <span class='ocr_line' id='line_1_7' title="bbox 116 680 1880 737; baseline -0.001 -13"><span class='ocrx_word' id='word_1_80' title='bbox 116 683 343 737; x_wconf 77' lang='lat' dir='ltr'><em>coqnitioni</em></span> <span class='ocrx_word' id='word_1_81' title='bbox 383 683 607 724; x_wconf 76' lang='lat' dir='ltr'><em>historicae</em></span> <span class='ocrx_word' id='word_1_82' title='bbox 647 684 825 725; x_wconf 86' lang='lat' dir='ltr'><em>multum</em></span> <span class='ocrx_word' id='word_1_83' title='bbox 866 684 970 724; x_wconf 88' lang='lat' dir='ltr'><em>lucis</em></span> <span class='ocrx_word' id='word_1_84' title='bbox 1012 682 1211 735; x_wconf 82' lang='lat' dir='ltr'><em>afferunt,</em></span> <span class='ocrx_word' id='word_1_85' title='bbox 1254 680 1552 736; x_wconf 77' lang='lat' dir='ltr'><em>coqnosceret“.</em></span> <span class='ocrx_word' id='word_1_86' title='bbox 1615 681 1756 723; x_wconf 84' lang='lat' dir='ltr'><em>Erant</em></span> <span class='ocrx_word' id='word_1_87' title='bbox 1787 695 1880 722; x_wconf 51' lang='lat' dir='ltr'><em>cum&gt;</em></span> 
     </span>
     <span class='ocr_line' id='line_1_8' title="bbox 116 747 1881 803; baseline -0.002 -13"><span class='ocrx_word' id='word_1_88' title='bbox 116 762 161 790; x_wconf 87' lang='lat' dir='ltr'><em>eo</em></span> <span class='ocrx_word' id='word_1_89' title='bbox 193 749 361 789; x_wconf 80' lang='lat' dir='ltr'><em>iuvenes</em></span> <span class='ocrx_word' id='word_1_90' title='bbox 395 748 491 799; x_wconf 84' lang='lat' dir='ltr'><em>duo,</em></span> <span class='ocrx_word' id='word_1_91' title='bbox 524 762 626 802; x_wconf 88' lang='lat' dir='ltr'><em>quos</em></span> <span class='ocrx_word' id='word_1_92' title='bbox 659 753 695 789; x_wconf 90' lang='lat' dir='ltr'><em>et</em></span> <span class='ocrx_word' id='word_1_93' title='bbox 727 749 916 789; x_wconf 89' lang='lat' dir='ltr'><em>amicitia</em></span> <span class='ocrx_word' id='word_1_94' title='bbox 941 752 976 789; x_wconf 90' lang='lat' dir='ltr'><em>et</em></span> <span class='ocrx_word' id='word_1_95' title='bbox 1005 748 1171 803; x_wconf 75' lang='lat' dir='ltr'><em>qeneris</em></span> <span class='ocrx_word' id='word_1_96' title='bbox 1202 747 1498 801; x_wconf 78' lang='lat' dir='ltr'><em>propinquitas</em></span> <span class='ocrx_word' id='word_1_97' title='bbox 1523 748 1607 800; x_wconf 90' lang='lat' dir='ltr'><em>ipsi</em></span> <span class='ocrx_word' id='word_1_98' title='bbox 1628 748 1881 788; x_wconf 74' lang='lat' dir='ltr'><em>iunocerant:</em></span> 
     </span>
     <span class='ocr_line' id='line_1_9' title="bbox 119 809 1879 868; baseline -0.001 -14"><span class='ocrx_word' id='word_1_99' title='bbox 119 813 299 864; x_wconf 84' lang='lat' dir='ltr'><em>„Petrus</em></span> <span class='ocrx_word' id='word_1_100' title='bbox 340 812 559 854; x_wconf 86' lang='lat' dir='ltr'><em>Rieterus“</em></span> <span class='ocrx_word' id='word_1_101' title='bbox 609 818 645 854; x_wconf 89' lang='lat' dir='ltr'><em>et</em></span> <span class='ocrx_word' id='word_1_102' title='bbox 691 813 1017 868; x_wconf 85' lang='lat' dir='ltr'><em>Christophorus</em></span> <span class='ocrx_word' id='word_1_103' title='bbox 1066 811 1469 864; x_wconf 80' lang='lat' dir='ltr'><em>„Schweinfurterus</em></span> <span class='ocrx_word' id='word_1_104' title='bbox 1513 809 1879 865; x_wconf 76' lang='lat' dir='ltr'><em>Bamberqensis“.</em></span> 
     </span>
     <span class='ocr_line' id='line_1_10' title="bbox 117 876 1882 930; baseline -0.001 -12"><span class='ocrx_word' id='word_1_105' title='bbox 117 877 203 918; x_wconf 88' lang='lat' dir='ltr'><em>Hic</em></span> <span class='ocrx_word' id='word_1_106' title='bbox 234 877 310 919; x_wconf 91' lang='lat' dir='ltr'><em>sub</em></span> <span class='ocrx_word' id='word_1_107' title='bbox 343 878 511 919; x_wconf 86' lang='lat' dir='ltr'><em>initium</em></span> <span class='ocrx_word' id='word_1_108' title='bbox 546 892 598 919; x_wconf 89' lang='lat' dir='ltr'><em>m.</em></span> <span class='ocrx_word' id='word_1_109' title='bbox 624 878 742 919; x_wconf 83' lang='lat' dir='ltr'><em>Iunii</em></span> <span class='ocrx_word' id='word_1_110' title='bbox 776 878 909 918; x_wconf 82' lang='lat' dir='ltr'><em>Roma</em></span> <span class='ocrx_word' id='word_1_111' title='bbox 944 877 1160 928; x_wconf 86' lang='lat' dir='ltr'><em>discessit,·</em></span> <span class='ocrx_word' id='word_1_112' title='bbox 1192 877 1275 917; x_wconf 88' lang='lat' dir='ltr'><em>duo</em></span> <span class='ocrx_word' id='word_1_113' title='bbox 1306 890 1400 918; x_wconf 77' lang='lat' dir='ltr'><em>vero</em></span> <span class='ocrx_word' id='word_1_114' title='bbox 1433 877 1586 930; x_wconf 75' lang='lat' dir='ltr'><em>reliqui</em></span> <span class='ocrx_word' id='word_1_115' title='bbox 1618 878 1657 918; x_wconf 79' lang='lat'><em>6.</em></span> <span class='ocrx_word' id='word_1_116' title='bbox 1683 876 1801 917; x_wconf 84' lang='lat' dir='ltr'><em>Iunii</em></span> <span class='ocrx_word' id='word_1_117' title='bbox 1834 890 1882 917; x_wconf 73' lang='lat' dir='ltr'><em>eoe</em></span> 
     </span>
     <span class='ocr_line' id='line_1_11' title="bbox 116 940 1880 997; baseline -0.001 -15"><span class='ocrx_word' id='word_1_118' title='bbox 116 942 220 983; x_wconf 90' lang='lat' dir='ltr'><em>urbe</em></span> <span class='ocrx_word' id='word_1_119' title='bbox 252 941 370 984; x_wconf 92' lang='lat' dir='ltr'><em>abire</em></span> <span class='ocrx_word' id='word_1_120' title='bbox 401 943 602 985; x_wconf 83' lang='lat' dir='ltr'><em>volebant.</em></span> <span class='ocrx_word' id='word_1_121' title='bbox 652 942 857 997; x_wconf 76' lang='lat' dir='ltr'><em>„Propter</em></span> <span class='ocrx_word' id='word_1_122' title='bbox 889 943 1061 984; x_wconf 81' lang='lat' dir='ltr'><em>classem</em></span> <span class='ocrx_word' id='word_1_123' title='bbox 1091 941 1326 994; x_wconf 86' lang='lat' dir='ltr'><em>Turcicam,</em></span> <span class='ocrx_word' id='word_1_124' title='bbox 1360 955 1468 995; x_wconf 89' lang='lat' dir='ltr'><em>quae</em></span> <span class='ocrx_word' id='word_1_125' title='bbox 1489 955 1619 995; x_wconf 88' lang='lat' dir='ltr'><em>usque</em></span> <span class='ocrx_word' id='word_1_126' title='bbox 1641 941 1698 981; x_wconf 90' lang='lat' dir='ltr'><em>ad</em></span> <span class='ocrx_word' id='word_1_127' title='bbox 1722 940 1880 982; x_wconf 88' lang='lat' dir='ltr'><em>Ostiam</em></span> 
     </span>
     <span class='ocr_line' id='line_1_12' title="bbox 120 1003 1880 1060; baseline -0.001 -12"><span class='ocrx_word' id='word_1_128' title='bbox 120 1008 383 1048; x_wconf 74' lang='lat' dir='ltr'><em>excursiones</em></span> <span class='ocrx_word' id='word_1_129' title='bbox 412 1007 586 1060; x_wconf 82' lang='lat' dir='ltr'><em>fecerat,</em></span> <span class='ocrx_word' id='word_1_130' title='bbox 629 1012 713 1048; x_wconf 89' lang='lat' dir='ltr'><em>tota</em></span> <span class='ocrx_word' id='word_1_131' title='bbox 745 1007 847 1048; x_wconf 86' lang='lat' dir='ltr'><em>urbs</em></span> <span class='ocrx_word' id='word_1_132' title='bbox 880 1009 925 1048; x_wconf 89' lang='lat' dir='ltr'><em>in</em></span> <span class='ocrx_word' id='word_1_133' title='bbox 958 1007 1092 1048; x_wconf 90' lang='lat' dir='ltr'><em>armis</em></span> <span class='ocrx_word' id='word_1_134' title='bbox 1124 1005 1257 1047; x_wconf 84' lang='lat' dir='ltr'><em>erat“.</em></span> <span class='ocrx_word' id='word_1_135' title='bbox 1311 1006 1440 1047; x_wconf 86' lang='lat' dir='ltr'><em>Initio</em></span> <span class='ocrx_word' id='word_1_136' title='bbox 1473 1010 1610 1047; x_wconf 88' lang='lat' dir='ltr'><em>autem</em></span> <span class='ocrx_word' id='word_1_137' title='bbox 1641 1019 1695 1047; x_wconf 91' lang='lat' dir='ltr'><em>m.</em></span> <span class='ocrx_word' id='word_1_138' title='bbox 1718 1003 1880 1057; x_wconf 75' lang='lat' dir='ltr'><em>Iuni-231,</em></span> 
     </span>
     <span class='ocr_line' id='line_1_13' title="bbox 118 1070 1882 1126; baseline -0.001 -14"><span class='ocrx_word' id='word_1_139' title='bbox 118 1070 220 1112; x_wconf 86' lang='lat' dir='ltr'><em>dum</em></span> <span class='ocrx_word' id='word_1_140' title='bbox 252 1073 448 1113; x_wconf 84' lang='lat' dir='ltr'><em>sarcinas</em></span> <span class='ocrx_word' id='word_1_141' title='bbox 480 1073 689 1126; x_wconf 61' lang='lat' dir='ltr'><em>collimant,</em></span> <span class='ocrx_word' id='word_1_142' title='bbox 723 1071 1132 1126; x_wconf 71' lang='lat' dir='ltr'><em>comprehenduntur</em></span> <span class='ocrx_word' id='word_1_143' title='bbox 1156 1075 1190 1111; x_wconf 88' lang='lat' dir='ltr'><em>et</em></span> <span class='ocrx_word' id='word_1_144' title='bbox 1208 1072 1396 1125; x_wconf 88' lang='lat' dir='ltr'><em>primum</em></span> <span class='ocrx_word' id='word_1_145' title='bbox 1418 1072 1463 1111; x_wconf 91' lang='lat' dir='ltr'><em>in</em></span> <span class='ocrx_word' id='word_1_146' title='bbox 1487 1071 1719 1112; x_wconf 81' lang='lat' dir='ltr'><em>custodiam</em></span> <span class='ocrx_word' id='word_1_147' title='bbox 1746 1084 1882 1125; x_wconf 82' lang='lat' dir='ltr'><em>quan-</em></span> 
     </span>
     <span class='ocr_line' id='line_1_14' title="bbox 119 1134 1883 1191; baseline -0.001 -14"><span class='ocrx_word' id='word_1_148' title='bbox 119 1136 221 1177; x_wconf 86' lang='lat' dir='ltr'><em>dam</em></span> <span class='ocrx_word' id='word_1_149' title='bbox 250 1137 462 1191; x_wconf 81' lang='lat' dir='ltr'><em>publicam</em></span> <span class='ocrx_word' id='word_1_150' title='bbox 496 1137 668 1189; x_wconf 86' lang='lat' dir='ltr'><em>dantur,</em></span> <span class='ocrx_word' id='word_1_151' title='bbox 705 1137 857 1178; x_wconf 89' lang='lat' dir='ltr'><em>deinde</em></span> <span class='ocrx_word' id='word_1_152' title='bbox 890 1136 964 1177; x_wconf 88' lang='lat' dir='ltr'><em>sub</em></span> <span class='ocrx_word' id='word_1_153' title='bbox 997 1150 1212 1190; x_wconf 83' lang='lat' dir='ltr'><em>vesperum</em></span> <span class='ocrx_word' id='word_1_154' title='bbox 1247 1137 1318 1187; x_wconf 87' lang='lat' dir='ltr'><em>„in</em></span> <span class='ocrx_word' id='word_1_155' title='bbox 1343 1136 1467 1177; x_wconf 92' lang='lat' dir='ltr'><em>aedes</em></span> <span class='ocrx_word' id='word_1_156' title='bbox 1488 1135 1763 1190; x_wconf 88' lang='lat' dir='ltr'><em>Inquisitioni</em></span> <span class='ocrx_word' id='word_1_157' title='bbox 1781 1134 1883 1188; x_wconf 78' lang='lat' dir='ltr'><em>fidei</em></span> 
     </span>
     <span class='ocr_line' id='line_1_15' title="bbox 122 1200 1881 1256; baseline -0.001 -14"><span class='ocrx_word' id='word_1_158' title='bbox 122 1200 397 1254; x_wconf 81' lang='lat' dir='ltr'><em>destinatas“,</em></span> <span class='ocrx_word' id='word_1_159' title='bbox 440 1216 548 1256; x_wconf 88' lang='lat' dir='ltr'><em>quae</em></span> <span class='ocrx_word' id='word_1_160' title='bbox 585 1206 707 1253; x_wconf 84' lang='lat' dir='ltr'><em>„sunt</em></span> <span class='ocrx_word' id='word_1_161' title='bbox 738 1206 859 1242; x_wconf 82' lang='lat' dir='ltr'><em>trans</em></span> <span class='ocrx_word' id='word_1_162' title='bbox 898 1201 1093 1254; x_wconf 86' lang='lat' dir='ltr'><em>Tiberim,</em></span> <span class='ocrx_word' id='word_1_163' title='bbox 1133 1215 1264 1255; x_wconf 89' lang='lat' dir='ltr'><em>prope</em></span> <span class='ocrx_word' id='word_1_164' title='bbox 1296 1214 1501 1254; x_wconf 86' lang='lat' dir='ltr'><em>campum,</em></span> <span class='ocrx_word' id='word_1_165' title='bbox 1540 1214 1658 1254; x_wconf 87' lang='lat' dir='ltr'><em>quem</em></span> <span class='ocrx_word' id='word_1_166' title='bbox 1691 1204 1881 1241; x_wconf 85' lang='lat' dir='ltr'><em>sanctum</em></span> 
     </span>
     <span class='ocr_line' id='line_1_16' title="bbox 119 1264 1882 1321; baseline -0.002 -13"><span class='ocrx_word' id='word_1_167' title='bbox 119 1267 335 1320; x_wconf 83' lang='lat' dir='ltr'><em>appellant</em></span> <span class='ocrx_word' id='word_1_168' title='bbox 367 1266 580 1321; x_wconf 83' lang='lat' dir='ltr'><em>[„Campo</em></span> <span class='ocrx_word' id='word_1_169' title='bbox 612 1265 813 1319; x_wconf 82' lang='lat' dir='ltr'><em>Santo“],</em></span> <span class='ocrx_word' id='word_1_170' title='bbox 848 1266 905 1307; x_wconf 87' lang='lat' dir='ltr'><em>ad</em></span> <span class='ocrx_word' id='word_1_171' title='bbox 934 1270 1101 1320; x_wconf 89' lang='lat' dir='ltr'><em>portam</em></span> <span class='ocrx_word' id='word_1_172' title='bbox 1129 1264 1380 1307; x_wconf 81' lang='lat' dir='ltr'><em>Turrionis“</em></span> <span class='ocrx_word' id='word_1_173' title='bbox 1416 1264 1578 1320; x_wconf 87' lang='lat' dir='ltr'><em>(postea</em></span> <span class='ocrx_word' id='word_1_174' title='bbox 1618 1269 1741 1319; x_wconf 87' lang='lat' dir='ltr'><em>porta</em></span> <span class='ocrx_word' id='word_1_175' title='bbox 1776 1264 1882 1316; x_wconf 85' lang='lat' dir='ltr'><em>„Po-</em></span> 
     </span>
     <span class='ocr_line' id='line_1_17' title="bbox 118 1329 1882 1384; baseline -0.001 -12"><span class='ocrx_word' id='word_1_176' title='bbox 118 1330 322 1384; x_wconf 77' lang='lat' dir='ltr'><em>sterula“,</em></span> <span class='ocrx_word' id='word_1_177' title='bbox 346 1333 432 1372; x_wconf 87' lang='lat' dir='ltr'><em>nisi</em></span> <span class='ocrx_word' id='word_1_178' title='bbox 450 1331 596 1384; x_wconf 81' lang='lat' dir='ltr'><em>fallor,</em></span> <span class='ocrx_word' id='word_1_179' title='bbox 619 1331 868 1383; x_wconf 70' lang='lat' dir='ltr'><em>vocabatur)</em></span> <span class='ocrx_word' id='word_1_180' title='bbox 891 1332 1197 1372; x_wconf 86' lang='lat' dir='ltr'><em>conducuntur.</em></span> <span class='ocrx_word' id='word_1_181' title='bbox 1246 1329 1312 1371; x_wconf 88' lang='lat' dir='ltr'><em>Ibi</em></span> <span class='ocrx_word' id='word_1_182' title='bbox 1339 1335 1532 1384; x_wconf 87' lang='lat' dir='ltr'><em>„propter</em></span> <span class='ocrx_word' id='word_1_183' title='bbox 1555 1329 1882 1382; x_wconf 81' lang='lat' dir='ltr'><em>confessionem,</em></span> 
     </span>
     <span class='ocr_line' id='line_1_18' title="bbox 118 1395 1881 1451; baseline -0.001 -14"><span class='ocrx_word' id='word_1_184' title='bbox 118 1398 180 1438; x_wconf 80' lang='lat' dir='ltr'><em>vel</em></span> <span class='ocrx_word' id='word_1_185' title='bbox 203 1397 327 1437; x_wconf 88' lang='lat' dir='ltr'><em>etiam</em></span> <span class='ocrx_word' id='word_1_186' title='bbox 350 1401 510 1437; x_wconf 87' lang='lat' dir='ltr'><em>tantum</em></span> <span class='ocrx_word' id='word_1_187' title='bbox 534 1398 809 1451; x_wconf 86' lang='lat' dir='ltr'><em>suspicionem</em></span> <span class='ocrx_word' id='word_1_188' title='bbox 833 1397 1022 1437; x_wconf 84' lang='lat' dir='ltr'><em>veritatis</em></span> <span class='ocrx_word' id='word_1_189' title='bbox 1044 1395 1321 1451; x_wconf 78' lang='lat' dir='ltr'><em>Evanqelicae</em></span> <span class='ocrx_word' id='word_1_190' title='bbox 1345 1429 1353 1437; x_wconf 95' lang='lat'><strong><em>.</em></strong></span> <span class='ocrx_word' id='word_1_191' title='bbox 1376 1429 1383 1436; x_wconf 92' lang='lat'><strong>.</strong></span> <span class='ocrx_word' id='word_1_192' title='bbox 1405 1430 1412 1437; x_wconf 90' lang='lat'><strong><em>.</em></strong></span> <span class='ocrx_word' id='word_1_193' title='bbox 1437 1396 1579 1449; x_wconf 88' lang='lat' dir='ltr'><em>plures</em></span> <span class='ocrx_word' id='word_1_194' title='bbox 1596 1396 1663 1449; x_wconf 87' lang='lat' dir='ltr'><em>pii</em></span> <span class='ocrx_word' id='word_1_195' title='bbox 1684 1395 1881 1447; x_wconf 74' lang='lat' dir='ltr'><em>homineS,</em></span> 
     </span>
     <span class='ocr_line' id='line_1_19' title="bbox 120 1459 1883 1516; baseline -0.001 -14"><span class='ocrx_word' id='word_1_196' title='bbox 120 1463 167 1502; x_wconf 89' lang='lat' dir='ltr'><em>in</em></span> <span class='ocrx_word' id='word_1_197' title='bbox 199 1462 410 1516; x_wconf 85' lang='lat' dir='ltr'><em>separatis</em></span> <span class='ocrx_word' id='word_1_198' title='bbox 442 1461 656 1514; x_wconf 75' lang='lat' dir='ltr'><em>cubiculiS,</em></span> <span class='ocrx_word' id='word_1_199' title='bbox 690 1462 862 1515; x_wconf 74' lang='lat' dir='ltr'><em>sinquli,</em></span> <span class='ocrx_word' id='word_1_200' title='bbox 896 1461 997 1514; x_wconf 90' lang='lat' dir='ltr'><em>bini,</em></span> <span class='ocrx_word' id='word_1_201' title='bbox 1032 1465 1068 1502; x_wconf 89' lang='lat' dir='ltr'><em>et</em></span> <span class='ocrx_word' id='word_1_202' title='bbox 1089 1461 1195 1501; x_wconf 86' lang='lat' dir='ltr'><em>trini</em></span> <span class='ocrx_word' id='word_1_203' title='bbox 1216 1474 1375 1515; x_wconf 90' lang='lat' dir='ltr'><em>quoque</em></span> <span class='ocrx_word' id='word_1_204' title='bbox 1397 1461 1535 1513; x_wconf 87' lang='lat' dir='ltr'><em>simul,</em></span> <span class='ocrx_word' id='word_1_205' title='bbox 1570 1459 1722 1515; x_wconf 83' lang='lat' dir='ltr'><em>absque</em></span> <span class='ocrx_word' id='word_1_206' title='bbox 1744 1465 1883 1501; x_wconf 87' lang='lat' dir='ltr'><em>tamen</em></span> 
     </span>
     <span class='ocr_line' id='line_1_20' title="bbox 119 1524 1884 1581; baseline -0.001 -14"><span class='ocrx_word' id='word_1_207' title='bbox 119 1527 300 1567; x_wconf 79' lang='lat' dir='ltr'><em>vinculis</em></span> <span class='ocrx_word' id='word_1_208' title='bbox 333 1528 555 1581; x_wconf 90' lang='lat' dir='ltr'><em>(quantum</em></span> <span class='ocrx_word' id='word_1_209' title='bbox 578 1540 647 1580; x_wconf 75' lang='lat' dir='ltr'><em>eqo</em></span> <span class='ocrx_word' id='word_1_210' title='bbox 669 1526 780 1578; x_wconf 75' lang='lat' dir='ltr'><em>vidi)</em></span> <span class='ocrx_word' id='word_1_211' title='bbox 802 1524 981 1567; x_wconf 79' lang='lat' dir='ltr'><em>inclusi“</em></span> <span class='ocrx_word' id='word_1_212' title='bbox 1019 1531 1139 1566; x_wconf 89' lang='lat' dir='ltr'><em>erant</em></span> <span class='ocrx_word' id='word_1_213' title='bbox 1152 1526 1180 1567; x_wconf 78' lang='lat'><em>2.</em></span> <span class='ocrx_word' id='word_1_214' title='bbox 1237 1525 1512 1567; x_wconf 82' lang='lat' dir='ltr'><em>Camerarius</em></span> <span class='ocrx_word' id='word_1_215' title='bbox 1544 1527 1679 1567; x_wconf 86' lang='lat' dir='ltr'><em>socius</em></span> <span class='ocrx_word' id='word_1_216' title='bbox 1711 1525 1884 1566; x_wconf 88' lang='lat' dir='ltr'><em>additus</em></span> 
     </span>
     <span class='ocr_line' id='line_1_21' title="bbox 121 1590 1885 1645; baseline -0.001 -13"><span class='ocrx_word' id='word_1_217' title='bbox 121 1596 181 1633; x_wconf 86' lang='lat' dir='ltr'><em>est</em></span> <span class='ocrx_word' id='word_1_218' title='bbox 214 1591 438 1645; x_wconf 85' lang='lat' dir='ltr'><em>„Pompeio</em></span> <span class='ocrx_word' id='word_1_219' title='bbox 480 1591 529 1632; x_wconf 92' lang='lat' dir='ltr'><em>de</em></span> <span class='ocrx_word' id='word_1_220' title='bbox 572 1590 789 1632; x_wconf 85' lang='lat' dir='ltr'><em>Montibus</em></span> <span class='ocrx_word' id='word_1_221' title='bbox 831 1591 996 1632; x_wconf 87' lang='lat' dir='ltr'><em>Baroni</em></span> <span class='ocrx_word' id='word_1_222' title='bbox 1027 1590 1352 1645; x_wconf 85' lang='lat' dir='ltr'><em>Neapolitano“,</em></span> <span class='ocrx_word' id='word_1_223' title='bbox 1397 1592 1469 1644; x_wconf 88' lang='lat' dir='ltr'><em>qui</em></span> <span class='ocrx_word' id='word_1_224' title='bbox 1509 1595 1545 1632; x_wconf 90' lang='lat' dir='ltr'><em>et</em></span> <span class='ocrx_word' id='word_1_225' title='bbox 1587 1591 1692 1631; x_wconf 88' lang='lat' dir='ltr'><em>duos</em></span> <span class='ocrx_word' id='word_1_226' title='bbox 1733 1591 1885 1631; x_wconf 88' lang='lat' dir='ltr'><em>milites</em></span> 
     </span>
     <span class='ocr_line' id='line_1_22' title="bbox 123 1654 1886 1708; baseline 0 -12"><span class='ocrx_word' id='word_1_227' title='bbox 123 1657 333 1697; x_wconf 85' lang='lat' dir='ltr'><em>occiderat</em></span> <span class='ocrx_word' id='word_1_228' title='bbox 375 1660 411 1696; x_wconf 91' lang='lat' dir='ltr'><em>et</em></span> <span class='ocrx_word' id='word_1_229' title='bbox 450 1657 639 1697; x_wconf 79' lang='lat' dir='ltr'><em>incendii</em></span> <span class='ocrx_word' id='word_1_230' title='bbox 680 1656 901 1697; x_wconf 89' lang='lat' dir='ltr'><em>cuiusdam</em></span> <span class='ocrx_word' id='word_1_231' title='bbox 938 1660 1083 1697; x_wconf 88' lang='lat' dir='ltr'><em>auctor</em></span> <span class='ocrx_word' id='word_1_232' title='bbox 1111 1654 1248 1708; x_wconf 79' lang='lat' dir='ltr'><em>fuisse</em></span> <span class='ocrx_word' id='word_1_233' title='bbox 1288 1656 1541 1696; x_wconf 79' lang='lat' dir='ltr'><em>tradebatur</em></span> <span class='ocrx_word' id='word_1_234' title='bbox 1573 1660 1610 1696; x_wconf 91' lang='lat' dir='ltr'><em>et</em></span> <span class='ocrx_word' id='word_1_235' title='bbox 1644 1655 1886 1707; x_wconf 87' lang='lat' dir='ltr'><em>„haereseos</em></span> 
     </span>
     <span class='ocr_line' id='line_1_23' title="bbox 123 1719 1884 1774; baseline -0.001 -13"><span class='ocrx_word' id='word_1_236' title='bbox 123 1722 290 1762; x_wconf 88' lang='lat' dir='ltr'><em>nomine</em></span> <span class='ocrx_word' id='word_1_237' title='bbox 323 1719 513 1762; x_wconf 86' lang='lat' dir='ltr'><em>delatus“</em></span> <span class='ocrx_word' id='word_1_238' title='bbox 553 1725 642 1761; x_wconf 88' lang='lat' dir='ltr'><em>erat</em></span> <span class='ocrx_word' id='word_1_239' title='bbox 655 1720 683 1762; x_wconf 87' lang='lat'><em>3.</em></span> <span class='ocrx_word' id='word_1_240' title='bbox 754 1720 890 1761; x_wconf 88' lang='lat' dir='ltr'><em>Tertio</em></span> <span class='ocrx_word' id='word_1_241' title='bbox 920 1725 1013 1774; x_wconf 89' lang='lat' dir='ltr'><em>post</em></span> <span class='ocrx_word' id='word_1_242' title='bbox 1045 1721 1113 1761; x_wconf 90' lang='lat' dir='ltr'><em>die</em></span> <span class='ocrx_word' id='word_1_243' title='bbox 1147 1720 1423 1761; x_wconf 84' lang='lat' dir='ltr'><em>Camerarius</em></span> <span class='ocrx_word' id='word_1_244' title='bbox 1457 1734 1481 1761; x_wconf 90' lang='lat' dir='ltr'><em>a</em></span> <span class='ocrx_word' id='word_1_245' title='bbox 1514 1720 1589 1762; x_wconf 87' lang='lat' dir='ltr'><em>Fr.</em></span> <span class='ocrx_word' id='word_1_246' title='bbox 1613 1721 1785 1774; x_wconf 80' lang='lat' dir='ltr'><em>Anqelo,</em></span> <span class='ocrx_word' id='word_1_247' title='bbox 1820 1733 1884 1760; x_wconf 87' lang='lat' dir='ltr'><em>or-</em></span> 
     </span>
     <span class='ocr_line' id='line_1_24' title="bbox 123 1785 1885 1840; baseline -0.001 -14"><span class='ocrx_word' id='word_1_248' title='bbox 123 1785 239 1826; x_wconf 84' lang='lat' dir='ltr'><em>dinis</em></span> <span class='ocrx_word' id='word_1_249' title='bbox 271 1785 639 1838; x_wconf 81' lang='lat' dir='ltr'><em>Praedicatorum,</em></span> <span class='ocrx_word' id='word_1_250' title='bbox 682 1786 755 1839; x_wconf 89' lang='lat' dir='ltr'><em>qui</em></span> <span class='ocrx_word' id='word_1_251' title='bbox 786 1785 1075 1840; x_wconf 86' lang='lat' dir='ltr'><em>inquisitorem</em></span> <span class='ocrx_word' id='word_1_252' title='bbox 1109 1785 1270 1840; x_wconf 79' lang='lat' dir='ltr'><em>aqebat,</em></span> <span class='ocrx_word' id='word_1_253' title='bbox 1313 1785 1490 1826; x_wconf 88' lang='lat' dir='ltr'><em>auditus</em></span> <span class='ocrx_word' id='word_1_254' title='bbox 1522 1789 1592 1826; x_wconf 88' lang='lat' dir='ltr'><em>est.</em></span> <span class='ocrx_word' id='word_1_255' title='bbox 1659 1785 1746 1826; x_wconf 83' lang='lat' dir='ltr'><em>Cur</em></span> <span class='ocrx_word' id='word_1_256' title='bbox 1777 1798 1885 1825; x_wconf 88' lang='lat' dir='ltr'><em>com-</em></span> 
     </span>
     <span class='ocr_line' id='line_1_25' title="bbox 120 1849 1886 1905; baseline 0 -15"><span class='ocrx_word' id='word_1_257' title='bbox 120 1851 354 1905; x_wconf 86' lang='lat' dir='ltr'><em>prehensus</em></span> <span class='ocrx_word' id='word_1_258' title='bbox 376 1855 490 1902; x_wconf 83' lang='lat' dir='ltr'><em>esset,</em></span> <span class='ocrx_word' id='word_1_259' title='bbox 514 1851 728 1892; x_wconf 70' lang='lat' dir='ltr'><em>intellexit.</em></span> <span class='ocrx_word' id='word_1_260' title='bbox 782 1850 934 1900; x_wconf 87' lang='lat' dir='ltr'><em>„Falso</em></span> <span class='ocrx_word' id='word_1_261' title='bbox 960 1849 1147 1891; x_wconf 85' lang='lat' dir='ltr'><em>delatus“</em></span> <span class='ocrx_word' id='word_1_262' title='bbox 1174 1857 1266 1891; x_wconf 87' lang='lat' dir='ltr'><em>erat</em></span> <span class='ocrx_word' id='word_1_263' title='bbox 1289 1850 1339 1891; x_wconf 87' lang='lat' dir='ltr'><em>de</em></span> <span class='ocrx_word' id='word_1_264' title='bbox 1361 1851 1460 1891; x_wconf 76' lang='lat' dir='ltr'><em>rixa</em></span> <span class='ocrx_word' id='word_1_265' title='bbox 1483 1850 1629 1905; x_wconf 89' lang='lat' dir='ltr'><em>aliqua</em></span> <span class='ocrx_word' id='word_1_266' title='bbox 1652 1849 1886 1890; x_wconf 87' lang='lat' dir='ltr'><em>Ferrariae</em></span> 
     </span>
     <span class='ocr_line' id='line_1_26' title="bbox 123 1914 1884 1970; baseline -0.001 -14"><span class='ocrx_word' id='word_1_267' title='bbox 123 1921 230 1968; x_wconf 90' lang='lat' dir='ltr'><em>orta,</em></span> <span class='ocrx_word' id='word_1_268' title='bbox 273 1918 319 1957; x_wconf 90' lang='lat' dir='ltr'><em>in</em></span> <span class='ocrx_word' id='word_1_269' title='bbox 361 1929 444 1970; x_wconf 86' lang='lat' dir='ltr'><em>qua</em></span> <span class='ocrx_word' id='word_1_270' title='bbox 478 1915 684 1956; x_wconf 83' lang='lat' dir='ltr'><em>Germani</em></span> <span class='ocrx_word' id='word_1_271' title='bbox 725 1915 963 1955; x_wconf 84' lang='lat' dir='ltr'><em>litterarum</em></span> <span class='ocrx_word' id='word_1_272' title='bbox 996 1916 1176 1955; x_wconf 84' lang='lat' dir='ltr'><em>studiosi</em></span> <span class='ocrx_word' id='word_1_273' title='bbox 1214 1914 1391 1969; x_wconf 88' lang='lat' dir='ltr'><em>probum</em></span> <span class='ocrx_word' id='word_1_274' title='bbox 1429 1916 1637 1969; x_wconf 85' lang='lat' dir='ltr'><em>quendam</em></span> <span class='ocrx_word' id='word_1_275' title='bbox 1679 1915 1884 1956; x_wconf 87' lang='lat' dir='ltr'><em>hominem</em></span> 
     </span>
     <span class='ocr_line' id='line_1_27' title="bbox 123 1978 1888 2034; baseline -0.001 -13"><span class='ocrx_word' id='word_1_276' title='bbox 123 1980 364 2022; x_wconf 78' lang='lat' dir='ltr'><em>verberibus</em></span> <span class='ocrx_word' id='word_1_277' title='bbox 397 1979 634 2033; x_wconf 82' lang='lat' dir='ltr'><em>affecissent</em></span> <span class='ocrx_word' id='word_1_278' title='bbox 666 1984 788 2034; x_wconf 91' lang='lat' dir='ltr'><em>atque</em></span> <span class='ocrx_word' id='word_1_279' title='bbox 822 1981 904 2033; x_wconf 88' lang='lat' dir='ltr'><em>ipsi</em></span> <span class='ocrx_word' id='word_1_280' title='bbox 935 1993 1094 2020; x_wconf 90' lang='lat' dir='ltr'><em>summo</em></span> <span class='ocrx_word' id='word_1_281' title='bbox 1122 1979 1314 2034; x_wconf 80' lang='lat' dir='ltr'><em>pontifici</em></span> <span class='ocrx_word' id='word_1_282' title='bbox 1355 1982 1462 2022; x_wconf 89' lang='lat' dir='ltr'><em>male</em></span> <span class='ocrx_word' id='word_1_283' title='bbox 1504 1980 1721 2021; x_wconf 73' lang='lat' dir='ltr'><em>dixissent.</em></span> <span class='ocrx_word' id='word_1_284' title='bbox 1785 1978 1888 2020; x_wconf 70' lang='lat' dir='ltr'><em>Mox</em></span> 
     </span>
     <span class='ocr_line' id='line_1_28' title="bbox 123 2044 1886 2099; baseline -0.001 -13"><span class='ocrx_word' id='word_1_285' title='bbox 123 2050 261 2087; x_wconf 87' lang='lat' dir='ltr'><em>tamen</em></span> <span class='ocrx_word' id='word_1_286' title='bbox 306 2060 352 2086; x_wconf 90' lang='lat' dir='ltr'><em>ea</em></span> <span class='ocrx_word' id='word_1_287' title='bbox 396 2046 635 2099; x_wconf 86' lang='lat' dir='ltr'><em>quaestione</em></span> <span class='ocrx_word' id='word_1_288' title='bbox 680 2045 928 2085; x_wconf 82' lang='lat' dir='ltr'><em>destiterunt</em></span> <span class='ocrx_word' id='word_1_289' title='bbox 972 2049 1094 2099; x_wconf 88' lang='lat' dir='ltr'><em>atque</em></span> <span class='ocrx_word' id='word_1_290' title='bbox 1136 2044 1329 2099; x_wconf 81' lang='lat' dir='ltr'><em>deinceps</em></span> <span class='ocrx_word' id='word_1_291' title='bbox 1370 2045 1419 2086; x_wconf 89' lang='lat' dir='ltr'><em>de</em></span> <span class='ocrx_word' id='word_1_292' title='bbox 1460 2059 1549 2086; x_wconf 82' lang='lat' dir='ltr'><em>una</em></span> <span class='ocrx_word' id='word_1_293' title='bbox 1589 2046 1791 2098; x_wconf 77' lang='lat' dir='ltr'><em>reliqione</em></span> <span class='ocrx_word' id='word_1_294' title='bbox 1832 2045 1886 2085; x_wconf 91' lang='lat' dir='ltr'><em>lo-</em></span> 
     </span>
     <span class='ocr_line' id='line_1_29' title="bbox 123 2109 1886 2163; baseline -0.001 -12"><span class='ocrx_word' id='word_1_295' title='bbox 123 2112 209 2151; x_wconf 88' lang='lat' dir='ltr'><em>cuti</em></span> <span class='ocrx_word' id='word_1_296' title='bbox 240 2115 349 2151; x_wconf 89' lang='lat' dir='ltr'><em>sunt.</em></span> <span class='ocrx_word' id='word_1_297' title='bbox 403 2109 616 2150; x_wconf 89' lang='lat' dir='ltr'><em>Postridie</em></span> <span class='ocrx_word' id='word_1_298' title='bbox 649 2110 736 2150; x_wconf 85' lang='lat' dir='ltr'><em>eius</em></span> <span class='ocrx_word' id='word_1_299' title='bbox 769 2109 852 2150; x_wconf 90' lang='lat' dir='ltr'><em>diei</em></span> <span class='ocrx_word' id='word_1_300' title='bbox 884 2110 1035 2150; x_wconf 89' lang='lat' dir='ltr'><em>iterum</em></span> <span class='ocrx_word' id='word_1_301' title='bbox 1068 2123 1160 2157; x_wconf 87' lang='lat' dir='ltr'><em>cum</em></span> <span class='ocrx_word' id='word_1_302' title='bbox 1193 2123 1236 2150; x_wconf 89' lang='lat' dir='ltr'><em>eo</em></span> <span class='ocrx_word' id='word_1_303' title='bbox 1270 2109 1482 2163; x_wconf 71' lang='lat' dir='ltr'><em>eqerunt4.</em></span> <span class='ocrx_word' id='word_1_304' title='bbox 1546 2110 1688 2150; x_wconf 86' lang='lat' dir='ltr'><em>Altero</em></span> <span class='ocrx_word' id='word_1_305' title='bbox 1723 2109 1790 2150; x_wconf 81' lang='lat' dir='ltr'><em>die</em></span> <span class='ocrx_word' id='word_1_306' title='bbox 1821 2110 1886 2150; x_wconf 88' lang='lat' dir='ltr'><em>in-</em></span> 
     </span>
     <span class='ocr_line' id='line_1_30' title="bbox 125 2174 1885 2230; baseline -0.001 -14"><span class='ocrx_word' id='word_1_307' title='bbox 125 2176 304 2230; x_wconf 85' lang='lat' dir='ltr'><em>quisitor</em></span> <span class='ocrx_word' id='word_1_308' title='bbox 335 2175 447 2215; x_wconf 85' lang='lat' dir='ltr'><em>solus</em></span> <span class='ocrx_word' id='word_1_309' title='bbox 480 2188 571 2215; x_wconf 86' lang='lat' dir='ltr'><em>eum</em></span> <span class='ocrx_word' id='word_1_310' title='bbox 604 2175 789 2215; x_wconf 81' lang='lat' dir='ltr'><em>convenit</em></span> <span class='ocrx_word' id='word_1_311' title='bbox 823 2178 870 2226; x_wconf 87' lang='lat' dir='ltr'><em>et,</em></span> <span class='ocrx_word' id='word_1_312' title='bbox 913 2179 958 2215; x_wconf 88' lang='lat' dir='ltr'><em>ut</em></span> <span class='ocrx_word' id='word_1_313' title='bbox 990 2175 1229 2229; x_wconf 72' lang='lat' dir='ltr'><em>reliqionem</em></span> <span class='ocrx_word' id='word_1_314' title='bbox 1272 2174 1515 2215; x_wconf 77' lang='lat' dir='ltr'><em>catholicam</em></span> <span class='ocrx_word' id='word_1_315' title='bbox 1556 2175 1885 2228; x_wconf 79' lang='lat' dir='ltr'><em>amplecteretur,</em></span> 
     </span>
     <span class='ocr_line' id='line_1_31' title="bbox 123 2239 766 2281; baseline 0 -1"><span class='ocrx_word' id='word_1_316' title='bbox 123 2240 379 2281; x_wconf 80' lang='lat' dir='ltr'><em>vehementer</em></span> <span class='ocrx_word' id='word_1_317' title='bbox 411 2239 662 2280; x_wconf 76' lang='lat' dir='ltr'><em>adhortatus</em></span> <span class='ocrx_word' id='word_1_318' title='bbox 696 2243 766 2280; x_wconf 88' lang='lat' dir='ltr'><em>est.</em></span> 
     </span>
    </p>

    <p class='ocr_par' dir='ltr' id='par_1_3' title="bbox 125 2302 1888 2486">
     <span class='ocr_line' id='line_1_32' title="bbox 242 2302 1887 2356; baseline -0.001 -11"><span class='ocrx_word' id='word_1_319' title='bbox 242 2303 467 2345; x_wconf 90' lang='lat' dir='ltr'><em>Plusculos</em></span> <span class='ocrx_word' id='word_1_320' title='bbox 498 2306 597 2356; x_wconf 89' lang='lat' dir='ltr'><em>post</em></span> <span class='ocrx_word' id='word_1_321' title='bbox 629 2302 733 2352; x_wconf 53' lang='lat' dir='ltr'><em>dies</em></span> <span class='ocrx_word' id='word_1_322' title='bbox 767 2317 861 2344; x_wconf 90' lang='lat' dir='ltr'><em>cum</em></span> <span class='ocrx_word' id='word_1_323' title='bbox 885 2302 1041 2345; x_wconf 83' lang='lat' dir='ltr'><em>Petrus</em></span> <span class='ocrx_word' id='word_1_324' title='bbox 1064 2303 1272 2353; x_wconf 79' lang='lat' dir='ltr'><em>Canisius,</em></span> <span class='ocrx_word' id='word_1_325' title='bbox 1306 2317 1446 2345; x_wconf 84' lang='lat' dir='ltr'><em>novae</em></span> <span class='ocrx_word' id='word_1_326' title='bbox 1478 2303 1592 2345; x_wconf 87' lang='lat' dir='ltr'><em>illius</em></span> <span class='ocrx_word' id='word_1_327' title='bbox 1621 2306 1780 2354; x_wconf 87' lang='lat' dir='ltr'><em>sectae,</em></span> <span class='ocrx_word' id='word_1_328' title='bbox 1816 2303 1887 2356; x_wconf 86' lang='lat' dir='ltr'><em>qui</em></span> 
     </span>
     <span class='ocr_line' id='line_1_33' title="bbox 125 2367 1887 2421; baseline -0.001 -11"><span class='ocrx_word' id='word_1_329' title='bbox 125 2368 229 2410; x_wconf 90' lang='lat' dir='ltr'><em>socii</em></span> <span class='ocrx_word' id='word_1_330' title='bbox 261 2368 404 2410; x_wconf 80' lang='lat' dir='ltr'>JESU</span> <span class='ocrx_word' id='word_1_331' title='bbox 446 2367 656 2421; x_wconf 82' lang='lat' dir='ltr'><em>appellari</em></span> <span class='ocrx_word' id='word_1_332' title='bbox 698 2367 887 2417; x_wconf 81' lang='lat' dir='ltr'><em>malunt,</em></span> <span class='ocrx_word' id='word_1_333' title='bbox 931 2371 1061 2421; x_wconf 82' lang='lat' dir='ltr'><em>caput</em></span> <span class='ocrx_word' id='word_1_334' title='bbox 1103 2368 1154 2410; x_wconf 88' lang='lat' dir='ltr'><em>de</em></span> <span class='ocrx_word' id='word_1_335' title='bbox 1196 2370 1346 2410; x_wconf 82' lang='lat' dir='ltr'><em>nostra</em></span> <span class='ocrx_word' id='word_1_336' title='bbox 1388 2368 1635 2410; x_wconf 76' lang='lat' dir='ltr'><em>detentione</em></span> <span class='ocrx_word' id='word_1_337' title='bbox 1677 2368 1819 2410; x_wconf 86' lang='lat' dir='ltr'><em>nescio</em></span> <span class='ocrx_word' id='word_1_338' title='bbox 1861 2381 1887 2409; x_wconf 80' lang='lat' dir='ltr'>a</span> 
     </span>
     <span class='ocr_line' id='line_1_34' title="bbox 125 2432 1888 2486; baseline -0.001 -11"><span class='ocrx_word' id='word_1_339' title='bbox 125 2433 279 2486; x_wconf 88' lang='lat' dir='ltr'><em>quibus</em></span> <span class='ocrx_word' id='word_1_340' title='bbox 302 2433 591 2485; x_wconf 78' lang='lat' dir='ltr'><em>cognovisset,</em></span> <span class='ocrx_word' id='word_1_341' title='bbox 625 2432 814 2474; x_wconf 81' lang='lat' dir='ltr'><em>fortasse</em></span> <span class='ocrx_word' id='word_1_342' title='bbox 836 2433 968 2474; x_wconf 81' lang='lat' dir='ltr'><em>etiam</em></span> <span class='ocrx_word' id='word_1_343' title='bbox 990 2435 1169 2486; x_wconf 84' lang='lat' dir='ltr'><em>propter</em></span> <span class='ocrx_word' id='word_1_344' title='bbox 1191 2432 1390 2475; x_wconf 83' lang='lat' dir='ltr'><em>notitiam</em></span> <span class='ocrx_word' id='word_1_345' title='bbox 1424 2433 1619 2483; x_wconf 89' lang='lat' dir='ltr'><em>nominis,</em></span> <span class='ocrx_word' id='word_1_346' title='bbox 1653 2432 1888 2486; x_wconf 77' lang='lat' dir='ltr'><em>impetrata</em></span> 
     </span>
    </p>
   </div>
   <div class='ocr_carea' id='block_1_3' title="bbox 124 2582 1891 3262">
    <p class='ocr_par' dir='ltr' id='par_1_4' title="bbox 124 2582 1888 2787">
     <span class='ocr_line' id='line_1_35' title="bbox 247 2582 1888 2627; baseline -0.001 -9"><span class='ocrx_word' id='word_1_347' title='bbox 247 2584 257 2604; x_wconf 87' lang='lat'><strong>¹</strong></span> <span class='ocrx_word' id='word_1_348' title='bbox 284 2583 513 2618; x_wconf 80' lang='lat' dir='ltr'><em>Camerarius</em></span> <span class='ocrx_word' id='word_1_349' title='bbox 548 2583 640 2617; x_wconf 85' lang='lat' dir='ltr'><em>diem</em></span> <span class='ocrx_word' id='word_1_350' title='bbox 667 2583 698 2618; x_wconf 87' lang='lat'><em>5.</em></span> <span class='ocrx_word' id='word_1_351' title='bbox 725 2582 817 2617; x_wconf 87' lang='lat' dir='ltr'><em>Iunii</em></span> <span class='ocrx_word' id='word_1_352' title='bbox 852 2583 969 2627; x_wconf 81' lang='lat' dir='ltr'><em>ponit:</em></span> <span class='ocrx_word' id='word_1_353' title='bbox 1007 2594 1051 2616; x_wconf 83' lang='lat' dir='ltr'><em>ex</em></span> <span class='ocrx_word' id='word_1_354' title='bbox 1087 2582 1218 2616; x_wconf 83' lang='lat' dir='ltr'><em>litteris</em></span> <span class='ocrx_word' id='word_1_355' title='bbox 1254 2586 1373 2616; x_wconf 85' lang='lat' dir='ltr'><em>autem</em></span> <span class='ocrx_word' id='word_1_356' title='bbox 1410 2582 1561 2616; x_wconf 82' lang='lat' dir='ltr'><em>oratoris</em></span> <span class='ocrx_word' id='word_1_357' title='bbox 1594 2583 1763 2623; x_wconf 77' lang='lat' dir='ltr'><em>caesarei,</em></span> <span class='ocrx_word' id='word_1_358' title='bbox 1799 2594 1888 2627; x_wconf 85' lang='lat' dir='ltr'><em>quas</em></span> 
     </span>
     <span class='ocr_line' id='line_1_36' title="bbox 124 2635 1887 2681; baseline -0.001 -11"><span class='ocrx_word' id='word_1_359' title='bbox 124 2636 219 2670; x_wconf 85' lang='lat' dir='ltr'><em>infra</em></span> <span class='ocrx_word' id='word_1_360' title='bbox 249 2636 355 2680; x_wconf 89' lang='lat' dir='ltr'><em>(mon.</em></span> <span class='ocrx_word' id='word_1_361' title='bbox 383 2637 467 2679; x_wconf 76' lang='lat'>814)</span> <span class='ocrx_word' id='word_1_362' title='bbox 497 2648 636 2681; x_wconf 84' lang='lat' dir='ltr'><em>ponam,</em></span> <span class='ocrx_word' id='word_1_363' title='bbox 672 2636 765 2670; x_wconf 87' lang='lat' dir='ltr'><em>diem</em></span> <span class='ocrx_word' id='word_1_364' title='bbox 793 2636 824 2669; x_wconf 85' lang='lat'><em>7.</em></span> <span class='ocrx_word' id='word_1_365' title='bbox 852 2636 943 2669; x_wconf 88' lang='lat' dir='ltr'><em>Iunii</em></span> <span class='ocrx_word' id='word_1_366' title='bbox 979 2635 1181 2680; x_wconf 88' lang='lat' dir='ltr'><em>ponendum</em></span> <span class='ocrx_word' id='word_1_367' title='bbox 1213 2635 1326 2670; x_wconf 82' lang='lat' dir='ltr'><em>fuisse</em></span> <span class='ocrx_word' id='word_1_368' title='bbox 1354 2635 1633 2675; x_wconf 83' lang='lat' dir='ltr'><em>coniectaveris;</em></span> <span class='ocrx_word' id='word_1_369' title='bbox 1671 2646 1887 2680; x_wconf 84' lang='lat' dir='ltr'><em>quamquam</em></span> 
     </span>
     <span class='ocr_line' id='line_1_37' title="bbox 125 2687 1888 2734; baseline -0.001 -10"><span class='ocrx_word' id='word_1_370' title='bbox 125 2690 192 2724; x_wconf 85' lang='lat' dir='ltr'><em>hae</em></span> <span class='ocrx_word' id='word_1_371' title='bbox 227 2702 296 2724; x_wconf 90' lang='lat' dir='ltr'><em>non</em></span> <span class='ocrx_word' id='word_1_372' title='bbox 332 2689 382 2723; x_wconf 80' lang='lat' dir='ltr'><em>ita</em></span> <span class='ocrx_word' id='word_1_373' title='bbox 419 2690 630 2734; x_wconf 83' lang='lat' dir='ltr'><em>perspicuae</em></span> <span class='ocrx_word' id='word_1_374' title='bbox 665 2691 759 2729; x_wconf 87' lang='lat' dir='ltr'><em>sunt,</em></span> <span class='ocrx_word' id='word_1_375' title='bbox 797 2691 836 2722; x_wconf 89' lang='lat' dir='ltr'><em>ut</em></span> <span class='ocrx_word' id='word_1_376' title='bbox 871 2691 969 2722; x_wconf 88' lang='lat' dir='ltr'><em>certo</em></span> <span class='ocrx_word' id='word_1_377' title='bbox 1005 2688 1074 2722; x_wconf 90' lang='lat' dir='ltr'><em>dici</em></span> <span class='ocrx_word' id='word_1_378' title='bbox 1110 2688 1233 2733; x_wconf 82' lang='lat' dir='ltr'><em>possit,</em></span> <span class='ocrx_word' id='word_1_379' title='bbox 1270 2699 1330 2722; x_wconf 82' lang='lat' dir='ltr'><em>eas</em></span> <span class='ocrx_word' id='word_1_380' title='bbox 1356 2688 1424 2722; x_wconf 88' lang='lat' dir='ltr'><em>hac</em></span> <span class='ocrx_word' id='word_1_381' title='bbox 1460 2688 1495 2721; x_wconf 91' lang='lat' dir='ltr'><em>in</em></span> <span class='ocrx_word' id='word_1_382' title='bbox 1522 2700 1559 2722; x_wconf 86' lang='lat' dir='ltr'><em>re</em></span> <span class='ocrx_word' id='word_1_383' title='bbox 1586 2699 1665 2722; x_wconf 87' lang='lat' dir='ltr'><em>cum</em></span> <span class='ocrx_word' id='word_1_384' title='bbox 1694 2687 1888 2722; x_wconf 78' lang='lat' dir='ltr'><em>camerarii</em></span> 
     </span>
     <span class='ocr_line' id='line_1_38' title="bbox 124 2740 1286 2787; baseline -0.002 -11"><span class='ocrx_word' id='word_1_385' title='bbox 124 2742 246 2777; x_wconf 84' lang='lat' dir='ltr'><em>verbis</em></span> <span class='ocrx_word' id='word_1_386' title='bbox 272 2754 444 2787; x_wconf 81' lang='lat' dir='ltr'><em>pugnare.</em></span> <span class='ocrx_word' id='word_1_387' title='bbox 590 2742 602 2762; x_wconf 78' lang='lat'><strong>²</strong></span> <span class='ocrx_word' id='word_1_388' title='bbox 630 2742 684 2775; x_wconf 85' lang='lat' dir='ltr'><em>Ita</em></span> <span class='ocrx_word' id='word_1_389' title='bbox 711 2742 818 2775; x_wconf 86' lang='lat' dir='ltr'><em>etiam</em></span> <span class='ocrx_word' id='word_1_390' title='bbox 846 2741 939 2786; x_wconf 83' lang='lat' dir='ltr'><em>apud</em></span> <span class='ocrx_word' id='word_1_391' title='bbox 967 2741 1098 2774; x_wconf 69' lang='lat' dir='ltr'><em>Karine</em></span> <span class='ocrx_word' id='word_1_392' title='bbox 1123 2740 1146 2774; x_wconf 92' lang='lat' dir='ltr'><em>l.</em></span> <span class='ocrx_word' id='word_1_393' title='bbox 1173 2753 1202 2775; x_wconf 92' lang='lat' dir='ltr'><em>c.</em></span> <span class='ocrx_word' id='word_1_394' title='bbox 1233 2740 1286 2774; x_wconf 82' lang='lat'><em>18.</em></span> 
     </span>
    </p>

    <p class='ocr_par' dir='ltr' id='par_1_5' title="bbox 124 2793 1891 3105">
     <span class='ocr_line' id='line_1_39' title="bbox 245 2793 1889 2839; baseline -0.001 -10"><span class='ocrx_word' id='word_1_395' title='bbox 245 2796 258 2815; x_wconf 78' lang='lat'><strong>⁸</strong></span> <span class='ocrx_word' id='word_1_396' title='bbox 284 2795 336 2829; x_wconf 83' lang='lat' dir='ltr'><em>De</em></span> <span class='ocrx_word' id='word_1_397' title='bbox 363 2795 429 2829; x_wconf 86' lang='lat' dir='ltr'><em>hoc</em></span> <span class='ocrx_word' id='word_1_398' title='bbox 460 2795 536 2839; x_wconf 86' lang='lat' dir='ltr'><em>„pio</em></span> <span class='ocrx_word' id='word_1_399' title='bbox 562 2794 724 2828; x_wconf 68' lang='lat' dir='ltr'><em>hoinine‘⁴</em></span> <span class='ocrx_word' id='word_1_400' title='bbox 747 2794 977 2829; x_wconf 80' lang='lat' dir='ltr'><em>Camerarius</em></span> <span class='ocrx_word' id='word_1_401' title='bbox 995 2796 1116 2828; x_wconf 82' lang='lat' dir='ltr'><em>notat:</em></span> <span class='ocrx_word' id='word_1_402' title='bbox 1144 2794 1232 2827; x_wconf 89' lang='lat' dir='ltr'><em>Eum</em></span> <span class='ocrx_word' id='word_1_403' title='bbox 1252 2813 1297 2818; x_wconf 97' lang='lat'>—</span> <span class='ocrx_word' id='word_1_404' title='bbox 1324 2793 1374 2827; x_wconf 89' lang='lat' dir='ltr'><em>ita</em></span> <span class='ocrx_word' id='word_1_405' title='bbox 1400 2805 1438 2827; x_wconf 90' lang='lat' dir='ltr'><em>se</em></span> <span class='ocrx_word' id='word_1_406' title='bbox 1456 2793 1639 2838; x_wconf 84' lang='lat' dir='ltr'><em>accepisse</em></span> <span class='ocrx_word' id='word_1_407' title='bbox 1659 2814 1701 2816; x_wconf 96' lang='lat'><strong>—</strong></span> <span class='ocrx_word' id='word_1_408' title='bbox 1721 2794 1777 2828; x_wconf 80' lang='lat'><em>27.</em></span> <span class='ocrx_word' id='word_1_409' title='bbox 1797 2794 1889 2828; x_wconf 88' lang='lat' dir='ltr'><em>Iunii</em></span> 
     </span>
     <span class='ocr_line' id='line_1_40' title="bbox 129 2846 1888 2892; baseline -0.001 -10"><span class='ocrx_word' id='word_1_410' title='bbox 129 2849 219 2882; x_wconf 79' lang='lat'>1566</span> <span class='ocrx_word' id='word_1_411' title='bbox 259 2848 395 2890; x_wconf 83' lang='lat' dir='ltr'><em>„securi</em></span> <span class='ocrx_word' id='word_1_412' title='bbox 431 2849 659 2892; x_wconf 84' lang='lat' dir='ltr'><em>percussum“</em></span> <span class='ocrx_word' id='word_1_413' title='bbox 696 2859 775 2881; x_wconf 87' lang='lat' dir='ltr'><em>esse</em></span> <span class='ocrx_word' id='word_1_414' title='bbox 803 2847 841 2891; x_wconf 81' lang='lat'><em>(1.</em></span> <span class='ocrx_word' id='word_1_415' title='bbox 869 2858 897 2881; x_wconf 93' lang='lat' dir='ltr'><em>c.</em></span> <span class='ocrx_word' id='word_1_416' title='bbox 927 2847 1046 2890; x_wconf 81' lang='lat'>7—8).</span> <span class='ocrx_word' id='word_1_417' title='bbox 1090 2847 1282 2891; x_wconf 82' lang='lat' dir='ltr'><em>Pompeius</em></span> <span class='ocrx_word' id='word_1_418' title='bbox 1317 2847 1359 2880; x_wconf 88' lang='lat' dir='ltr'><em>de</em></span> <span class='ocrx_word' id='word_1_419' title='bbox 1396 2846 1519 2887; x_wconf 79' lang='lat' dir='ltr'><em>Monti,</em></span> <span class='ocrx_word' id='word_1_420' title='bbox 1555 2846 1770 2881; x_wconf 84' lang='lat' dir='ltr'><em>marchionis</em></span> <span class='ocrx_word' id='word_1_421' title='bbox 1806 2847 1888 2882; x_wconf 90' lang='lat' dir='ltr'><em>Cor-</em></span> 
     </span>
     <span class='ocr_line' id='line_1_41' title="bbox 124 2899 1888 2945; baseline -0.001 -10"><span class='ocrx_word' id='word_1_422' title='bbox 124 2901 328 2935; x_wconf 81' lang='lat' dir='ltr'><em>tilianensis</em></span> <span class='ocrx_word' id='word_1_423' title='bbox 358 2900 610 2944; x_wconf 86' lang='lat' dir='ltr'><em>(Cortigliano)</em></span> <span class='ocrx_word' id='word_1_424' title='bbox 638 2900 763 2940; x_wconf 84' lang='lat' dir='ltr'><em>frater,</em></span> <span class='ocrx_word' id='word_1_425' title='bbox 796 2899 967 2934; x_wconf 82' lang='lat' dir='ltr'><em>cardinali</em></span> <span class='ocrx_word' id='word_1_426' title='bbox 996 2899 1174 2934; x_wconf 85' lang='lat' dir='ltr'><em>Colonnae</em></span> <span class='ocrx_word' id='word_1_427' title='bbox 1202 2900 1400 2945; x_wconf 87' lang='lat' dir='ltr'><em>propinqua</em></span> <span class='ocrx_word' id='word_1_428' title='bbox 1426 2901 1638 2943; x_wconf 76' lang='lat' dir='ltr'><em>cognatione</em></span> <span class='ocrx_word' id='word_1_429' title='bbox 1665 2900 1888 2939; x_wconf 87' lang='lat' dir='ltr'><em>coniunctus,</em></span> 
     </span>
     <span class='ocr_line' id='line_1_42' title="bbox 131 2952 1889 3000; baseline -0.001 -11"><span class='ocrx_word' id='word_1_430' title='bbox 131 2955 332 3000; x_wconf 80' lang='lat' dir='ltr'><em>„relapsus“</em></span> <span class='ocrx_word' id='word_1_431' title='bbox 363 2954 493 2988; x_wconf 84' lang='lat' dir='ltr'><em>noxius</em></span> <span class='ocrx_word' id='word_1_432' title='bbox 527 2954 717 2994; x_wconf 88' lang='lat' dir='ltr'><em>iudicatus,</em></span> <span class='ocrx_word' id='word_1_433' title='bbox 753 2953 930 2987; x_wconf 85' lang='lat' dir='ltr'><em>indicibus</em></span> <span class='ocrx_word' id='word_1_434' title='bbox 957 2952 1125 2987; x_wconf 88' lang='lat' dir='ltr'><em>civilibus</em></span> <span class='ocrx_word' id='word_1_435' title='bbox 1161 2953 1324 2993; x_wconf 82' lang='lat' dir='ltr'><em>traditus,</em></span> <span class='ocrx_word' id='word_1_436' title='bbox 1362 2953 1405 2987; x_wconf 86' lang='lat' dir='ltr'><em>ab</em></span> <span class='ocrx_word' id='word_1_437' title='bbox 1441 2953 1496 2987; x_wconf 90' lang='lat' dir='ltr'><em>his</em></span> <span class='ocrx_word' id='word_1_438' title='bbox 1531 2953 1706 2998; x_wconf 85' lang='lat' dir='ltr'><em>supplicio</em></span> <span class='ocrx_word' id='word_1_439' title='bbox 1739 2954 1889 2988; x_wconf 80' lang='lat' dir='ltr'><em>affectus</em></span> 
     </span>
     <span class='ocr_line' id='line_1_43' title="bbox 125 3005 1891 3052; baseline -0.001 -10"><span class='ocrx_word' id='word_1_440' title='bbox 125 3011 182 3042; x_wconf 88' lang='lat' dir='ltr'><em>est</em></span> <span class='ocrx_word' id='word_1_441' title='bbox 209 3008 337 3052; x_wconf 83' lang='lat' dir='ltr'><em>(Ce&#39;sar</em></span> <span class='ocrx_word' id='word_1_442' title='bbox 358 3007 486 3050; x_wconf 74' lang='lat' dir='ltr'><em>Cantic,</em></span> <span class='ocrx_word' id='word_1_443' title='bbox 514 3006 581 3041; x_wconf 86' lang='lat' dir='ltr'><em>Les</em></span> <span class='ocrx_word' id='word_1_444' title='bbox 607 3006 824 3050; x_wconf 72' lang='lat' dir='ltr'><em>Heretiques</em></span> <span class='ocrx_word' id='word_1_445' title='bbox 857 3006 1007 3047; x_wconf 81' lang='lat' dir='ltr'><em>d&#39;ltalie,</em></span> <span class='ocrx_word' id='word_1_446' title='bbox 1042 3005 1211 3040; x_wconf 85' lang='lat' dir='ltr'><em>Discours</em></span> <span class='ocrx_word' id='word_1_447' title='bbox 1238 3006 1467 3050; x_wconf 80' lang='lat' dir='ltr'><em>historiques,</em></span> <span class='ocrx_word' id='word_1_448' title='bbox 1494 3006 1649 3040; x_wconf 79' lang='lat' dir='ltr'><em>traduits</em></span> <span class='ocrx_word' id='word_1_449' title='bbox 1675 3017 1740 3051; x_wconf 83' lang='lat' dir='ltr'><em>par</em></span> <span class='ocrx_word' id='word_1_450' title='bbox 1766 3009 1891 3040; x_wconf 78' lang='lat' dir='ltr'><em>Am‘cet</em></span> 
     </span>
     <span class='ocr_line' id='line_1_44' title="bbox 126 3059 1828 3105; baseline -0.001 -10"><span class='ocrx_word' id='word_1_451' title='bbox 126 3062 270 3105; x_wconf 73' lang='lat' dir='ltr'><em>Diqard</em></span> <span class='ocrx_word' id='word_1_452' title='bbox 295 3062 331 3094; x_wconf 82' lang='lat' dir='ltr'><em>et</em></span> <span class='ocrx_word' id='word_1_453' title='bbox 356 3061 521 3094; x_wconf 79' lang='lat' dir='ltr'><em>Edmond</em></span> <span class='ocrx_word' id='word_1_454' title='bbox 548 3061 699 3103; x_wconf 79' lang='lat' dir='ltr'><em>Marlin,</em></span> <span class='ocrx_word' id='word_1_455' title='bbox 726 3059 895 3093; x_wconf 85' lang='lat' dir='ltr'><em>Traduct.</em></span> <span class='ocrx_word' id='word_1_456' title='bbox 923 3059 1083 3102; x_wconf 71' lang='lat' dir='ltr'><em>corrigee</em></span> <span class='ocrx_word' id='word_1_457' title='bbox 1115 3070 1180 3103; x_wconf 87' lang='lat' dir='ltr'><em>par</em></span> <span class='ocrx_word' id='word_1_458' title='bbox 1206 3059 1370 3093; x_wconf 75' lang='lat' dir='ltr'><em>l&#39;Auteur</em></span> <span class='ocrx_word' id='word_1_459' title='bbox 1396 3059 1457 3099; x_wconf 74' lang='grc' dir='ltr'><strong>ΙΙΙ,</strong></span> <span class='ocrx_word' id='word_1_460' title='bbox 1490 3059 1595 3093; x_wconf 77' lang='lat' dir='ltr'><em>Paris</em></span> <span class='ocrx_word' id='word_1_461' title='bbox 1624 3059 1726 3100; x_wconf 84' lang='lat'>1870,</span> <span class='ocrx_word' id='word_1_462' title='bbox 1755 3060 1828 3101; x_wconf 83' lang='lat'>62).</span> 
     </span>
    </p>

    <p class='ocr_par' dir='ltr' id='par_1_6' title="bbox 126 3111 1890 3262">
     <span class='ocr_line' id='line_1_45' title="bbox 246 3111 1890 3157; baseline 0 -10"><span class='ocrx_word' id='word_1_463' title='bbox 246 3117 257 3134; x_wconf 78' lang='lat'><em>‘³</em></span> <span class='ocrx_word' id='word_1_464' title='bbox 284 3113 446 3147; x_wconf 82' lang='lat' dir='ltr'><em>Donatus</em></span> <span class='ocrx_word' id='word_1_465' title='bbox 486 3112 635 3157; x_wconf 84' lang='lat' dir='ltr'><em>Stampa</em></span> <span class='ocrx_word' id='word_1_466' title='bbox 672 3112 780 3146; x_wconf 84' lang='lat' dir='ltr'><em>iudex</em></span> <span class='ocrx_word' id='word_1_467' title='bbox 821 3114 856 3146; x_wconf 80' lang='lat' dir='ltr'><em>et</em></span> <span class='ocrx_word' id='word_1_468' title='bbox 891 3112 947 3146; x_wconf 83' lang='lat' dir='ltr'><em>Fr.</em></span> <span class='ocrx_word' id='word_1_469' title='bbox 975 3111 1138 3155; x_wconf 85' lang='lat' dir='ltr'><em>Angelus</em></span> <span class='ocrx_word' id='word_1_470' title='bbox 1164 3112 1205 3146; x_wconf 94' lang='lat' dir='ltr'><em>O.</em></span> <span class='ocrx_word' id='word_1_471' title='bbox 1233 3112 1291 3146; x_wconf 81' lang='lat' dir='ltr'><em>Pr.</em></span> <span class='ocrx_word' id='word_1_472' title='bbox 1331 3111 1521 3156; x_wconf 84' lang='lat' dir='ltr'><em>inquisitor</em></span> <span class='ocrx_word' id='word_1_473' title='bbox 1558 3116 1821 3157; x_wconf 87' lang='lat' dir='ltr'><em>proposuerunt</em></span> <span class='ocrx_word' id='word_1_474' title='bbox 1859 3113 1890 3146; x_wconf 87' lang='lat' dir='ltr'><em>ei</em></span> 
     </span>
     <span class='ocr_line' id='line_1_46' title="bbox 132 3164 1889 3210; baseline -0.001 -9"><span class='ocrx_word' id='word_1_475' title='bbox 132 3166 289 3210; x_wconf 83' lang='lat' dir='ltr'><em>„Fragen</em></span> <span class='ocrx_word' id='word_1_476' title='bbox 326 3166 398 3200; x_wconf 90' lang='lat' dir='ltr'><em>voll</em></span> <span class='ocrx_word' id='word_1_477' title='bbox 435 3165 653 3199; x_wconf 88' lang='lat' dir='ltr'><em>teuflischer</em></span> <span class='ocrx_word' id='word_1_478' title='bbox 678 3165 821 3208; x_wconf 82' lang='lat' dir='ltr'><em>Arglist</em></span> <span class='ocrx_word' id='word_1_479' title='bbox 855 3165 926 3198; x_wconf 88' lang='lat' dir='ltr'><em>und</em></span> <span class='ocrx_word' id='word_1_480' title='bbox 955 3165 1304 3208; x_wconf 64' lang='lat' dir='ltr'><em>Verfiinglichkeit⁴⁴,</em></span> <span class='ocrx_word' id='word_1_481' title='bbox 1343 3165 1413 3198; x_wconf 89' lang='lat' dir='ltr'><em>und</em></span> <span class='ocrx_word' id='word_1_482' title='bbox 1445 3164 1606 3209; x_wconf 87' lang='lat' dir='ltr'><em>„fiengen</em></span> <span class='ocrx_word' id='word_1_483' title='bbox 1633 3177 1678 3199; x_wconf 79' lang='lat' dir='ltr'><em>an</em></span> <span class='ocrx_word' id='word_1_484' title='bbox 1704 3165 1797 3200; x_wconf 85' lang='lat' dir='ltr'><em>mich</em></span> <span class='ocrx_word' id='word_1_485' title='bbox 1826 3165 1889 3199; x_wconf 78' lang='lat' dir='ltr'><em>mit</em></span> 
     </span>
     <span class='ocr_line' id='line_1_47' title="bbox 126 3217 1889 3262; baseline -0.002 -9"><span class='ocrx_word' id='word_1_486' title='bbox 126 3219 228 3253; x_wconf 83' lang='lat' dir='ltr'><em>ihren</em></span> <span class='ocrx_word' id='word_1_487' title='bbox 247 3217 638 3253; x_wconf 65' lang='lat' dir='ltr'><em>Krokodillenthriinen</em></span> <span class='ocrx_word' id='word_1_488' title='bbox 666 3229 708 3252; x_wconf 89' lang='lat' dir='ltr'><em>zu</em></span> <span class='ocrx_word' id='word_1_489' title='bbox 729 3217 944 3251; x_wconf 77' lang='lat' dir='ltr'><em>ermahnen⁸⁴</em></span> <span class='ocrx_word' id='word_1_490' title='bbox 961 3232 967 3252; x_wconf 92' lang='lat'><strong>:</strong></span> <span class='ocrx_word' id='word_1_491' title='bbox 995 3217 1048 3251; x_wconf 81' lang='lat' dir='ltr'><em>Ita</em></span> <span class='ocrx_word' id='word_1_492' title='bbox 1067 3218 1210 3261; x_wconf 87' lang='lat' dir='ltr'><em>quidem</em></span> <span class='ocrx_word' id='word_1_493' title='bbox 1229 3217 1457 3252; x_wconf 75' lang='lat' dir='ltr'><em>Camerarius</em></span> <span class='ocrx_word' id='word_1_494' title='bbox 1483 3218 1576 3262; x_wconf 90' lang='lat' dir='ltr'><em>apud</em></span> <span class='ocrx_word' id='word_1_495' title='bbox 1595 3219 1726 3252; x_wconf 76' lang='lat' dir='ltr'><em>Kanne</em></span> <span class='ocrx_word' id='word_1_496' title='bbox 1743 3218 1764 3253; x_wconf 95' lang='lat' dir='ltr'><em>l.</em></span> <span class='ocrx_word' id='word_1_497' title='bbox 1785 3230 1813 3252; x_wconf 86' lang='lat' dir='ltr'><em>c.</em></span> <span class='ocrx_word' id='word_1_498' title='bbox 1834 3218 1889 3251; x_wconf 78' lang='grc'><em>27.</em></span> 
     </span>
    </p>
   </div>
  </div>
 </body>
</html>
