2045 3471
183 213 278 248 Mon.
299 213 484 248 726—727
511 213 590 247 sive
616 224 727 256 germ.
747 213 770 249 l.
793 213 967 257 (1)-(2).
1009 213 1159 247 Ineunte
1186 215 1221 246 et
1248 211 1362 246 medio
1388 222 1434 245 m.
1454 210 1551 255 Sept.
1574 211 1675 245 1565.
1743 211 1825 253 639

931 348 972 390 (3.

218 435 672 478 MONUMENTA
703 434 1158 479 LEGATIONIS
1192 431 1674 476 PONTIFIOIAE

297 506 447 548 PER
478 505 929 549 GERMANIAM
960 504 1595 548 ADMINISTRATAE.

70 602 175 639 726
203 604 280 637 sive
307 612 474 648 germ.
494 602 531 638 1.
551 602 645 648 (l).
720 602 871 639 Ineunte
898 604 934 638 et
960 601 1076 638 medio
1102 612 1148 638 111.
1167 600 1373 648 Septembri
1398 600 1491 636 1565.

184 674 239 708 Ex
264 674 394 708 litteris
421 673 568 708 Polanci
595 673 804 718 archetypis
840 676 875 707 et
910 673 1024 718 ipsius
1060 685 1167 707 manu
1199 673 1415 716 subscriptis
1445 672 1519 715 (A),
1555 683 1646 716 quae
1684 674 1829 706 exstant

65 727 312 770 Frauenburgi
338 728 373 760 in
401 727 548 761 archivo
575 726 780 771 episcopali,
809 727 892 761 Cod.
916 727 978 769 „D.
998 726 1045 761 ΝΣ)
1065 726 1108 759 72
1137 726 1236 769 (80)“
1266 737 1300 759 n.
1320 726 1376 759 29.
1420 725 1676 770 Apographum
1695 725 1828 758 Romae

65 780 188 814 eodem
214 781 289 814 fere
315 782 475 825 tempore
501 780 675 825 scriptum
706 780 766 823 (B)
795 782 916 814 exstat
942 781 977 813 in
996 779 1080 814 cod.
1104 778 1328 821 „Ge1·m.65“
1356 779 1379 812 f.
1400 780 1431 812 5.
1468 778 1653 823 Epistulae
1680 781 1829 823 partem,

64 845 170 878 quam
197 833 255 867 1110
281 845 382 878 pono,
409 833 614 876 germanice
640 833 743 878 posui
769 833 805 866 111
833 832 1048 877 „Stimmenf‘
1077 835 1143 866 etc.
1173 832 1287 865 LXXI
1313 832 1368 866 60.

186 904 464 947 Conyreyatt'one
490 903 674 937 Societatis
700 904 872 946 absoluta,
902 904 1070 936 Canisius
1098 904 1195 936 iussu
1222 903 1281 935 Pii
1307 902 1368 935 IV.
1395 903 1527 935 Romae
1556 901 1685 935 haeret.

184 976 233 1017 P.
257 976 439 1016 Ioannes
472 975 522 1016 de
543 975 740 1028 Polemo,
775 977 1028 1016 secretarius
1059 976 1278 1017 Socieiaiis
1310 974 1419 1025 Iesu,
1454 974 1590 1015 Roma
1614 974 1828 1028 1028861)-

63 1040 231 1081 iembris
255 1042 367 1081 1565
401 1040 618 1081 cardinali
650 1041 782 1081 Hosio
816 1040 868 1081 de
899 1041 1117 1081 Socieiolis
1151 1040 1468 1094 conyreyaiione
1501 1053 1525 1078 α
1552 1038 1592 1080 d.
1615 1040 1686 1080 21.
1710 1039 1828 1080 Iunii

65 1105 123 1146 ad
145 1107 184 1147 3.
204 1105 457 1159 Septembris
480 1106 594 1146 1565
618 1104 763 1145 habita
786 1105 955 1158 scripsit
966 1120 978 1144 .·
1000 1104 1025 1145 J
1030 1117 1099 1145 am
1122 1105 1212 1145 Deo
1235 1103 1421 1157 propitio
1445 1102 1826 1156 congregationem

63 1172 256 1211 nostram
290 1169 538 1222 generalem
571 1169 632 1222 (in
665 1183 749 1221 qua
781 1169 931 1217 multa,
976 1172 1019 1210 et
1052 1169 1206 1222 grauia
1238 1167 1541 1210 constituenda
1573 1167 1716 1220 erant)
1750 1167 1826 1209 ab·

63 1233 283 1284 soluimus,
317 1237 362 1275 et
383 1234 537 1276 Patres
570 1247 678 1287 pene
702 1247 850 1275 omnes
874 1233 928 1275 ad
960 1247 1061 1274 suas
1084 1233 1334 1274 Prouincias
1355 1235 1650 1282 recesserunt3
1685 1232 1825 1274 adhuc

62 1300 210 1340 tamen
242 1298 376 1340 Pater
407 1298 602 1340 Canisius
642 1297 787 1339 iussub
819 1297 1040 1340 Pontifiois
1081 1298 1233 1340 haeret
1273 1297 1456 1347 Romae,
1500 1297 1618 1338 ouius
1659 1296 1823 1347 literas,

64 1365 108 1404 et
149 1363 280 1406 etiam
325 1363 468 1405 Patris
510 1363 775 1404 Salmeronis
820 1361 909 1416 (qui
957 1364 1041 1404 iam
1085 1362 1314 1416 Neapolim
1359 1360 1526 1414 rediit⁰)
1571 1361 1639 1403 1110
1683 1362 1822 1404 mitto.

67 1428 222 1482 Confer
253 1443 383 1483 supra
414 1444 456 1484 p.
482 1430 669 1471 95—98.

64 1551 168 1588 72?
195 1553 273 1588 sive
300 1563 467 1598 germ.
486 1553 644 1599 1.(2).
719 1552 766 1589 18.
794 1551 1018 1599 Septembris
1044 1550 1138 1587 1565.

182 1623 238 1657 Ex
263 1624 470 1669 apographo
497 1624 655 1658 eiusdem
682 1624 865 1669 temporis.
906 1624 990 1658 Cod.
1014 1623 1153 1666 „Germ
1173 1623 1236 1657 65⁴⁴
1260 1623 1284 1657 f.
1307 1623 1357 1656 13.
1399 1622 1584 1667 Epistulae
1611 1622 1824 1667 particulam

64 1678 268 1720 germanice
294 1689 438 1712 versam
464 1678 567 1723 posui
594 1678 628 1711 in
657 1676 873 1722 „Stimmeff‘
902 1680 969 1711 etc.
997 1676 1110 1709 LXXI
1138 1677 1193 1710 61.

188 1748 424 1782 Theodoricics
453 1749 630 1792 Canisius,
665 1749 759 1792 quod
785 1749 912 1781 Petrus
941 1747 1108 1780 Ccmzisius
1144 1747 1286 1790 colleyia
1322 1746 1486 1779 rhenano
1521 1751 1579 1779 etc.
1616 1747 1760 1779 visitare
1795 1752 1823 1779 et

66 1802 164 1845 „alia
188 1803 329 1845 pietatis
354 1813 463 1844 opera
482 1801 696 1845 praestare“
724 1802 853 1845 debeat,
892 1802 928 1833 in
959 1801 1156 1833 Germania
1190 1801 1374 1843 superiore
1409 1800 1712 1842 riceprovincictlis
1747 1800 1825 1842 offi-

64 1855 155 1887 cium
182 1857 333 1888 retinere
360 1855 508 1889 iubetur.
547 1856 644 1888 Idem
671 1856 800 1888 certior
825 1855 991 1897 efficitur,
1021 1854 1208 1887 Canis-ium
1233 1854 1366 1886 Romae
1392 1854 1577 1886 Sociorum
1609 1855 1824 1886 Germaniae

62 1918 121 1940 res
144 1911 285 1942 strenue
310 1920 451 1941 curare.

181 1980 230 2021 P.
255 1980 436 2021 Ioannes
469 1981 519 2022 de
542 1982 737 2033 Poicmco,
771 1981 989 2023 Sociciaiis
1021 1980 1285 2032 secretarius,
1319 1979 1456 2020 Roma
1478 1980 1547 2020 1s.
1571 1978 1824 2033 »Septembris

66 2045 181 2086 1565
213 2045 272 2086 ad
303 2046 352 2088 P.
382 2046 682 2087 Tlieocloricum
719 2046 951 2094 Canisium,
995 2044 1253 2085 Germaniae
1294 2045 1529 2098 superioris
1570 2045 1823 2098 viceprocin-

65 2111 210 2151 cialem
243 2115 364 2164 atque
396 2112 684 2152 universitatis
716 2111 953 2164 coiieyiiqeie
986 2110 1199 2164 ciiiinycini
1236 2114 1445 2161 rectorem,
1488 2110 1678 2162 scripsit:
1720 2108 1822 2149 Cum

65 2177 218 2217 sancta
262 2174 506 2217 obedientia
548 2175 611 2218 Β.
646 2175 691 2218 Ρ.
727 2174 1041 2216 Prouincialem
1087 2173 1336 2226 aliquandiu
1381 2175 1508 2215 extra
1553 2173 1823 2214 Prouinciam

65 2252 187 2280 suam
220 2239 277 2281 sit
309 2240 552 2291 detentum,
587 2240 802 2293 (uisitabit
835 2239 947 2281 enim
972 2238 1164 2291 Collegia
1196 2238 1347 2288 Rheni,
1382 2241 1425 2280 et
1457 2238 1571 2280 forte
1604 2237 1826 2279 Inferioris

67 2302 336 2354 Germaniae,
369 2306 414 2346 et
436 2305 520 2346 alia
543 2305 755 2358 quaedam
788 2303 964 2358 pietatis
988 2317 1119 2357 opera
1150 2303 1410 2357 praestabit)
1433 2303 1574 2344 visum
1598 2306 1664 2345 est
1687 2303 1824 2344 eidem

65 2369 283 2422 expedire,
317 2372 365 2411 vt
387 2369 438 2411 R.
462 2383 502 2412 V.
526 2368 912 2423 Vioeprouincialis
944 2381 1119 2410 munere
1152 2368 1372 2421 fungatur,
1408 2370 1455 2409 ut
1487 2367 1624 2420 quaed
1646 2368 1700 2409 ab
1732 2367 1824 2422 ipso

63 2436 327 2487 potestatem
361 2448 529 2476 omnem
562 2435 615 2475 ad
649 2434 835 2476 officium
868 2433 947 2474 hoc
971 2433 1257 2474 exercendum
1281 2433 1337 2475 sit
1369 2433 1582 2474 habitura.
1637 2432 1825 2485 Cumque

65 2498 145 2540 hoc
178 2499 308 2540 animi
340 2498 405 2539 sui
437 2499 704 2552 propositum
738 2499 788 2541 R.
812 2498 858 2540 P.
883 2497 936 2539 N.
963 2497 1215 2551 Praeposito
1249 2497 1503 2551 aperuisset,
1537 2497 1579 2538 id
1611 2497 1825 2550 probauit,

66 2566 110 2605 et
142 2563 426 2614 confirmauit,
470 2564 580 2605 unde
615 2563 677 2605 ‚lt
708 2563 755 2606 V.
779 2562 1154 2616 viceprouincialis
1195 2576 1363 2612 nomen,
1408 2561 1520 2614 quod
1561 2561 1653 2616 ipso
1687 2561 1825 2603 disce-

66 2627 194 2674 dente
236 2628 385 2670 habuit
425 2627 552 2669 simul
593 2641 688 2669 cum
729 2629 949 2681 potestate
982 2626 1200 2668 ordinaria
1232 2626 1566 2668 Prouincialium
1607 2625 1823 2676 retinebit,

65 2705 144 2734 nec
176 2692 391 2745 relinquet
423 2706 531 2742 eam,
565 2695 641 2734 aut
673 2692 764 2733 eius
796 2705 933 2741 usum,
968 2691 1068 2733 licet
1099 2691 1191 2744 ipse
1214 2691 1258 2733 Ρ.
1283 2690 1567 2732 Prouincialis
1598 2690 1641 2731 in
1674 2690 1823 2731 eadem

65 2760 266 2799 uersetur
297 2757 537 2807 Prouincia,
581 2757 663 2798 nisi
694 2756 877 2809 ipsemet
910 2769 1038 2808 quam
1071 2756 1188 2798 dedit
1220 2757 1503 2798 autoritatem
1539 2757 1823 2798 reuocauerit.

66 2821 127 2863 Vt
158 2825 304 2864 autem
336 2823 475 2876 possit
506 2835 641 2876 graue
673 2835 780 2863 onus
813 2821 1004 2874 Collegij‚
1047 2823 1091 2862 et
1124 2820 1421 2862 vniuersitatis
1455 2819 1730 2872 Dilingensis‚
1773 2833 1824 2861 ao

66 2886 193 2928 simul
226 2887 480 2929 Prouinciae
519 2900 665 2929 curam
706 2886 843 2928 leuius
884 2885 1021 2936 ferre,
1067 2888 1216 2927 utatur
1256 2885 1493 2927 ministerio
1536 2876 1823 2938 cuiuscunque

66 2951 184 2993 uolet
216 2965 271 2993 ex
311 2952 390 3002 his,
434 2952 505 3005 qui
545 2951 588 2992 in
621 2951 838 3005 Superiori
872 2950 1103 2992 Germania
1143 2953 1386 3000 uersantur,
1431 2953 1475 2991 et
1515 2950 1628 2992 forte
1662 2950 1824 2992 Doctor

67 3015 256 3058 Paulus1
277 3017 439 3059 Rector
460 3015 790 3066 Momehiensis,
824 3019 998 3069 praeter
1029 3015 1250 3069 proprium
1283 3029 1403 3066 onus,
1438 3015 1610 3067 aliquod
1643 3015 1824 3057 ulterius

188 3096 215 3128 a)
238 3095 280 3122 15.
299 3098 335 3122 Β.
408 3095 437 3127 b)
459 3097 506 3122 Ita
525 3097 569 3127 B;
588 3095 656 3121 insu
677 3097 711 3120 A.
785 3095 810 3127 c)
833 3096 878 3120 Ita
899 3095 930 3120 in
949 3095 1056 3120 arohel.
1077 3103 1150 3120 corr.
1170 3098 1212 3120 est
1231 3103 1267 3120 ea:
1287 3093 1375 3120 redit.
1455 3094 1484 3126 (1)
1506 3097 1586 3120 corr.
1607 3103 1642 3120 ew
1663 3095 1721 3128 qui.

189 3192 198 3211 ¹
224 3191 405 3226 Hoffaeus.
