2045 3471
198 191 281 232 602
536 187 630 221 Mon.
650 186 718 222 700
743 187 822 220 sive
849 186 908 220 dil.
929 186 995 230 (4).
1040 187 1070 220 A
1097 187 1128 220 d.
1148 186 1203 220 26.
1223 185 1267 219 ad
1294 185 1350 220 29.
1369 185 1491 219 Martii
1513 185 1614 219 1565.

197 310 469 366 prouidentia
510 311 591 352 Dei
634 310 800 352 factum
842 314 922 359 est,
972 313 1020 353 ut
1053 314 1144 352 tam
1189 309 1302 351 serio
1348 308 1668 351 contemnentia
1711 310 1963 362 praesentes

196 378 393 425 honores,
437 376 553 417 Deus
586 389 671 417 non
704 376 843 417 solum
878 379 1093 425 aeternos,
1136 375 1211 416 sed
1245 373 1376 415 etiam
1408 373 1709 427 temporarios,
1751 386 1828 427 per
1860 373 1964 415 Car-

200 442 384 484 dinalem
418 440 544 482 huius
577 440 637 482 rei
672 441 904 491 conscium,
941 440 1173 482 decernere
1207 438 1406 480 uoluerit.

315 521 468 563 Eadem,
505 522 651 555 brevius
677 523 819 557 tamen.
858 521 895 555 P.
928 521 1166 555 Theodorv'cus
1196 521 1363 553 Ccmisius
1389 518 1702 563 viceprovincialis
1730 518 1763 551 in
1790 518 1966 552 *Litteris

196 575 441 615 semestribus,
468 586 559 619 quas
585 574 660 608 dixi
689 575 813 619 (supra
839 586 871 619 p.
891 574 988 618 599),
1014 573 1187 608 narravit.
1233 573 1301 607 Ubi
1319 573 1350 606 is
1369 572 1541 615 exequias
1568 571 1649 605 illas
1675 572 1710 605 in
1733 571 1965 613 „Academico

197 627 349 662 sacello“
379 628 498 662 factas
524 640 603 662 esse
630 628 717 661 dicit
743 631 779 661 et
804 627 893 662 haec
919 627 962 661 de
988 626 1161 661 cardinali
1188 626 1307 660 addit:
1337 625 1520 667 „Rogatus
1546 636 1567 658 a
1593 625 1771 669 quodamb
1797 624 1964 658 Praelato

197 684 397 726 praesente,
433 693 495 715 cur
529 683 672 726 praeter
706 691 843 714 morem
878 680 947 714 alio
983 686 1112 724 quam⁰
1146 680 1249 722 nigro
1285 678 1402 712 colore
1429 678 1464 711 in
1492 677 1691 720 obtegendo
1718 677 1885 722 pheretro
1912 679 1964 711 uti

197 735 383 776 voluisset,
410 734 517 769 huic⁰
543 734 770 778 respondisse
795 734 922 774 fertur,
949 745 1018 767 non
1038 745 1117 767 esse
1140 733 1255 766 virum
1276 734 1415 766 tantum
1434 731 1614 765 consuetis
1641 730 1770 765 officiis
1796 730 1964 775 plangen-

198 789 291 829 dum,
317 788 380 822 sed
406 787 601 822 honoribus
628 787 747 832 potius
774 789 811 821 et
836 786 984 820 laudum
1010 785 1212 831 praeconiis
1240 784 1559 830 prosequendum.“

317 841 498 876 Oanisium
534 840 778 885 praepositum
813 839 1071 885 provincialem
1105 839 1162 873 his
1198 837 1360 882 exequiis
1395 837 1603 872 interfuisse
1630 848 1650 870 a
1676 836 1843 870 Torrensi
1875 835 1966 870 satis

198 895 294 929 clare
329 894 565 938 significatur.
617 896 736 938 Atque
772 905 816 927 ex
852 893 965 937 ipsius
1001 892 1136 927 Canisii
1170 892 1302 926 litteris
1337 893 1489 932 constat,
1525 902 1604 925 eum
1641 890 1673 924 d.
1702 890 1755 924 16.
1782 889 1966 924 Februarii

197 947 364 991 Dilingae
390 947 521 988 fuisse:
550 947 632 980 vide
658 958 767 992 supra
792 959 825 991 p.
847 946 995 981 18-22.

317 1002 489 1044 Ayrz'eola
524 1002 574 1034 rei
610 1002 736 1043 gestae
771 1000 914 1034 modum
951 1000 1102 1038 excedit.
1139 1011 1217 1033 cum
1254 999 1296 1032 de
1326 998 1452 1032 harum
1480 997 1711 1041 exequiarum
1744 996 1834 1038 „ritu
1860 994 1964 1040 plane

200 1054 502 1088 extraordinario“
532 1053 676 1088 scribit:
705 1053 905 1088 Cardinalis
936 1053 1102 1095 „remotis
1129 1052 1292 1086 vestibus
1318 1050 1437 1096 pullis,
1464 1051 1593 1094 quibus
1620 1049 1841 1085 Sacerdotes,
1868 1059 1966 1082 arae-

200 1119 267 1151 que
302 1119 344 1142 ac
378 1107 534 1152 parietes
561 1107 687 1141 vestiri
722 1107 759 1140 in
794 1106 1004 1141 funebribus
1039 1106 1164 1145 solent,
1200 1105 1308 1139 rubra
1343 1104 1470 1145 omnia,
1505 1103 1764 1148 splendidaque
1795 1100 1965 1136 substitui

199 1161 322 1195 iussit“
357 1160 532 1204 (Historia
560 1160 772 1194 Provinciae
799 1160 833 1194 S.
861 1161 892 1194 J.
921 1159 1135 1194 Germaniae
1162 1158 1362 1203 Superioris
1389 1158 1414 1197 I,
1440 1157 1524 1191 Dec.
1552 1157 1583 1198 3,
1609 1168 1643 1190 n.
1673 1156 1769 1199 134).

201 1284 310 1320 &00
338 1284 416 1318 sive
444 1282 539 1318 dil.
561 1281 660 1327 (4).
735 1282 762 1317 A
791 1281 824 1318 (l.
852 1282 907 1317 26.
935 1281 980 1317 ad
1011 1280 1066 1316 29.
1095 1280 1218 1316 Martii
1245 1280 1337 1316 1565.

320 1360 373 1394 Ex
399 1359 634 1405 autographo.
689 1359 752 1402 „G.
781 1359 845 1404 Ep.
873 1359 942 1393 V1“
973 1359 997 1392 f.
1028 1358 1103 1392 101.

322 1432 489 1464 Canisius
512 1431 765 1464 Theodericum
791 1431 943 1472 fratrem
971 1430 1169 1471 Azcgsustam
1197 1433 1311 1461 erorat
1338 1433 1367 1460 et
1394 1429 1578 1470 Dz'lz'nyam
1605 1428 1711 1460 ducit.
1747 1426 1804 1459 Ibi
1822 1426 1860 1459 P.
1881 1426 1966 1459 Dic-

200 1486 324 1527 nysius
350 1489 538 1527 aega-omns
564 1485 681 1526 officio
708 1486 855 1517 rectoris
880 1484 1082 1515 academiae
1108 1486 1137 1514 et
1163 1482 1298 1523 eolleffl‘s
1323 1483 1471 1524 lectatur,
1498 1486 1601 1523 atque
1626 1480 1716 1512 idem
1744 1480 1897 1521 officinm
1926 1480 1964 1511 *iu

206 1537 459 1571 Theodoricmn
485 1538 717 1579 transfertur.
772 1537 939 1570 Canisius
965 1537 1005 1568 (le
1031 1536 1209 1568 dotatione
1234 1536 1317 1578 ayit.

322 1617 415 1667 Qua
449 1617 615 1657 mitione
647 1616 696 1657 P.
725 1615 1010 1656 Tlieodoricus
1044 1614 1245 1654 Canisius
1277 1613 1321 1654 S.
1345 1613 1403 1664 J„
1447 1626 1539 1653 cum
1573 1612 1729 1666 colleyii
1767 1611 1966 1664 ingolsta-

204 1681 363 1722 diensis·
396 1685 592 1721 rectorem
616 1682 774 1733 essisset,
809 1679 1029 1733 Dilingyam
1050 1693 1128 1733 per
1150 1678 1321 1719 Petrum
1347 1677 1581 1726 canisium,
1616 1677 1751 1731 ipsius
1773 1689 1823 1716 ecc
1845 1679 1966 1730 patre

198 1745 378 1798 fratrem
413 1750 447 1786 et
481 1745 740 1787 Germaniae
771 1745 1004 1799 superioris
1034 1744 1322 1797 [waepositum
1350 1742 1666 1796 provincialem,
1700 1740 1899 1781 deductus
1933 1745 1967 1780 et

201 1811 260 1852 ibi
295 1810 436 1851 Gitone
474 1810 698 1851 Truchsess
731 1810 948 1850 cardinali
982 1810 1248 1863 episcopoque
1283 1811 1517 1861 auyzistaozo
1560 1806 1762 1860 probante
1800 1809 1835 1846 et
1868 1806 1966 1845 mii-

204 1876 411 1917 versitaiis
444 1880 480 1915 ei
513 1876 671 1929 colleqii
699 1876 918 1916 Socieicitis
951 1878 986 1915 et
1019 1873 1281 1914 contubernii
1313 1874 1356 1913 S.
1381 1872 1634 1926 Hieronymi
1666 1871 1881 1911 institutus
1912 1870 1967 1910 sit

204 1946 347 1993 rector,
393 1942 477 1995 ipse
520 1940 568 1982 P.
599 1939 881 1980 Theodoriana
917 1939 1117 1980 Canisius
1159 1939 1309 1979 litteris
1350 1937 1529 1990 Diiinya
1571 1937 1640 1978 30.
1665 1936 1818 1977 Martii
1852 1936 1964 1976 1565

204 2007 315 2047 datis
348 2007 407 2047 sic
441 2007 498 2046 ad
531 2006 731 2047 Sanctum
767 2005 1044 2046 Franciscmn
1080 2004 1130 2044 cle
1162 2003 1320 2056 Borqia
1355 2002 1573 2044 Soc-{etatis
1608 2002 1816 2042 vicarium
1845 2014 1964 2054 qene-

205 2073 331 2113 ralem
368 2070 518 2123 refert:
559 2068 986 2122 Jngolstadiensibus
1019 2067 1211 2109 valedixi
1255 2068 1309 2107 22
1343 2065 1468 2107 huius
1504 2065 1677 2114 mensis,
1720 2065 1965 2117 Augustam

203 2135 367 2177 scilicet
407 2149 433 2176 a
465 2135 515 2176 R.
549 2149 588 2188 p.
623 2133 877 2188 prouinciali
916 2133 1046 2187 paulo
1088 2134 1191 2173 ante
1232 2133 1452 2173 euocatus
1610 2130 1828 2182 Dilingam
1869 2128 1965 2169 veni

204 2202 256 2242 26
291 2200 416 2242 huius
448 2199 608 2240 mensis
642 2213 728 2241 vna
770 2213 864 2240 cum
898 2198 948 2240 R.
983 2212 1022 2251 p.
1057 2196 1324 2251 prouinciali.
1388 2195 1644 2237 Jnuenimus
1676 2196 1821 2236 autem
1855 2193 1965 2234 Rec-

202 2268 340 2307 torem
382 2265 432 2306 D.
462 2263 694 2305 Henricum
732 2262 987 2316 Dyonisium
1030 2261 1225 2315 grauiter
1267 2260 1594 2302 decumbentem
1637 2272 1692 2300 ex
1733 2258 1855 2308 febri,
1899 2258 1965 2299 cui

203 2329 425 2382 sanguinis
457 2330 632 2382 sputum
665 2327 884 2381 copiosum
916 2341 1002 2368 vna
1035 2341 1131 2368 cum
1168 2326 1279 2368 tussi
1312 2324 1584 2367 coniunctum
1619 2326 1726 2366 erat.
1790 2322 1965 2364 Morbus

204 2397 270 2436 est
301 2394 568 2448 periculosus
602 2395 646 2435 et
678 2393 750 2445 qui
783 2392 894 2434 aeris
927 2391 1199 2434 mutationen
1231 2390 1439 2443 requirat,
1473 2390 1589 2431 Ante
1621 2388 1788 2430 Pascha
1819 2390 1964 2430 tamen

203 2473 287 2501 non
319 2459 437 2500 illum
472 2458 591 2500 abire
631 2458 745 2500 sinet
776 2456 914 2498 morbi
947 2456 1237 2498 vehementia.
1301 2454 1534 2496 Abdicauit
1573 2467 1620 2495 se
1659 2453 1696 2494 is
1727 2453 1965 2494 Rectoratu

203 2524 405 2566 hesterno
439 2523 506 2565 die
539 2522 611 2576 qui
642 2522 726 2564 fuit
759 2523 842 2565 329.
866 2521 1012 2575 Martij
1046 2535 1123 2575 per
1156 2520 1379 2574 scriptum,
1423 2518 1536 2572 quod
1569 2531 1713 2560 coram
1747 2517 1965 2558 Reueren—

205 2589 377 2630 dissimo
411 2587 640 2637 Cardinali,
683 2586 960 2628 nobilissimis
992 2585 1098 2627 viris
1140 2585 1288 2627 multis
1321 2587 1365 2627 et
1396 2586 1491 2626 tota
1522 2582 1809 2624 Vniuersitate
1840 2594 1965 2635 prae-

204 2654 362 2695 lectum
396 2653 491 2702 fuit,
535 2652 768 2694 decantato
800 2651 920 2705 prius
953 2649 1190 2692 solenniter
1222 2663 1360 2699 sacro,
1403 2651 1447 2690 et
1480 2647 1674 2689 oratione
1707 2646 1760 2688 ab
1792 2659 1877 2686 vno
1910 2659 1965 2686 ex

205 2718 364 2759 nostris
396 2717 559 2768 habita,
594 2730 679 2769 qua
711 2716 836 2758 huius
869 2714 1154 2757 abdicationis
1187 2713 1380 2756 rationes
1414 2712 1579 2765 aliquot
1599 2710 1892 2753 reddebantur
1923 2710 1966 2751 in

207 2782 549 2824 satisfactionem
584 2781 843 2828 auditorum,
886 2780 1080 2821 Tandem
1122 2780 1164 2820 in
1197 2792 1265 2819 me
1297 2778 1501 2818 miserum
1535 2790 1641 2817 onus
1673 2775 1789 2817 istud
1820 2777 1965 2816 trans-

206 2846 343 2886 latum
376 2848 471 2887 est1
504 2860 647 2887 coram
681 2846 832 2887 eodem
865 2858 1082 2894 consessu,
1117 2846 1161 2885 et
1193 2857 1219 2884 a
1251 2840 1626 2884 Reuerendissimo
1649 2838 1865 2881 Cardinali
1896 2852 1965 2880 so-

206 2909 389 2951 lenniter
430 2911 741 2959 confirmatum,
784 2910 1006 2961 Totusque
1047 2908 1224 2950 tandem
1265 2909 1390 2948 actus
1431 2905 1589 2958 hymno
1627 2903 1700 2944 illo
1733 2903 1794 2944 Te
1826 2903 1964 2944 Deum

208 2973 450 3023 laudamus,
493 2975 653 3016 musice
695 2977 894 3024 cantato,
938 2976 982 3015 et
1024 2972 1322 3015 benedictione
1364 2968 1609 3024 Episcopali
1651 2967 1965 3009 solemnissima

326 3059 354 3089 a)
374 3058 586 3085 contemnandi
608 3069 654 3091 ap.
738 3059 767 3088 b)
790 3059 942 3092 quoddam
962 3068 1008 3091 up.
1083 3058 1110 3089 c)
1131 3065 1189 3091 que
1209 3066 1256 3089 ap.
1330 3057 1359 3088 d)
1380 3056 1427 3082 hic
1447 3065 1494 3087 ap.

332 3166 339 3183 ¹
369 3165 434 3197 Per
462 3165 606 3198 Petrum
636 3165 835 3198 Canisium:
865 3165 909 3198 cf.
937 3165 1028 3198 infra
1056 3177 1088 3208 p.
1109 3164 1187 3198 603.
