2045 3471
246 188 340 222 Mon.
360 188 427 223 713
454 188 531 222 sive
558 187 617 222 dil.
640 187 729 233 (17).
772 188 844 223 Sub
870 188 1026 222 medium
1053 190 1089 222 et
1115 190 1305 222 exeuntem
1332 200 1378 223 m.
1396 188 1524 222 Iulium
1546 188 1648 223 1566.
1744 191 1825 231 621

67 305 336 348 declaration
378 320 460 359 que
502 321 547 349 se
585 321 610 348 a
642 307 798 349 venido
840 306 932 348 sino
975 307 1156 348 estando
1199 308 1299 361 aquj
1341 310 1567 361 presentes
1608 310 1829 355 rauasten,

66 369 331 420 theodorico,
355 385 383 424 y
407 371 582 421 canisio,
606 386 635 425 y
651 385 707 425 yo
725 386 832 425 para
855 371 1100 421 attribular,
1125 371 1321 413 dominus
1343 385 1468 426 spero
1491 371 1574 414 fuit
1595 371 1830 414 nobiscum.

184 452 224 485 In
249 453 429 485 *Litteris
462 452 682 486 fundationis
708 451 853 495 Dilinga
889 452 945 486 20.
972 451 1053 486 Iulii
1081 453 1171 486 1566
1206 452 1301 487 datis
1336 454 1479 497 praeter
1513 464 1564 493 ea,
1601 464 1693 497 quae
1730 453 1831 497 posui

65 516 176 550 supra
193 516 226 550 p.
245 504 324 546 309,
350 504 464 538 multa
491 504 559 538 alia
586 506 814 545 statuuntur;
843 516 887 539 ex
914 505 1043 549 quibus
1070 516 1184 550 pauca
1210 505 1385 549 quaedam
1411 517 1575 550 excerpo,
1602 517 1693 549 quae
1719 517 1833 550 usque

66 558 182 592 adhuc
208 557 301 592 haud
327 557 378 591 ita
405 560 571 591 accurate
597 558 779 602 proposita
805 561 906 592 sunt:
935 558 1088 592 Alentur
1113 570 1159 592 ex
1185 559 1277 592 3000
1303 558 1475 592 florenum
1504 570 1712 599 annuorum,
1741 570 1832 603 quae

65 623 129 656 pro
162 612 302 653 integro
337 610 487 653 collegio
523 611 712 651 dabuntur,
749 611 881 654 „circa“
913 611 958 645 60
985 611 1175 646 Societatis
1201 611 1373 653 homines,
1411 623 1455 645 ex
1481 612 1585 653 2000,
1622 624 1713 656 quae
1739 624 1832 646 nunc

65 676 129 709 pro
158 664 382 707 „dimidiatffl
412 663 562 707 collegio
590 664 730 704 dantur,
761 664 894 706 „circa“
923 665 967 699 30
989 668 1072 707 „aut
1097 666 1161 705 tot,
1188 666 1275 709 quot
1300 664 1447 698 arbitrio
1473 664 1642 709 ipsorum,
1668 667 1743 698 tam
1770 677 1833 709 pro

64 718 217 760 integro,
248 728 355 760 quam
380 728 444 761 pro
471 716 655 750 dimidiato
682 717 865 751 commode
892 717 938 751 ali
963 719 1173 762 poterunt“;
1202 720 1307 751 erunt
1333 719 1353 751 2
1372 717 1593 762 professores
1619 717 1832 760 theologiae.

64 782 215 814 quorum
234 770 325 804 alter
343 781 482 803 sacram
501 769 724 814 Scripturam
742 771 1047 815 interpretabitur,
1075 771 1166 805 alter
1184 770 1438 805 scholasticam
1456 770 1675 814 theologiam
1693 771 1832 810 tradet:

65 823 230 866 logicam,
266 822 465 868 physicam,
500 822 786 867 metaphysieam
813 824 958 857 tradent
984 824 1061 865 duo,
1097 824 1227 868 quibus
1252 825 1399 858 tertium
1426 823 1673 868 philosophiae
1699 824 1833 868 profes-

64 888 181 910 sorem
216 876 347 910 addere
373 875 544 910 societati
570 875 712 917 licebit;
747 876 975 911 humaniores
1002 877 1143 911 litteras
1170 889 1211 911 ac
1238 877 1512 920 grammaticam
1539 878 1687 920 eiusque
1717 876 1832 919 „rudi-

65 930 205 963 menta“
235 930 257 964 4
282 929 435 963 lectores
461 929 656 969 docebunt3
692 931 880 973 praeterea
914 929 1020 964 lectio
1050 930 1194 973 linguae
1221 941 1372 973 graecae
1408 932 1444 964 et
1468 929 1574 964 lectio
1601 929 1745 973 linguae
1771 929 1832 963 he-

63 982 207 1017 braicae
244 982 480 1016 habebuntur.
540 983 639 1016 Haec
677 984 797 1016 tamen
836 983 996 1017 Societas
1034 985 1108 1016 tum
1149 983 1290 1017 demum
1329 984 1514 1027 praestare
1553 982 1712 1023 debebit,
1751 993 1831 1016 cum

64 1035 250 1070 minimum
277 1035 368 1070 3000
392 1035 566 1069 florenum
594 1047 790 1069 annuorum
817 1035 982 1077 habebit;
1019 1036 1145 1080 quodsi
1181 1037 1298 1070 minus
1332 1035 1488 1077 habebit,
1528 1047 1617 1078 „non
1651 1035 1831 1069 tenebitur

64 1089 106 1122 ad
134 1088 256 1133 plures
281 1088 455 1122 lectiones
481 1099 587 1132 quam
614 1088 716 1122 iuxta
734 1088 996 1133 proportionem
1025 1089 1270 1130 reddituum“;
1297 1089 1350 1123 sin
1378 1090 1498 1123 autem
1521 1088 1601 1133 plus
1619 1088 1830 1133 praestabit.

63 1142 263 1186 praestabit
289 1141 410 1183 libere,
436 1153 505 1175 non
528 1153 593 1184 „ex
616 1141 852 1185 obligatione“
885 1143 945 1185 (ex
972 1154 1093 1187 apogr.
1114 1142 1225 1177 eiusd.
1245 1145 1355 1187 temp.
1398 1142 1536 1184 „Gernr
1556 1141 1639 1187 Sup.
1659 1142 1771 1176 Fund.
1790 1142 1826 1175 1⁸⁷

182 1247 281 1290 Quod
309 1250 428 1282 autem
447 1247 587 1282 Natalis
605 1247 850 1282 fundationem
878 1260 941 1293 per
960 1249 1126 1292 Borgiam
1145 1249 1404 1283 admittendam
1431 1250 1467 1282 et
1485 1248 1602 1282 omnia
1625 1260 1688 1292 per
1714 1248 1829 1292 ponti-

62 1301 165 1335 ficem
202 1301 443 1336 confirmanda
470 1312 549 1335 esse
575 1301 709 1341 scribit,
747 1304 870 1335 exstat
904 1301 1019 1335 adhuc
1050 1302 1327 1344 „*Infor1natio“
1366 1302 1444 1335 sive
1475 1301 1723 1344 „Mem01·iale“
1758 1301 1829 1343 „De

62 1354 223 1397 Collegio
258 1353 485 1398 Dilingense⁴⁴
525 1366 545 1388 a
581 1353 694 1388 Sociis
733 1354 909 1398 (tempore
946 1366 1014 1388 non
1055 1355 1226 1399 ascripto)
1270 1354 1506 1399 compositum
1550 1356 1585 1388 et
1620 1365 1640 1387 a
1675 1355 1829 1388 Polanco

63 1407 253 1442 Societatis
287 1407 482 1442 secretario
517 1407 766 1448 emendatum,
802 1408 838 1441 in
873 1419 942 1451 quo
977 1407 1065 1442 haec
1101 1408 1287 1442 dicuntur:
1331 1407 1537 1452 „Jmprimis
1572 1407 1714 1441 uidetur
1749 1419 1828 1441 con-

61 1460 254 1495 ficiendum
278 1461 566 1503 instrumentum,
603 1472 671 1504 quo
698 1460 971 1495 Illustrissimus
999 1460 1199 1495 Cardinalis
1225 1461 1383 1506 applicat
1408 1460 1692 1495 Vniuersitatem
1718 1460 1829 1494 Dilin-

62 1525 208 1557 gensem
240 1513 410 1548 Societati
437 1514 525 1548 Jesu
552 1516 618 1548 etc.
671 1513 833 1548 Secundo
869 1514 1126 1548 conficiendum
1162 1514 1306 1548 uidetur
1340 1514 1437 1548 aliud
1471 1514 1759 1550 instrumentum,
1795 1514 1830 1547 in

63 1579 132 1611 quo
159 1567 391 1612 Praepositus
418 1567 605 1601 Generalis
631 1570 774 1601 nostrae
802 1567 991 1602 Societat-is
1018 1567 1153 1611 obliget
1178 1579 1257 1601 eam
1283 1567 1325 1601 ad
1354 1579 1461 1601 onera
1487 1567 1559 1608 illa,
1592 1578 1684 1611 quae
1710 1566 1830 1601 subire

60 1621 177 1655 debet.
229 1620 350 1654 Tertio
375 1621 452 1654 fieri
480 1621 585 1655 debet
610 1632 702 1655 noua
729 1620 843 1662 Bulla,
871 1632 961 1665 quae
988 1621 1174 1655 confirmet
1200 1622 1390 1665 utrumque
1416 1620 1696 1655 instrumentum
1727 1622 1826 1654 .etc.“

65 1674 127 1718 (ex
152 1674 359 1719 archetypo.
398 1674 537 1717 ⁷,GernL
566 1674 649 1719 Sup.
676 1675 788 1708 Fund.
816 1675 851 1708 1⁴⁴
882 1674 905 1709 f.
937 1675 1048 1718 159³).

63 1770 160 1807 713
187 1772 265 1807 sive
292 1770 386 1807 dil.
407 1771 534 1817 (17).
610 1771 681 1807 Sub
708 1770 864 1807 medium
891 1773 927 1808 et
952 1772 1146 1807 exeuntem
1172 1781 1218 1807 111.
1238 1771 1370 1807 Iulium
1397 1771 1491 1807 1566.

182 1842 237 1876 Ex
262 1843 496 1888 autographo.
543 1842 606 1885 „G.
633 1843 696 1888 Ep.
724 1843 812 1877 VH*
842 1843 867 1878 f.
894 1843 989 1878 220³.
1040 1843 1158 1877 Etiam
1187 1843 1249 1887 (ex
1274 1845 1430 1888 autogr.)
1460 1843 1494 1877 in
1519 1843 1607 1888 Epp.
1628 1845 1751 1877 Nadal
1777 1843 1828 1877 ΙΙΙ

64 1896 261 1930 765-766,

185 1967 221 2002 Ρ.
248 1967 401 2007 Natalis,
436 1967 639 2000 iuvantibus
674 1967 743 2000 PP.
770 1967 875 2000 Petro
909 1972 939 2000 et
970 1967 1183 2001 Theodorico
1214 1968 1370 2001 Canisiis
1405 1973 1434 2001 et
1461 1968 1498 2000 P.
1526 1969 1577 2001 Io.
1604 1968 1828 2009 Rabenstein,

63 2031 142 2053 cum
176 2021 296 2053 labore
330 2021 447 2062 efficit,
482 2024 522 2053 ut
556 2021 756 2054 cardinalis
790 2022 829 2053 in
862 2021 1074 2062 fundatione
1108 2021 1244 2064 colleye'i
1278 2022 1458 2064 dilinycmz‘
1488 2023 1599 2054 nimia
1627 2022 1762 2063 exiyere
1788 2021 1829 2054 de

64 2073 292 2107 caerimoniis
317 2078 346 2106 ct
366 2074 631 2116 professoribus
656 2078 714 2107 etc.
742 2075 891 2107 desinat.
945 2074 1050 2115 Quem
1078 2075 1116 2106 id
1144 2074 1332 2118 „nonnihil
1357 2075 1447 2108 male
1473 2072 1606 2107 lcabeff‘.

184 2145 232 2186 P.
264 2144 544 2187 Theodericus
574 2145 787 2196 Caluisius,
822 2147 981 2200 colleqessi
1013 2151 1049 2187 ct
1080 2148 1371 2188 universitatis
1404 2147 1651 2201 dilinslanac
1684 2150 1829 2193 rector,

66 2210 245 2264 Dilivvya
278 2212 348 2252 25.
373 2210 475 2251 Iulii
507 2212 622 2252 1566
654 2211 833 2252 Romam
866 2212 924 2252 ad
957 2211 999 2253 S.
1025 2211 1302 2253 Franciscum
1336 2212 1387 2253 (Ze
1419 2212 1577 2265 Borfyia
1616 2212 1830 2265 praeposi-

65 2279 152 2315 tum
193 2276 426 2329 yencralem
469 2275 569 2316 haec
610 2277 767 2317 rettulit
813 2276 864 2317 dc
907 2277 1055 2318 litteris
1097 2276 1385 2329 fundationis,
1431 2291 1537 2330 quas
1577 2276 1626 2317 P.
1660 2275 1833 2316 Natalis

66 2340 271 2392 visitator,
308 2339 612 2382 adiuvantibus
645 2340 731 2382 PP.
757 2341 882 2382 Petro
925 2345 960 2382 et
998 2341 1252 2382 Theoclorico
1293 2342 1480 2383 Caoze'siis
1522 2345 1556 2382 et
1589 2340 1639 2381 P.
1672 2340 1832 2381 Ioanne

68 2404 323 2445 Rabenstein
357 2403 473 2455 (vide
495 2419 629 2459 supra
648 2420 691 2460 2).
716 2406 836 2458 619),
870 2420 946 2460 per
977 2407 1242 2448 cardinalem
1269 2406 1450 2447 (monem
1484 2406 1708 2447 Truclzsess
1741 2419 1833 2446 con-

67 2469 314 2511 scribendas
337 2474 537 2510 curarat:
569 2469 616 2512 P.
639 2469 814 2511 Natalis
840 2505 846 2511 .
874 2505 881 2512 .
908 2505 915 2511 .
940 2484 1010 2512 res
1033 2470 1210 2524 Collegij
1234 2470 1360 2512 huius
1383 2469 1561 2519 meliori,
1586 2484 1669 2522 quo
1691 2470 1834 2523 potuit

66 2533 217 2582 modo,
261 2533 524 2587 composuit,
570 2538 614 2576 et
654 2537 704 2576 vt
743 2534 1083 2587 ,instrumentum
1129 2535 1453 2588 qualiscumque
1497 2533 1764 2577 fundationis
1809 2548 1832 2576 a

66 2598 441 2640 Reuerendissimo
474 2598 701 2640 Cardinale
734 2600 1030 2650 conficeretur,
1065 2614 1230 2642 summo
1264 2600 1412 2642 labore
1445 2599 1600 2650 effecit,
1634 2599 1832 2653 Accipiet

67 2663 195 2713 illud,
245 2663 287 2704 ni
336 2663 488 2712 fallor,
539 2676 633 2704 cum
680 2663 776 2706 istis
819 2664 1068 2706 Paternitas
1112 2665 1204 2706 Tua
1256 2678 1334 2718 per
1377 2664 1592 2717 Agentem
1642 2664 1832 2706 eiusdem

67 2727 368 2769 Reuerendiss:
403 2727 684 2770 Cardinalis1.
750 2728 835 2770 Vix
877 2729 1076 2770 crederes
1114 2732 1241 2783 pater
1281 2732 1488 2782 quantam
1531 2729 1574 2770 in
1616 2728 1832 2782 plerisque

67 2793 196 2834 rebus
228 2792 489 2834 senserimus
521 2792 562 2833 in
596 2795 720 2834 tanto
754 2796 938 2846 patrono
963 2793 1281 2844 difficultatem,
1315 2794 1398 2836 Sed
1430 2795 1554 2835 firma
1576 2796 1674 2835 erat
1695 2794 1833 2848 patris

68 2857 320 2899 Visitatoris
361 2857 578 2899 sententia
619 2857 722 2898 nihil
757 2871 852 2899 esse
885 2872 911 2899 a
942 2858 1065 2899 nobis
1108 2858 1440 2908 concedendum,
1484 2858 1597 2912 quod
1641 2873 1734 2900 cum
1769 2859 1830 2901 in-

67 2921 222 2964 stituto
255 2925 404 2965 nostro
438 2922 581 2975 aliqua
615 2936 670 2963 ex
702 2925 827 2975 parte
860 2936 1055 2976 pugnare
1078 2923 1313 2973 videretur,
1348 2937 1458 2976 quae
1481 2938 1550 2965 res
1573 2938 1657 2965 non
1691 2924 1830 2966 leuem

69 2986 299 3039 aliquando
332 2987 560 3028 verborum
604 2986 850 3029 conflictum
892 2987 1115 3037 excitauit,
1157 2988 1213 3029 ζ111
1256 2988 1365 3041 alijs,
1408 3002 1517 3041 quae
1550 3002 1627 3030 nos
1659 2989 1832 3043 proprie

69 3064 152 3092 non
175 3052 505 3101 concernebant,
539 3051 899 3104 indulgentiorem
932 3065 978 3093 se
1011 3052 1209 3106 praebuit
1241 3055 1367 3106 pater
1388 3053 1603 3103 visitator,
1637 3067 1690 3095 ne
1724 3053 1830 3095 Ger-

190 3167 200 3186 ¹
226 3166 393 3201 Ioannem
422 3167 572 3201 Paulum
601 3166 859 3201 Castelliniuni.
