2045 3471
359 205 453 239 Mon.
472 205 541 240 853
567 204 645 239 sive
671 205 739 239 litt.
761 205 826 249 (2).
869 205 972 239 Anno
993 204 1082 239 1565
1103 203 1212 247 (inter
1238 215 1284 238 m.
1302 203 1376 237 Ian.
1396 205 1431 237 et
1449 203 1591 248 Aprjs).
1771 205 1852 245 791

97 325 124 366 l.
149 338 183 366 c.
207 324 226 365 I
260 326 492 365 252—255
526 327 570 366 et
593 325 944 366 Gomez-Rodeles
975 324 1002 366 l.
1027 337 1061 366 c.
1090 324 1334 365 110—114.
1387 321 1692 365 Instructionis
1725 325 1855 376 caput

96 388 214 440 illud,
249 389 361 442 quod
395 389 446 430 de
479 388 635 431 Canisii
669 388 930 432 catechismo
964 391 1043 439 est,
1085 387 1153 430 hic
1184 401 1391 442 propono,
1435 389 1483 429 ut
1516 401 1541 428 a
1572 386 1735 428 Natale
1766 386 1856 441 pri-

97 468 212 495 mum
236 454 519 507 compositum
553 457 619 496 est
641 454 739 507 (A);
774 468 884 507 quae
917 457 1062 496 autem
1096 455 1249 507 postea
1282 453 1335 494 ab
1359 466 1409 494 eo
1443 454 1612 494 mutata
1644 453 1745 493 sunt
1767 451 1854 505 (B),

97 532 151 559 ex
184 519 293 560 libro
317 519 362 562 P.
389 520 739 561 Gomez-Rocleles
771 519 991 573 exscripta
1022 518 1065 560 in
1094 517 1373 568 „lectionibus
1399 516 1695 559 variantibus“
1723 531 1854 570 pono;

98 582 178 624 hoc
210 586 356 625 tamen
388 584 669 637 praeloquor:
704 584 783 634 Qui
821 583 1141 634 „Catechismus
1174 582 1219 625 P.
1244 582 1402 624 Canisii
1434 581 1597 623 minor“
1635 596 1661 624 a
1692 582 1856 624 Natale

96 650 293 697 vocatur,
336 651 403 690 est
442 648 632 697 „Parvus
673 648 968 690 Cateehismus
1010 648 1379 696 Catholicorum“;
1423 646 1495 700 qui
1543 647 1745 696 „maior“,
1788 650 1856 689 est

101 712 302 762 „Summa
347 712 569 755 doctrinae
614 713 927 756 Cln·istianae“.
996 713 1065 755 Ita
1108 713 1243 766 igitur
1285 713 1482 754 Natalis:
1534 711 1855 761 „Catechismus

96 777 142 819 P.
167 777 350 831 Canisij³
382 777 521 819 minor
553 778 723 830 quidem
766 777 1040 819 inferioribus
1072 777 1291 819 Classibus
1329 777 1467 818 maior
1499 775 1629 818 uerob
1661 776 1856 830 superio-

95 841 213 883 ribus
245 845 487 896 exponetur
520 842 587 884 die
619 842 791 884 veneris
823 843 929 884 hora
961 842 1116 885 Vltima
1148 841 1403 884 lectionumc
1435 840 1779 883 antemeridiana
1812 843 1855 882 et

97 906 319 948 curabitur
350 910 399 949 ut
423 921 570 949 omnes
603 910 782 950 teneant
814 907 1064 949 memoriter
1085 907 1242 949 saltem
1264 920 1447 961 paruum
1471 908 1515 948 et
1547 905 1855 947 instituentur‘¹

96 970 148 1012 de
180 971 245 1013 his
278 971 595 1026 disputationes
628 973 719 1014 siue
760 972 1127 1026 interrogationes
1168 977 1422 1025 puerorum⁰
1455 973 1531 1013 aut
1563 970 1693 1012 etiam
1729 984 1855 1024 prae-

96 1036 338 1090 ceptorum‘
376 1037 443 1078 die
485 1037 708 1087 sabbathi,
751 1039 825 1080 fiet
867 1041 1038 1080 autemg
1077 1037 1120 1078 in
1162 1036 1359 1078 Ecclesia
1400 1036 1528 1078 lectio
1566 1034 1852 1078 Cathechismi

97 1099 246 1142 diebus
287 1101 509 1143 dominicis
552 1105 596 1144 et
636 1102 774 1153 festis,
817 1102 884 1144 Ad
918 1117 1048 1144 vnam
1089 1101 1266 1143 harumh
1307 1100 1558 1144 lectionumi
1597 1100 1854 1142 conuenient

97 1166 390 1217 Grammatici,
426 1181 536 1220 quae
569 1167 651 1209 erit
683 1167 867 1221 simplex
900 1169 944 1210 et
977 1167 1030 1208 ad
1053 1181 1199 1208 eorum
1234 1169 1408 1220 captum
1441 1169 1486 1208 et
1513 1165 1749 1208 vtilitatem
1782 1179 1854 1206 ac-

95 1232 383 1282 commodata,
426 1233 479 1274 ad
522 1232 650 1274 aliam
692 1247 795 1274 uero
836 1232 1124 1274 Humanistae
1166 1235 1210 1273 et
1251 1232 1465 1274 Rhetores
1507 1233 1551 1273 et
1591 1230 1663 1284 alij
1706 1230 1741 1271 si
1783 1229 1854 1283 qui

94 1296 256 1339 fuerint
297 1297 529 1347 auditores,
573 1311 683 1350 quae
725 1297 807 1339 erit
847 1297 976 1339 lectio
1018 1297 1234 1350 grauiork.
1298 1296 1366 1338 Ad
1398 1296 1476 1338 has
1508 1296 1717 1338 lectiones
1750 1295 1856 1336 deli-

93 1364 252 1415 gentur
284 1363 353 1403 uel
386 1376 441 1403 ex
472 1362 826 1416 praeceptoribus
858 1363 926 1404 uel
959 1376 1013 1404 ex
1047 1362 1162 1415 alijs¹
1195 1361 1265 1415 qui
1303 1361 1563 1403 uidebuntur
1595 1359 1853 1414 aptissimim.

96 1515 202 1552 853
229 1517 307 1550 sive
334 1514 444 1551 litt.
465 1515 565 1560 (2).
640 1515 742 1551 Anno
769 1515 850 1551 1565
878 1515 991 1559 (inter
1017 1525 1063 1551 m.
1082 1514 1293 1551 Ianuarium
1321 1516 1357 1550 et
1384 1514 1548 1562 Aprilem
1563 1516 1605 1559 Ρ).

213 1607 461 1648 Epistularum
491 1606 527 1639 S.
546 1606 760 1648 Hieronymi
794 1616 814 1637 α
845 1605 991 1638 C'wze'sz‘o
1022 1606 1227 1638 selec-tamon
1264 1609 1294 1637 et
1329 1606 1506 1638 editarum
1543 1606 1656 1638 altera
1684 1606 1854 1647 Dt'lz'nsme

96 1662 133 1693 in
159 1661 267 1693 lucem
292 1660 413 1702 prodit
439 1660 543 1692 editio
570 1670 677 1702 eaque
701 1660 821 1692 multis
845 1659 930 1691 locis
955 1659 1148 1692 emendata.

213 1749 409 1791 Canisius
431 1749 606 1801 Dilinga
632 1750 697 1792 10.
721 1748 943 1790 Februarii
974 1749 1085 1789 1565
1108 1748 1291 1790 Romam
1314 1749 1369 1791 ad
1391 1748 1623 1791 Societatis
1645 1749 1853 1791 vicarium

93 1815 342 1868 generalem
375 1814 482 1855 haec
515 1813 686 1856 rettulit
718 1813 770 1855 de
803 1812 999 1867 epistulis
1032 1813 1232 1866 (aliisque
1265 1813 1500 1868 opusculis)
1534 1815 1574 1857 S.
1600 1814 1853 1868 Hieronymi

94 1879 138 1921 in
170 1894 293 1921 usum
326 1879 569 1920 scholarum
604 1892 629 1920 a
660 1892 706 1920 se
738 1878 912 1920 selectis
945 1880 990 1919 et
1012 1877 1211 1931 Dilingae
1243 1881 1431 1921 exeunte
1459 1893 1497 1922 a.
1526 1881 1632 1921 1561
1669 1879 1852 1933 primum

95 1959 121 1986 a
161 1958 208 1986 se
250 1943 376 1986 editis
418 1943 492 1997 (cf.
529 1944 632 1985 Can.
666 1943 728 1984 III
761 1943 886 1995 784):
934 1943 1187 1993 „Recudunt
1218 1943 1419 1996 Dilingae
1461 1958 1567 1998 opus
1609 1944 1854 1997 Epistolare

95 2010 147 2052 D.
170 2008 422 2058 Hieronimi,
451 2008 563 2061 quod
586 2021 711 2062 spero
734 2022 846 2049 nunc
868 2007 1007 2060 magis
1030 2022 1157 2061 quam
1181 2011 1313 2051 antea
1334 2009 1569 2050 lectoribus
1590 2008 1850 2063 placiturum

96 2074 149 2116 ob
180 2074 299 2115 illam
332 2087 443 2125 quae
474 2073 659 2115 accessit
690 2072 1053 2125 recognitionem
1092 2072 1209 2126 (vide
1240 2087 1371 2127 supra
1403 2087 1443 2127 p.
1476 2074 1533 2127 9).
1597 2073 1854 2117 Prodierunt

95 2139 228 2192 igitur
266 2137 584 2189 „EPISTOLAE
615 2135 619 2191 Ι
648 2138 697 2181 Β.
721 2137 923 2179 HIERO-
953 2134 958 2193 Ι
986 2137 1135 2180 NYMI
1167 2138 1397 2180 STRIDO-
1427 2137 1431 2193 Ι
1460 2139 1683 2189 NENSIS,
1719 2139 1853 2181 ELO-

95 2204 275 2253 QVEN-
306 2200 311 2257 Ι
339 2203 548 2245 TISSIMI
589 2203 662 2244 ET
706 2202 1101 2245 PRAESTANTIS-
1131 2200 1135 2258 Ι
1163 2203 1258 2244 simi
1299 2204 1506 2246 Ecclesiae
1548 2204 1766 2256 Doctoris‚
1810 2205 1852 2246 in

94 2269 228 2311 libros
258 2268 365 2311 treis
394 2265 399 2322 Ι
428 2267 668 2321 distribute,
703 2268 732 2308 ἃ*
764 2267 818 2309 ad
851 2267 1125 2310 collationem
1149 2271 1344 2310 veterum
1377 2269 1382 2320 Ι
1410 2269 1721 2323 exemplarium
1754 2284 1853 2324 per-

95 2333 244 2376 multis
284 2333 326 2374 in
371 2332 475 2374 locis
502 2329 506 2387 Ι
538 2334 766 2381 restitutae,
810 2334 859 2374 vt
898 2332 989 2374 haec
1030 2334 1219 2374 secunda
1250 2331 1253 2388 Ι
1282 2334 1413 2376 editio
1454 2333 1640 2388 priorem
1681 2335 1809 2388 longe
1845 2334 1847 2369 1

97 2398 345 2441 antecellat.
376 2394 381 2452 Ι
410 2398 497 2440 DE
528 2398 692 2440 CVJVS
724 2398 939 2440 OPERIS
968 2398 1122 2439 NOVA
1165 2400 1264 2440 RA-
1295 2396 1300 2451 Ι
1326 2401 1447 2451 tione,
1490 2400 1641 2441 ordine
1673 2403 1710 2441 ((-
1742 2403 1852 2442 vte'le’-

95 2469 176 2506 tate
209 2464 422 2518 sinqularc'
455 2462 672 2513 iudicabit,
702 2459 706 2517 Ι
736 2464 809 2517 qui
830 2468 1062 2517 sequentem
1085 2464 1139 2505 J).
1163 2464 1355 2506 PETRI
1372 2465 1465 2506 CA·
1497 2464 1501 2516 Ι
1528 2465 1685 2507 NISII
1709 2467 1853 2519 lecerit

96 2530 209 2571 Prcu-
226 2525 456 2581 lfatc'onem.
488 2525 491 2580 Ι
521 2527 623 2568 Cum
647 2526 790 2580 gratia
822 2530 866 2569 et
888 2527 1119 2581 Priuilogio
1143 2528 1234 2582 Ces.
1258 2526 1720 2583 Maiest.yD1L1NGA⁴J
1755 2531 1853 2571 EX-

95 2592 365 2635 CVDEBAT
394 2590 398 2645 Ι
428 2591 725 2633 SEBALDVS
759 2591 975 2634 MAYER..
1007 2590 1011 2647 Ι
1040 2594 1165 2634 Anno
1197 2594 1374 2635 Domini
1405 2595 1689 2638 M.D.LX1'.‘⁴

190 2689 251 2734 ,⁸38⁰
270 2690 372 2729 min.;
400 2690 434 2722 ff.
454 2690 545 2732 sign.
566 2689 649 2729 294;
676 2691 863 2733 praeterea
890 2690 923 2723 ff.
944 2701 1012 2723 non
1039 2691 1131 2732 sign.
1152 2690 1185 2724 in
1205 2690 1306 2725 initio
1324 2692 1345 2726 8
1366 2691 1503 2733 (addito
1522 2692 1593 2729 tit.)
1616 2696 1649 2726 et
1670 2693 1703 2726 in
1731 2693 1799 2726 fine
1818 2694 1849 2726 2.

95 2744 135 2777 ln
162 2743 293 2788 pagina
312 2742 425 2776 altera
443 2742 517 2775 solii
537 2741 693 2776 titularis
712 2743 827 2785 figura
846 2742 879 2776 S.
900 2742 1109 2787 Hieronymi
1128 2743 1225 2787 ligno
1244 2744 1355 2778 incisa
1375 2745 1507 2786 eadem,
1535 2757 1626 2789 qnae
1645 2746 1678 2779 in
1698 2746 1852 2780 editione

96 2796 228 2841 prima:
257 2796 291 2829 in
319 2797 336 2829 7
357 2795 452 2829 foliis
478 2795 650 2839 proximis
676 2795 830 2839 epistula
856 2796 1074 2829 dedicatoria
1102 2797 1152 2839 (v.
1171 2809 1279 2842 supra
1298 2809 1332 2842 p.
1351 2798 1527 2842 26—30):
1556 2799 1589 2832 in
1616 2799 1731 2833 tribus
1758 2803 1853 2844 post-

96 2849 204 2883 remis
238 2849 317 2882 libri
353 2848 493 2893 paginis
529 2849 634 2881 index
670 2848 915 2892 epistularum.
967 2850 1134 2883 ceterum
1170 2850 1212 2884 de
1247 2850 1313 2884 hoc
1341 2850 1472 2885 Canisii
1499 2864 1604 2896 opere
1632 2864 1665 2886 v.
1687 2855 1772 2887 Can.
1802 2854 1848 2887 111

95 2902 282 2936 274-28ῦ
309 2902 497 2936 2ὅ9-29Ο
525 2901 721 2936 783-784.

215 2996 242 3026 a)
264 2996 297 3020 In
320 2996 344 3019 Β
363 2997 524 3026 sequuntur
544 3002 602 3018 1:1⁴..-
628 2993 656 3018 in
679 2993 848 3020 Germania.
959 2994 989 3025 b)
1017 2996 1076 3020 Ilm·
1103 3004 1126 3020 ι’.
1149 3004 1202 3020 mm
1229 2999 1270 3021 es!
1299 2997 1326 3020 in
1354 2998 1389 3022 B.
1499 2997 1525 3027 c)
1551 2999 1670 3022 rei-Imm
1691 3007 1812 3030 sequens
1831 3008 1847 3023 a

99 3038 201 3062 Theoti.
216 3039 284 3061 Can.
304 3044 396 3067 mcpra
417 3043 531 3059 versum
550 3036 691 3066 seriptum
711 3039 761 3060 est.
830 3035 860 3065 d)
881 3036 1037 3061 minorem.
1058 3036 1263 3062 Instituentur
1277 3039 1311 3063 R.
1378 3039 1405 3066 e)
1426 3039 1460 3063 In
1482 3039 1507 3063 B
1526 3043 1688 3070 sequutum·
1708 3048 1750 3065 rr.
1770 3040 1845 3065 intel

95 3085 138 3104 se.
211 3077 239 3109 f)
260 3077 312 3102 aut
332 3076 422 3101 etiam
441 3078 656 3108 praeceptores
677 3083 788 3109 pueros
808 3076 995 3109 interrogent
1018 3079 1051 3103 Β.
1124 3080 1154 3110 g)
1176 3078 1265 3103 etiam
1285 3080 1320 3105 B.
1388 3078 1420 3110 11)
1441 3086 1543 3105 earum
1564 3082 1597 3105 15.
1666 3080 1687 3112 i)
1708 3082 1740 3106 ln
1763 3083 1788 3107 B
1807 3090 1849 3106 se-

96 3123 228 3151 quuntur
248 3127 307 3144 viu:
332 3117 523 3146 Catechismi,
544 3124 621 3150 quae
641 3117 671 3142 in
691 3117 804 3143 scholis
825 3117 1026 3144 habebuntur.
1111 3119 1142 3151 k)
1169 3121 1202 3144 In
1223 3122 1249 3145 B
1269 3121 1371 3145 addita
1392 3124 1458 3146 sunt
1483 3129 1542 3146 tm..-
1567 3121 1614 3146 vel
1635 3122 1740 3154 plures
1760 3125 1848 3148 erunt

95 3158 242 3185 lectiones
262 3166 316 3192 pro
339 3159 423 3184 vario
445 3159 534 3191 captu
555 3157 738 3186 auditorum.
819 3159 840 3189 l)
864 3161 896 3184 In
918 3162 943 3185 Ji
962 3161 1095 3191 sequitur
1115 3160 1240 3187 nostris.
1318 3163 1358 3192 m)
1382 3163 1415 3187 In
1436 3164 1472 3193 B,
1497 3163 1577 3187 brevi
1596 3165 1738 3188 sententia
1761 3165 1849 3189 inter-

93 3201 177 3233 fecta,
196 3204 358 3232 sequuntur
379 3208 437 3225 riu:
457 3199 503 3225 Ad
525 3200 686 3226 lectionem
706 3200 879 3226 catechismi
901 3200 959 3226 diei
980 3201 1149 3227 dominicae
1169 3202 1200 3228 et
1220 3201 1291 3228 festi
1311 3202 1495 3229 conueniant
1514 3211 1619 3229 omnm-s
1640 3204 1806 3231 auditores.
