2045 3471
226 217 320 251 Mon.
340 217 528 251 845—846
553 218 631 251 sive
658 228 734 251 oen.
757 215 978 259 (ln—(12).
1021 216 1050 249 A
1078 215 1110 249 d.
1134 215 1186 249 12.
1205 214 1292 249 Maii
1319 215 1362 249 ad
1391 215 1446 250 29.
1466 215 1558 249 Iunii
1579 216 1679 249 1567.
1760 217 1841 257 777

80 339 257 379 tornata
290 336 367 378 che
400 337 537 378 douea
569 349 713 377 essere
737 349 856 377 come
880 335 1030 376 diceua
1052 334 1094 376 in
1119 334 1233 376 circa
1255 334 1307 375 de
1330 334 1372 375 la
1393 334 1509 376 festa
1532 333 1572 375 di
1596 334 1652 376 .S.
1675 334 1845 376 Joanne

81 401 311 455 Baptista1
335 403 379 443 et
411 401 562 443 alhora
594 402 766 442 restara
788 415 813 442 a
836 400 994 441 vedere
1027 413 1146 441 come
1180 399 1215 440 si
1247 402 1460 453 potranno
1494 401 1717 441 tratenere
1749 413 1843 441 sco-

80 466 159 507 lari
192 465 235 507 in
270 468 339 507 vn’
363 465 593 508 seminario
626 465 913 507 archiducale.

200 531 251 572 In
292 532 441 572 iisdem
484 533 634 572 litteris
666 531 860 572 Lanoz'us
903 532 960 571 ita
995 531 1046 571 de
1078 530 1127 571 P.
1153 530 1330 583 Georssio
1365 530 1525 583 ζ’)-ἰεμο,
1568 544 1687 584 quem
1723 529 1843 570 Oeni-

76 601 201 649 ponte
241 595 493 648 confessarii
534 600 571 637 et
611 596 910 637 contionatoris
953 594 1089 648 officio
1131 594 1323 646 functum
1367 608 1454 635 esse
1495 596 1754 649 coynoscitm·
1796 609 1845 635 er

79 660 311 714 *Cataloqo
344 662 619 714 oenipontano
654 665 824 701 exeunte
857 674 894 701 α.
920 662 1035 701 1566
1068 660 1166 700 (lato
1204 658 1367 710 (fise
1390 658 1471 699 ΟΨ(
1505 660 1538 711 f.
1563 660 1845 711 firm-414).-

79 725 122 766 ,Π
154 724 202 766 P.
227 724 497 765 Prouinciale
539 724 650 778 dopo
693 724 735 765 di
775 724 938 777 paseha
980 724 1162 764 hauesse
1204 723 1349 765 leuato
1384 723 1423 763 di
1466 726 1619 775 questo
1653 723 1842 776 Collegio

74 788 109 843 jl
141 789 187 831 P.
212 789 365 843 crispo,
400 802 532 830 senon
565 789 748 830 hauesse
780 788 999 842 impedito,
1033 789 1074 829 lo
1106 788 1171 830 tal
1203 787 1438 841 proposit-0,
1472 788 1500 828 il
1534 788 1579 829 P.
1608 788 1765 841 Dyrsio
1799 790 1844 830 et

80 854 180 896 altri
214 853 394 895 dicendo
428 854 506 895 che
539 868 622 895 non
655 853 689 894 si
722 857 883 907 poteua
915 854 1063 895 leuare
1096 853 1137 893 di
1170 866 1255 906 qua
1286 866 1415 894 senza
1447 852 1667 906 singulare
1710 853 1843 895 detri-

79 920 224 960 mento
268 918 310 959 di
352 918 472 960 molti
514 918 544 959 li
585 918 702 971 quali
741 919 856 960 nelle
898 917 1156 971 confessionj
1199 918 1398 959 ricorono
1436 931 1460 958 a
1502 917 1560 970 luj
1586 952 1593 960 .
1618 917 1734 958 forse
1767 931 1843 959 era

79 986 232 1037 questo
265 997 382 1032 vero,
425 983 703 1037 supponendo
737 984 814 1024 che
855 983 884 1024 li
926 982 1029 1025 altri
1069 982 1285 1036 sacerdotj
1318 981 1476 1035 Dyrsio
1509 982 1756 1024 Hetzcoueo
1799 986 1842 1025 et

79 1048 279 1091 Saxone2
309 1062 393 1089 non
417 1048 620 1101 vogliano
653 1048 815 1090 sentire
848 1047 1105 1102 confessionj
1139 1061 1242 1089 seno
1266 1047 1307 1089 di
1330 1061 1512 1101 persone
1534 1047 1578 1088 di
1608 1047 1671 1089 tal
1695 1061 1718 1088 o
1751 1048 1841 1090 tale

79 1113 323 1155 conditione
361 1116 405 1155 et
446 1127 528 1154 non
563 1113 605 1154 di
645 1113 808 1167 poueri,
851 1113 1047 1155 amallati
1080 1126 1320 1166 ,appresso
1366 1113 1465 1154 delli
1507 1112 1622 1165 quali
1664 1126 1770 1166 pare
1807 1112 1841 1166 jl

78 1178 124 1221 P.
149 1179 298 1232 Crispo
340 1178 380 1219 di
423 1178 583 1220 hauere
625 1178 790 1220 credito
833 1181 877 1219 et
917 1177 1075 1230 gratia.
1139 1177 1195 1218 Jn
1237 1177 1435 1220 absentia
1477 1191 1556 1219 sua
1597 1177 1632 1218 si
1674 1177 1840 1219 ritroua

79 1243 289 1285 difficolta
320 1243 362 1284 in
396 1245 550 1295 questa
581 1245 720 1296 parte,
753 1256 836 1283 non
871 1242 1052 1284 essendo
1084 1241 1114 1283 li
1148 1242 1248 1284 altri
1280 1242 1495 1284 sacerdoti
1527 1242 1662 1284 molto
1695 1241 1837 1296 pronti

79 1308 119 1350 di
142 1308 322 1350 visitare
353 1308 524 1361 infermj
558 1307 673 1349 nella
705 1321 728 1349 0
761 1307 858 1348 fuor
891 1307 931 1348 di
954 1310 1108 1360 questa
1140 1309 1258 1348 terra
1281 1321 1304 1349 0
1328 1307 1369 1348 di
1396 1307 1557 1349 sentire
1581 1307 1838 1349 confessioni

78 1373 130 1415 de
163 1373 230 1415 chi
261 1387 346 1415 non
378 1372 572 1425 soliogno
605 1372 778 1414 sentire.

80 1487 184 1525 845
212 1489 290 1523 sive
318 1498 439 1524 oen.
459 1487 580 1533 (ιι).
655 1487 760 1524 Inter
785 1487 833 1523 12.
860 1488 896 1523 et
922 1486 970 1523 16.
989 1486 1184 1523 Maii1567.

197 1554 251 1587 Ex
277 1553 483 1598 apographo
510 1553 621 1587 eiusd.
641 1553 823 1598 temporis.
870 1552 1010 1595 „Gernr
1034 1553 1099 1587 6’7“ι
1129 1553 1154 1587 f.
1174 1553 1221 1588 3¹³.

200 1620 389 1662 Oem'ponte
418 1619 586 1652 Cane'siecs
611 1622 641 1651 et
667 1619 830 1651 Lanoizcs
856 1618 991 1662 collegii
1017 1623 1132 1651 rector
1158 1619 1251 1651 inter
1275 1630 1310 1651 se
1336 1620 1564 1661 constisumzt,
1601 1619 1687 1661 quid
1712 1619 1837 1652 Ferdi-

76 1673 197 1705 nando
232 1673 281 1706 II.
317 1672 505 1705 archidani
538 1673 579 1704 de
613 1672 799 1705 haereticis
836 1673 875 1704 in
901 1673 1055 1704 Austre'a
1088 1673 1272 1714 superiore
1309 1673 1562 1715 compescendis
1595 1676 1724 1705 secreto
1760 1683 1838 1705 con-

75 1726 260 1759 sulendum
289 1726 345 1759 sit.

196 1793 376 1834 Sanctus
399 1792 655 1833 Franoiscus
678 1792 860 1845 Borye'as
882 1792 1099 1833 Societatis
1128 1793 1393 1845 praepositus
1415 1792 1625 1845 (seneralis
1648 1792 1696 1833 P.
1717 1791 1837 1832 Nico-

75 1859 143 1898 lao
166 1857 329 1898 Lanoio
353 1857 509 1910 colleqessi
531 1858 801 1910 oenipontani
823 1858 973 1898 rectori
995 1857 1054 1897 ad
1076 1858 1278 1911 epistulas
1310 1857 1361 1907 7.,
1398 1858 1480 1909 17.,
1515 1858 1583 1898 19.
1608 1856 1839 1898 Februarii

78 1923 194 1964 1567
239 1922 364 1963 datas
408 1922 542 1962 Roma
586 1922 656 1963 24.
700 1922 853 1962 Martia·
899 1923 1015 1963 1567
1061 1922 1320 1975 respondens
1364 1936 1453 1962 eum.
1498 1922 1621 1973 haec,
1667 1926 1839 1975 praeter

77 1988 179 2040 alia>
212 1988 395 2027 monuit:
436 1985 479 2026 Ci
513 1985 648 2027 siamo
681 1986 815 2027 molto
848 1985 1059 2028 consolati
1092 1986 1134 2026 in
1167 1985 1351 2027 Domino
1384 1985 1451 2027 del
1485 1988 1611 2027 santo
1644 1985 1735 2026 zelo
1769 1986 1836 2027 del

77 2050 359 2093 Serenissinio
401 2049 647 2092 Archiduca
686 2049 728 2091 in
769 2050 1002 2104 procedere
1044 2053 1196 2092 contra
1237 2050 1264 2092 li
1306 2050 1506 2100 heretici,
1550 2053 1593 2092 et
1633 2050 1691 2091 mi
1731 2064 1837 2104 pare

76 2116 184 2157 bene
218 2115 295 2157 che
317 2115 370 2157 V.
397 2115 444 2157 R.
467 2115 497 2156 li
531 2114 600 2156 dia
632 2114 662 2156 li
693 2115 850 2156 ricordi
883 2115 960 2157 che
1001 2115 1030 2156 li
1072 2129 1313 2169 pareranno
1347 2115 1618 2156 conuenienti
1659 2129 1736 2169 per
1773 2116 1836 2157 tal

78 2182 206 2222 conto
230 2179 522 2222 conferendoli
546 2182 649 2233 pero
672 2179 811 2233 prima
833 2180 897 2222 001
920 2180 1061 2222 Padre
1084 2180 1354 2222 Prouinciale
1377 2180 1560 2229 Canisio,
1584 2194 1662 2234 per
1684 2180 1835 2233 region

77 2245 175 2286 (lell'
200 2245 340 2287 officio
383 2247 427 2286 et
468 2244 732 2298 esperientia
772 2259 871 2295 sua,
916 2248 959 2287 et
999 2246 1271 2298 procurando
1313 2246 1449 2287 anche
1491 2259 1575 2286 non
1608 2245 1837 2287 s'intencla

78 2309 116 2350 d’
135 2310 247 2351 altro
281 2309 358 2351 che
390 2324 469 2351 sua
500 2310 552 2351 A.
577 2309 654 2350 che
687 2309 794 2352 detti
827 2309 983 2351 ricordi
1016 2310 1258 2364 procedano
1292 2311 1347 2352 da
1379 2311 1462 2352 noi.

195 2384 360 2419 Dubitari
385 2396 454 2418 non
481 2386 611 2429 potest,
638 2385 721 2428 quin
742 2384 907 2425 Lanoius,
934 2384 1138 2428 praeposito
1165 2384 1323 2427 generali
1351 2384 1550 2424 oboediens,
1578 2396 1623 2417 m.
1642 2384 1737 2418 Maio
1756 2396 1836 2419 cuni

78 2437 221 2472 Canisio
248 2438 485 2481 Oenipontem
513 2437 666 2471 advecto
693 2449 734 2470 ea
761 2437 803 2471 de
829 2449 867 2471 re
894 2436 1044 2471 consilia
1079 2437 1281 2471 contulerit.
1332 2438 1500 2471 Fortasse
1529 2437 1693 2471 Canisius
1728 2438 1836 2472 etiam

76 2491 193 2535 ipsum
222 2490 448 2524 archiducem
476 2490 623 2524 monuit.

196 2543 444 2577 Ferdinandus
470 2543 513 2577 ΙΙ.
541 2543 585 2577 ab
611 2554 703 2576 anno
724 2543 813 2577 1566
839 2542 992 2587 plurima
1018 2543 1197 2584 mandata,
1225 2554 1316 2587 quae
1334 2543 1376 2577 ad
1396 2543 1602 2585 religionem
1624 2543 1838 2578 catholicam

77 2597 113 2630 in
131 2597 280 2630 Austria
305 2597 489 2640 superiore
516 2596 809 2636 conservandam,
836 2596 879 2629 ad
907 2595 1154 2640 anabaptistae
1181 2599 1216 2629 et
1242 2599 1485 2641 protestantes
1510 2595 1693 2641 pellendos
1716 2608 1836 2631 arcen-

78 2650 223 2694 dosque.
250 2649 293 2683 ad
320 2649 430 2683 libros
455 2648 652 2693 prohibitos
678 2649 904 2689 auferendos,
931 2649 1040 2682 bonos
1067 2649 1362 2689 disseminandos,
1389 2650 1431 2683 ad
1459 2649 1557 2692 leges
1576 2650 1696 2683 ieiunii
1716 2653 1752 2684 et
1777 2650 1836 2685 ab·

76 2702 269 2736 stinentiae
296 2701 504 2742 servandas,
531 2701 573 2735 ad
594 2701 713 2735 officia
731 2701 852 2734 divina
876 2701 1148 2744 frequentanda,
1176 2702 1219 2736 ad
1247 2702 1449 2745 magistros,
1477 2702 1660 2743 officiales,
1687 2702 1837 2737 clericos

79 2755 277 2789 visitandos
304 2757 340 2789 et
366 2755 399 2788 in
427 2754 544 2788 officio
571 2754 803 2788 continendos
837 2754 1058 2798 spectabant,
1086 2755 1143 2788 vel
1171 2766 1234 2789 suo
1270 2755 1419 2794 nomine,
1448 2755 1505 2788 vel
1542 2767 1604 2800 per
1633 2757 1832 2798 „regimeffl

77 2810 353 2853 oenipontanum
381 2807 492 2841 edidit
518 2810 553 2840 et
578 2807 671 2841 serio
698 2809 890 2841 exsecutus
916 2810 989 2847 est;
1017 2818 1088 2851 qua
1114 2808 1157 2841 de
1183 2820 1220 2841 ro
1247 2819 1280 2841 v,
1301 2808 1396 2841 Hirn
1426 2808 1445 2842 l.
1466 2820 1495 2842 c.
1516 2808 1529 2840 I
1558 2809 1753 2843 166—233.

81 2911 187 2948 846
215 2915 293 2948 sive
322 2922 440 2948 oen.
462 2911 590 2957 (12).
665 2912 693 2947 A
720 2911 752 2947 (l.
772 2911 819 2947 12.
838 2911 919 2948 Maii
947 2911 990 2947 ad
1019 2911 1188 2948 29.1unii
1216 2911 1306 2948 1567.

196 2983 251 3017 Ex
279 2982 513 3026 autographo.
553 2981 614 3024 „G.
634 2982 815 3027 1⁴]p.V111“
837 2982 974 3017 f.184⁰.
1019 2982 1182 3027 Epistula
1208 2995 1295 3017 usus
1322 2986 1378 3017 est
1404 2986 1516 3018 Jsriiss
1540 2984 1561 3018 l.
1582 2996 1611 3019 c.
1638 2984 1833 3020 177-178.

200 3055 368 3088 Canisius
385 3054 450 3087 Fr.
472 3054 593 3086 Vicum
626 3054 815 3096 Oeniponle
840 3065 952 3086 secum
981 3054 1132 3087 abducit.
1179 3055 1322 3088 Cam'sz'o
1349 3060 1490 3089 auctore
1516 3056 1770 3090 Ferdinandus
1785 3057 1833 3089 II.

79 3108 258 3141 archidux
288 3109 478 3150 Oent'ponte
503 3108 736 3139 seminarimn
763 3107 909 3139 condere
933 3108 1067 3149 statuit,
1092 3108 1205 3149 plura
1232 3119 1270 3140 ea
1298 3109 1338 3141 de
1365 3120 1402 3141 re
1428 3120 1503 3141 cam
1535 3110 1678 3142 Canis-io
1704 3114 1834 3143 tracta-

202 3200 210 3219 ¹
237 3199 308 3233 Sub
336 3200 368 3233 d.
387 3199 442 3234 24.
463 3199 564 3233 [unii.
710 3199 722 3219 ²
749 3200 788 3234 Γ.
807 3200 956 3234 Ioannes
983 3200 1207 3244 Merquitius.
