2077 3461
684 220 870 263 Moguntia
897 221 951 254 15.
970 218 1061 253 Nov.
1090 218 1192 252 1565.
1736 217 1816 257 127

59 353 139 376 cum
166 341 288 375 eodem
307 339 504 384 archetypo
523 338 692 373 collatum
712 340 778 372 est.
812 337 1029 371 Litterarum
1049 335 1226 380 particula
1244 336 1365 368 exstat
1384 335 1418 367 in
1438 334 1526 378 Epp.
1546 334 1668 367 Nculal
1688 332 1721 366 II
1740 332 1820 367 670.

58 394 191 428 Earum
218 395 356 438 partem
383 391 588 436 germanice
613 403 757 425 versam
784 391 904 435 posuit
922 390 1039 433 Duhr,
1068 389 1141 423 Jes.
1165 388 1180 421 I
1209 387 1296 427 122;
1323 387 1368 420 cf.
1389 387 1433 420 ib.
1453 387 1532 421 657.
1576 386 1708 420 lisdem
1733 396 1821 420 usus

59 459 138 482 sum
165 458 230 489 ego
257 446 294 480 in
321 444 535 491 „Sta'mmeist
564 447 631 478 etc.
658 444 772 478 LXXI
799 444 843 478 67
872 444 915 478 69
942 443 988 477 70
1014 443 1069 476 75.

179 524 222 557 Se
248 523 416 565 Diunyae
439 523 561 564 fuisse.
615 521 846 554 Cardinalem
874 522 1124 564 Auyustauum
1151 522 1284 561 optare,
1314 522 1348 550 ut
1375 517 1413 550 P.
1434 517 1578 550 Natalis
1604 517 1651 549 acl
1677 516 1823 558 imperii

60 579 198 610 comitia
226 578 398 609 mittatur.
436 576 490 608 De
516 574 733 607 Theodorico
756 574 900 607 Cauisz'o
926 572 1222 615 recep-oeniandi.
1262 572 1307 605 Se
1332 570 1519 612 Herlu'poli
1546 581 1621 603 cum
1650 570 1820 612 episcopo,

60 630 359 672 Ascltaffenburyi
383 639 462 662 cum
487 628 752 670 archiepiscopo
788 628 1009 669 moquntino,
1046 626 1252 668 Illoyecnticte
1284 635 1361 656 cum
1389 623 1573 656 Socz'etatae's·
1602 622 1824 665 provinciali

60 683 218 716 rhenano
245 685 358 725 eye'sse.
409 680 598 723 Herbilmli
623 681 710 724 quid
736 680 917 722 epiScopus
943 690 964 711 (ι
990 679 1104 713 Sociis
1127 681 1232 721 petat,
1263 677 1348 720 quid
1371 677 1578 719 promittat;
1612 686 1700 718 quae
1725 675 1822 716 diffi-

60 737 202 769 cultates
228 741 256 768 et
283 737 440 778 episcopo
468 739 497 766 et
517 734 633 767 Sociis
659 744 702 766 ex
720 733 965 773 aedificiorum
985 732 1257 774 reddituumque
1273 731 1424 772 ratione,
1452 740 1494 762 ex
1514 729 1645 772 populi
1669 728 1823 770 clerique

60 789 261 822 haeresibus
286 800 328 821 uc
353 789 449 820 vitiis
475 788 655 820 oriantur.
711 786 889 827 Quomodo
916 785 1097 828 colleqium
1119 784 1418 827 praeparandum
1445 793 1513 815 csse
1545 782 1718 814 videatur.
1770 781 1823 813 De

60 842 281 875 contionibus
316 840 528 883 ccuyustanis
563 844 592 872 et
627 840 668 872 de
701 839 876 872 librorum
912 839 1170 871 haereticorum
1204 838 1349 870 lectione
1378 836 1548 879 pluribus
1575 835 1821 877 permittenda.

61 896 113 928 De
136 895 354 938 profectione
379 905 445 927 sua
472 894 723 935 confluentina,
754 892 956 934 coloniensi,
985 891 1277 933 arqentoratensi.

331 970 425 1012 Pax
457 969 614 1011 Christi
646 968 876 1010 admodum
908 966 1162 1009 Reuerende
1194 966 1339 1009 Pater.

178 1042 428 1084 Postremas
459 1041 661 1093 Augusta
694 1039 804 1088 dedi,
847 1038 902 1080 ad
933 1038 1058 1080 huius
1092 1051 1245 1091 nempe
1277 1036 1437 1078 mensis
1469 1035 1652 1078 initium.
1715 1035 1821 1076 Pro-

60 1121 235 1159 gressus
275 1107 374 1148 inde
406 1105 638 1158 Dilingam‚
682 1104 820 1146 multa
861 1109 981 1145 cum‘*
1013 1104 1064 1146 D.
1099 1102 1368 1152 Cardinale1‚
1411 1101 1536 1155 plura
1577 1113 1681 1142 vero
1723 1113 1817 1141 cum

61 1171 229 1213 fratre2
261 1171 423 1214 contuli
457 1170 588 1224 varijs
628 1170 680 1211 de
711 1170 853 1219 rebus,
900 1182 978 1210 nec
1021 1170 1169 1210 tamen
1213 1168 1329 1209 ultra
1372 1166 1546 1208 biduum
1587 1165 1674 1206 illic
1714 1165 1818 1207 hesi.

61 1236 275 1278 Cardinali
309 1236 440 1278 semel
475 1238 519 1277 et
548 1235 706 1277 iterum
738 1233 978 1288 postulanti
1010 1233 1120 1275 hanc
1152 1231 1328 1287 promisi
1367 1245 1556 1285 operam,
1599 1234 1647 1272 ut
1679 1230 1820 1271 Reue—

59 1301 238 1343 rendam
271 1301 316 1343 P.
342 1301 389 1345 T.
423 1300 698 1342 admonerem
731 1300 783 1341 de
815 1299 860 1342 P.
885 1299 1046 1341 Natale
1077 1297 1287 1340 mittendo
1315 1296 1370 1338 ad
1401 1295 1599 1350 proxima
1632 1295 1819 1343 comitia,

61 1366 131 1407 ubi
162 1381 248 1408 non
270 1368 408 1408 solum
439 1365 513 1407 ille
535 1365 764 1415 Cardinali‚
799 1378 947 1406 uerum
982 1363 1114 1406 etiam
1146 1361 1375 1404 uniuersae
1399 1360 1655 1403 Germaniae
1687 1360 1820 1414 pluri-

61 1446 176 1473 mum
209 1431 413 1485 prodesse
454 1444 581 1484 posse
614 1430 877 1472 videmini-3.
942 1429 1096 1470 Frater
1136 1441 1241 1469 vero
1284 1426 1444 1468 scribet
1481 1425 1573 1480 ipse
1615 1425 1668 1466 de
1711 1425 1823 1479 alijs,

62 1509 171 1549 quae
203 1498 296 1538 tum
328 1496 382 1537 ad
415 1494 652 1549 Collegium
684 1494 948 1548 Dilingense‚
995 1492 1114 1534 cuius
1159 1491 1298 1533 adhuc
1342 1490 1610 1532 dotationem
1650 1489 1822 1543 requiro

62 1561 262 1611 maxime,
305 1563 396 1603 tum
438 1561 493 1603 ad
533 1559 798 1614 prouinciam
842 1572 1010 1601 omnem
1051 1557 1281 1612 praecipue
1313 1558 1529 1611 spectant.
1590 1554 1685 1597 Nec
1718 1569 1825 1609 opus

62 1639 156 1668 esse
189 1626 295 1667 duco
336 1639 478 1667 meam
512 1625 564 1666 de
604 1624 828 1678 provincia
867 1637 1013 1665 curam
1055 1623 1344 1676 interponere,
1388 1620 1560 1674 quando
1601 1619 1688 1661 iam
1728 1622 1825 1662 tota

62 1692 130 1733 est
160 1690 273 1732 illius
304 1690 494 1732 humeris
536 1689 813 1739 demandata,
857 1687 929 1741 qui
969 1687 1130 1729 rectius
1172 1686 1305 1729 etiam
1346 1685 1464 1727 illam
1506 1685 1654 1739 procul
1697 1684 1824 1726 dubio

63 1755 396 1798 administrabit.

180 1820 259 1862 His
307 1819 631 1873 quatuordecim
677 1818 826 1860 diebus
868 1817 959 1859 fere
1005 1830 1157 1858 versor
1203 1816 1247 1857 in
1295 1818 1499 1869 suscepta
1541 1814 1822 1869 profectione.

63 1885 207 1927 Unum
229 1885 341 1927 diem
362 1884 483 1927 haesi
516 1884 629 1938 apud
652 1883 914 1938 Episcopum
938 1881 1297 1935 Herbipolensem
1310 1882 1339 1930 4,
1372 1879 1562 1922 triduum
1585 1893 1688 1921 vero
1712 1879 1825 1933 apud

62 1950 447 2004 Archiepiscopum
488 1949 819 2003 Mogunti11un15
861 1946 1244 1999 Asschafenburgi.
1308 1945 1414 1987 Inde
1463 1946 1687 1999 profectus
1733 1945 1825 1986 heri

63 2015 241 2069 perueni
271 2014 557 2067 Moguntiam‚
605 2028 702 2055 cras
735 2012 1049 2055 Confluentiam
1082 2011 1327 2066 petiturus6
1359 2010 1543 2052 Domino
1576 2010 1824 2052 adiuuante.

64 2080 157 2122 Hoc
188 2080 282 2121 loco
313 2079 455 2133 reperi
483 2080 529 2122 P.
553 2078 788 2121 Antonium
812 2077 1126 2119 Provincialem
1141 2077 1168 2127 7,
1203 2076 1270 2118 cui
1292 2076 1423 2128 longa
1445 2089 1566 2117 mora
1588 2076 1656 2117 est
1687 2075 1730 2116 in
1753 2089 1826 2116 ex-

183 2179 210 2208 a)
232 2179 266 2203 In
287 2179 366 2202 ιυϊῘι.
386 2178 518 2208 sequitur
539 2176 584 2202 de.

187 2308 196 2327 ²
222 2307 288 2341 Die
319 2307 351 2341 2.
379 2306 592 2341 Novembris
619 2305 783 2339 Canisius
809 2304 992 2348 Dilingam
1018 2305 1137 2343 venit;
1175 2303 1230 2337 die
1256 2304 1289 2337 4.
1316 2301 1538 2346 Herbipolim
1565 2312 1693 2335 versus
1726 2301 1824 2334 abiit.

64 2360 180 2394 Breve
207 2360 262 2394 Pii
289 2360 348 2394 IV.
399 2359 525 2394 Ottoni
559 2357 732 2393 cardinali
758 2357 994 2392 Truchsessio
1024 2356 1191 2399 Dilingae
1225 2367 1289 2401 per
1317 2356 1499 2390 Canisium
1536 2355 1706 2388 traditum
1742 2353 1824 2387 vide

65 2413 158 2448 infra
184 2425 338 2447 monum.
366 2424 477 2457 germ.
504 2412 528 2446 l.
550 2412 616 2455 (4).

185 2466 198 2486 ²
223 2465 262 2501 P.
289 2465 511 2500 Theodorico
538 2464 680 2499 Canisio
707 2463 922 2498 Germaniae
957 2462 1152 2508 superioris
1187 2461 1484 2506 viceprovinciali
1515 2464 1622 2504 atque
1650 2459 1825 2493 universi-

65 2519 151 2553 tatis
186 2519 399 2563 collegiique
435 2517 608 2561 dilingani
643 2520 792 2551 rectore.
852 2516 904 2550 De
939 2516 1047 2550 rebus
1083 2527 1162 2549 cum
1200 2514 1373 2549 cardinali
1405 2512 1640 2547 Truchsessio
1677 2516 1712 2546 et
1747 2523 1826 2545 cum

66 2572 284 2607 Theodorico
311 2572 453 2607 Canisio
479 2571 621 2605 collatis
647 2570 729 2604 vide
756 2570 849 2603 infra
876 2581 967 2603 mon.
995 2569 1054 2602 dil.
1086 2569 1151 2612 (9).

186 2626 198 2645 ³
224 2624 314 2659 Vide
339 2636 449 2670 supra
475 2637 508 2669 p.
528 2625 571 2658 75
598 2624 653 2657 87.

185 2681 197 2698 ⁴
223 2678 443 2712 Fridericum
470 2689 490 2711 a
509 2676 709 2718 W'irsberg.

185 2731 198 2750 ⁵
223 2730 408 2764 Danielem
435 2730 600 2764 Brendel.
651 2728 920 2773 Archiepiscopi
956 2727 1157 2770 moguntini
1183 2725 1485 2767 Aschaffenburgi
1515 2723 1827 2767 (Aschaffenburg

67 2795 159 2817 nunc
186 2783 288 2827 regni
314 2784 476 2818 bavarici
501 2781 603 2826 urbs)
641 2793 759 2816 arcem
794 2781 1027 2826 possidebant
1062 2781 1097 2814 in
1134 2791 1247 2823 eaque
1282 2779 1358 2812 fere
1393 2778 1514 2812 sedem
1550 2777 1748 2817 habebant;
1785 2777 1827 2811 de

68 2837 174 2871 rebus
200 2837 293 2870 inter
317 2836 503 2871 Danielem
531 2839 567 2870 et
593 2835 774 2869 Canisium
801 2834 967 2868 tractatis
994 2834 1076 2867 vide
1103 2834 1196 2866 infra
1222 2843 1376 2865 monum.
1404 2842 1515 2874 germ.
1543 2830 1565 2864 l.
1595 2830 1684 2872 (13).

186 2890 198 2909 ⁶
225 2889 266 2923 In
301 2901 382 2924 arce
408 2888 738 2928 Ehrenbreitstein,
774 2898 865 2930 quae
900 2898 1008 2931 super
1043 2886 1166 2920 urbem
1202 2885 1479 2919 confluentinam
1518 2882 1699 2926 (Comum,
1734 2895 1827 2917 nunc

69 2941 273 2986 provinciae
299 2942 479 2976 rhenanae
506 2942 607 2985 regni
634 2939 825 2982 borussici)
854 2939 1024 2976 imminet,
1053 2938 1312 2982 archiepiscopi
1339 2939 1375 2970 et
1401 2936 1575 2970 electores
1600 2938 1829 2970 treverenses

69 2995 191 3029 sedem
217 2994 408 3030 habebant.
448 2994 500 3029 De
526 2995 633 3029 rebus
659 2994 752 3027 inter
770 2993 937 3026 Ioannem
957 2991 1265 3036 archiepiscopum
1292 2992 1328 3024 et,
1347 2989 1528 3024 Canisium
1554 2988 1720 3023 tractatis
1747 2989 1828 3022 vide

70 3047 172 3088 infra,
206 3047 242 3081 in
269 3047 402 3082 canisii
438 3048 605 3093 epistulis
640 3047 695 3081 21.
724 3045 782 3079 vel
810 3045 866 3079 22.
892 3044 1107 3078 Novembris
1136 3044 1224 3077 1565
1260 3043 1305 3076 ad
1331 3042 1548 3077 cardinalem
1575 3042 1757 3076 Amulium
1793 3045 1826 3076 et

70 3100 126 3135 28.
152 3100 309 3134 Ianuarii
336 3101 428 3135 1566
454 3101 498 3135 ad
526 3098 745 3135 cardinalem
771 3097 971 3132 Truchsess
998 3097 1104 3139 datis,
1132 3100 1167 3130 et
1192 3107 1346 3129 monum.
1373 3107 1485 3138 germ.
1511 3095 1534 3130 l.
1564 3095 1654 3137 (13).

189 3153 201 3172 ⁷
227 3153 422 3187 Antonium
445 3153 574 3194 Vinck,
601 3151 807 3197 provinciae
834 3149 1013 3184 rhenanae
1040 3149 1230 3184 societatis
1255 3149 1517 3193 praepositum;
1545 3149 1589 3182 ad
1616 3160 1723 3192 quam
1750 3159 1826 3192 pro-

71 3204 225 3239 vinciam
252 3205 442 3249 collegium
466 3206 716 3249 moguntinum
745 3203 964 3249 pertinebat:
993 3203 1037 3236 cf.
1066 3202 1158 3236 infra
1185 3213 1338 3236 monum.
1366 3213 1476 3245 germ.
1504 3201 1526 3236 l.
1556 3201 1646 3244 (13).
