2045 3471
200 217 283 258 812
562 214 658 249 Mon.
677 214 745 249 868
772 215 850 249 sive
875 215 944 250 litt.
967 214 1055 259 (17).
1095 215 1188 249 Vere
1215 217 1251 249 et
1277 216 1415 249 aestate
1440 226 1472 249 a.
1493 215 1594 250 1566.

317 334 530 367 Frtdertcns
547 334 619 367 III.
643 335 769 368 elector
786 335 976 368 Palatinus
994 335 1177 377 Auyustae
1204 335 1239 367 in
1266 334 1411 377 imperii
1437 335 1586 367 comitiis
1608 334 1834 377 principibus
1859 335 1961 377 offert

197 386 364 429 libellum,
391 397 459 430 quo
485 387 670 420 exstinctio
693 392 851 430 papatus
870 388 1080 431 postulatur
1105 392 1134 420 et
1162 388 1312 420 Iesuitae
1335 387 1450 429 foeclis
1476 388 1643 420 conviciis
1665 388 1959 430 proscinduntur.

202 439 410 472 Cardinalis
433 439 622 473 Trachsess
641 440 795 474 libellum
813 452 884 474 non
903 442 1057 473 admittit
1074 442 1147 473 nisi
1172 451 1208 473 eo
1228 444 1347 483 pacto,
1373 445 1411 473 ut
1432 440 1621 473 Palatinus
1645 441 1811 483 spondeat
1836 451 1871 473 se
1895 441 1960 474 lec-

196 497 319 525 turum
346 502 415 525 esse
441 494 712 535 responsionem.
766 494 879 535 Quam
906 494 1089 527 cardinali
1115 498 1260 535 umente
1289 493 1478 526 conscribit
1508 492 1685 535 Canisius,
1724 503 1819 536 opem
1839 497 1961 536 petens

197 555 219 577 (ι
247 544 360 578 Sociis
385 545 582 588 dilinyam's
607 550 637 579 et
662 547 997 588 inyolstadiensibus
1023 551 1052 580 et
1078 548 1231 579 maxime
1266 556 1288 578 a
1318 546 1357 579 P.
1384 546 1566 579 Ledesma.
1619 546 1714 579 Huic
1738 550 1777 579 ut
1802 546 1960 579 aliarum

197 607 333 640 quoque
358 599 682 631 controversiarum
704 599 850 632 Canisio
875 602 1019 632 iuvante
1044 599 1380 632 conscribendarum
1396 600 1519 641 qratia
1545 600 1584 631 in
1606 600 1803 632 Germania
1821 610 1963 633 manere

197 651 311 692 liceat,
337 651 376 684 P.
395 650 539 684 Natalis
564 663 585 684 a
614 652 650 685 S.
671 653 867 686 Francisco
886 653 1022 696 Boryza
1043 652 1248 695 praeposito
1271 653 1433 694 =‘yenerali
1456 653 1552 694 petit.
1597 652 1705 695 Socii,
1723 656 1762 685 ut
1779 652 1962 685 cardinali

202 702 458 737 Commendono
492 705 603 746 leyato
633 705 819 747 pontificio
855 706 1103 749 obsequantur,
1136 706 1280 745 instant,
1319 716 1360 738 ne
1394 705 1504 738 libelli
1526 706 1684 747 palatini
1709 705 1879 747 refutatio
1904 716 1962 738 ex-

198 757 375 799 oculatum
410 758 503 800 quod
539 759 724 791 consilium
752 759 906 800 Boryiae
941 770 982 791 ac
1007 759 1149 791 tmzdcm
1175 759 1278 791 etiam
1311 758 1535 791 Truchsessio
1556 758 1747 801 probatur.
1798 760 1963 791 Attamen

198 810 390 843 catholicus
416 810 555 843 libellus
580 822 617 844 eo
643 812 684 844 cle
710 816 918 854 aryumento
943 814 1019 844 sine
1037 812 1194 844 auctoris
1213 812 1378 852 (Canisii
1390 812 1424 853 ?)
1446 812 1586 844 nomine
1604 812 1731 855 eodem,
1761 815 1795 844 ut
1815 812 1962 854 videtur,

200 874 296 896 anno
321 864 414 906 typis
440 864 614 907 vulyatur.

317 933 364 976 P.
397 935 686 989 Hieronymus
725 935 894 976 Natalis
937 935 977 978 S.
1010 935 1050 977 J.
1084 935 1286 988 Augusta
1318 935 1639 977 Vindelicorum
1682 949 1737 977 ex
1778 934 1963 977 comit-iis

200 998 384 1052 imperii,
426 998 470 1040 in
503 999 656 1052 quibus
696 999 789 1054 ipse
822 1001 866 1041 et
898 999 981 1043 ΡΡ.
1014 999 1210 1042 Canisius
1243 1003 1287 1043 et
1318 1000 1530 1042 Ledesma
1563 1000 1676 1053 (cum
1710 1000 1962 1042 Lancelloto

199 1066 244 1105 et
266 1063 458 1105 Sandero
491 1063 658 1106 clericis
691 1064 1004 1118 saecularibus)
1038 1064 1270 1107 cardinalis
1302 1064 1476 1106 Ioannis
1498 1064 1717 1107 Francisci
1741 1065 1964 1106 Commen-

201 1128 300 1169 doni
336 1128 472 1181 legati
503 1128 711 1183 pontificii
752 1129 980 1182 theologos
1021 1130 1212 1182 agebant
1253 1129 1312 1181 (V.
1351 1144 1483 1183 supra
1524 1144 1564 1183 p.
1600 1130 1866 1183 577—594),
1908 1129 1964 1172 ad

201 1192 534 1235 &Franciscum
549 1193 753 1247 Borgiam
777 1194 1073 1248 praepositum
1096 1194 1342 1248 generalem
1367 1195 1419 1236 de
1436 1194 1654 1236 Friderico
1673 1195 1747 1236 ΙΙΙ.
1764 1193 1964 1236 Palatino

203 1257 372 1312 imperii
405 1257 598 1312 principe
631 1258 819 1300 electore
858 1261 902 1300 et
934 1258 1284 1301 Calvinianorum
1326 1262 1509 1313 patrono
1552 1259 1758 1312 singulari
1792 1258 1966 1312 scripsit

205 1323 273 1365 27.
298 1322 461 1376 Aprilis
488 1324 620 1364 1566:
655 1323 689 1364 Il
723 1323 768 1365 P.
794 1323 963 1365 Canisio
991 1326 1085 1374 „sta
1118 1327 1329 1378 occupato
1361 1323 1404 1365 in
1437 1323 1675 1377 risponder’
1710 1338 1735 1365 a
1767 1338 1823 1365 un
1855 1323 1963 1365 libro

203 1387 422 1428 Theclesco
457 1386 521 1428 ch'
545 1387 573 1428 il
608 1389 735 1429 conte
758 1388 957 1430 Palatino
991 1388 1174 1431 elettore
1207 1388 1250 1429 in
1283 1402 1339 1429 un
1371 1388 1584 1430 banchete
1608 1388 1686 1430 che
1707 1388 1801 1430 fece
1824 1387 1965 1441 questi

202 1451 343 1504 giorni
375 1450 484 1505 dopo
518 1452 681 1506 pascha
714 1454 739 1493 a
770 1452 875 1494 tutti
907 1452 938 1494 li
961 1453 1148 1507 Principi
1171 1455 1215 1495 et
1238 1452 1439 1495 catholici
1463 1454 1507 1495 et
1534 1453 1812 1507 protestanti,
1844 1452 1963 1495 offeri

203 1518 228 1557 a
260 1515 365 1558 tutti
396 1517 502 1567 loro,
536 1516 579 1558 Jl
602 1516 978 1558 Reuerendissimo
1002 1517 1277 1570 d’Augusta1
1309 1532 1393 1559 non
1420 1518 1461 1559 lo
1484 1518 1640 1559 uoleua
1671 1517 1868 1571 pigliare‚
1902 1517 1966 1558 di-

202 1581 336 1622 cendo
370 1581 447 1622 che
479 1595 563 1622 non
595 1581 750 1634 legeua
783 1582 925 1634 questi
958 1581 1069 1633 libri,
1113 1585 1183 1624 ma
1216 1582 1397 1624 facendo
1429 1582 1641 1624 instantia
1672 1582 1716 1625 Jl
1748 1582 1882 1624 Conte
1923 1582 1964 1624 lo

201 1645 333 1700 piglio
366 1646 647 1700 prometendo
681 1647 757 1688 che
790 1647 959 1689 haueua
991 1647 1033 1688 di
1066 1647 1330 1701 rispondere,
1366 1649 1409 1689 et
1432 1647 1509 1689 che
1542 1647 1602 1689 lui
1633 1650 1897 1701 promettese
1924 1647 1966 1688 di

202 1711 379 1763 leggere
420 1710 464 1752 la
505 1711 706 1764 risposta,
749 1713 793 1753 et
834 1711 920 1753 cosi
955 1712 1000 1753 fii
1034 1714 1237 1754 contento
1270 1712 1299 1754 il
1335 1712 1482 1763 Conte,
1526 1716 1570 1755 et
1601 1712 1632 1753 il
1664 1712 1890 1754 Cardinale
1922 1712 1969 1754 fa

203 1775 355 1827 grand’
377 1774 589 1817 instantia
631 1775 707 1817 che
749 1776 784 1817 si
826 1777 1043 1830 risponda,
1087 1777 1131 1819 Jl
1173 1777 1250 1818 che
1290 1777 1360 1818 nel
1402 1790 1529 1818 nome
1563 1777 1629 1818 del
1667 1777 1842 1830 signore
1874 1777 1910 1819 si
1942 1779 1965 1818 e

203 1839 518 1882 Jncominciato
552 1842 577 1882 a
608 1840 715 1890 fare,
751 1855 829 1882 con
862 1841 906 1883 la
938 1841 1163 1894 diligentia
1195 1842 1424 1896 possibilea
1447 1876 1455 1885 .
1481 1844 1524 1884 et
1547 1845 1569 1884 e
1602 1856 1659 1883 un
1691 1842 1799 1884 libro
1831 1841 1861 1883 il
1894 1841 1965 1896 piu

203 1905 435 1959 pestilente
467 1908 511 1947 et
542 1905 755 1947 infernale
788 1906 865 1948 che
898 1907 931 1947 s’
952 1908 974 1948 e
1007 1906 1120 1948 fatto
1153 1906 1292 1948 insino
1325 1907 1552 1949 adesso.“2

322 1970 380 2012 Et
411 1969 454 2010 in
487 1970 636 2011 alteris
667 1970 828 2012 litteris
861 1971 1010 2012 eodem
1035 1971 1102 2013 die
1136 1971 1274 2013 datis:
1314 1971 1492 2022 „padre
1525 1974 1722 2014 tenemos
1746 1985 1830 2013 una
1853 1970 1965 2012 diffi-

205 2035 351 2076 cultad
394 2048 447 2076 en
487 2035 724 2088 responder
756 2036 797 2077 al
838 2035 946 2077 libro
981 2036 1046 2078 del
1083 2036 1282 2078 Palatino
1325 2050 1406 2089 que
1446 2037 1485 2077 el
1526 2036 1681 2089 legado
1721 2050 1777 2077 no
1819 2035 1965 2089 quiere

205 2113 286 2151 que
327 2113 373 2140 se
415 2099 641 2153 responda‚
683 2115 712 2154 y
754 2101 794 2141 el
826 2100 1038 2142 Cardenal
1080 2101 1132 2142 de
1164 2100 1364 2153 Augusta
1405 2100 1522 2142 insta
1555 2101 1879 2154 grandemente‚
1921 2101 1964 2142 al

203 2164 303 2216 qual
336 2163 523 2206 dezimos
556 2178 638 2217 que
660 2178 836 2206 auemos
859 2166 1132 2220 comenoado,
1167 2180 1192 2207 a
1215 2165 1418 2207 attender
1440 2180 1466 2207 a
1488 2166 1541 2215 el,
1575 2179 1695 2207 como
1719 2179 1765 2208 es
1787 2165 1963 2215 uerdad,

203 2242 231 2281 y
265 2229 305 2270 al
338 2228 492 2282 legado
526 2229 713 2271 dezimos
746 2244 828 2283 que
861 2230 988 2272 hable
1023 2244 1102 2272 con
1133 2229 1348 2283 Augusta,
1391 2244 1499 2284 para
1538 2230 1710 2272 hazerle
1751 2230 1886 2272 dexar
1922 2230 1965 2272 la

202 2294 424 2347 impressa,
458 2308 621 2348 perque
652 2298 853 2337 nosotros
886 2309 939 2336 no
973 2295 1177 2348 podemos
1210 2295 1348 2336 dexar
1380 2295 1432 2336 de
1455 2295 1687 2337 obedescer
1709 2295 1749 2337 al
1773 2294 1928 2348 legado
1952 2328 1961 2337 .

206 2372 303 2399 creo
336 2372 418 2411 que
451 2372 497 2400 se
530 2359 825 2401 concordaran
858 2373 911 2401 en
934 2362 1040 2410 esto,
1076 2373 1158 2412 que
1190 2373 1244 2400 110
1274 2373 1321 2401 se
1354 2359 1468 2413 haga
1501 2373 1601 2401 cosa
1633 2373 1715 2412 que
1746 2373 1793 2401 se
1824 2359 1964 2413 pueda

207 2422 284 2463 dar
316 2422 439 2464 fuera
472 2437 524 2465 en
556 2423 718 2477 tiempo
752 2424 804 2466 de
836 2424 878 2466 la
910 2424 1108 2477 legacion
1141 2438 1262 2477 suya,
1305 2438 1334 2477 y
1367 2437 1449 2476 que
1482 2427 1652 2466 restara
1682 2424 1791 2465 libre
1824 2438 1850 2466 a
1882 2437 1963 2476 que

204 2486 385 2540 despues
417 2501 463 2529 se
495 2487 636 2541 pueda
668 2489 915 2542 responder‚
949 2503 1086 2542 segun
1117 2488 1173 2530 ha
1205 2488 1445 2542 prometido
1479 2488 1518 2530 el
1542 2488 1752 2530 Cardenal
1776 2523 1783 2530 .
1809 2503 1837 2542 y
1869 2487 1963 2530 ansi

320 2578 347 2603 a)
371 2573 447 2603 Quae
467 2576 638 2604 sequuntur,
658 2582 675 2598 α
696 2574 827 2598 ,Ῑίηιεηεε
842 2577 946 2605 postea
965 2574 1097 2605 ascripta
1116 2576 1192 2598 sunt.

326 2668 334 2687 ¹
362 2667 562 2701 Car-(linalis
589 2668 674 2702 Otto
701 2668 900 2702 Truchsess
927 2668 1117 2713 episcopus
1143 2670 1379 2711 augustanus.

323 2720 335 2739 ²
362 2721 529 2753 Andreas
546 2721 799 2765 Erstenberyer
825 2721 965 2766 imperii
992 2721 1210 2755 secretarius
1237 2721 1376 2755 aulicus
1402 2724 1527 2765 postea
1552 2723 1710 2755 testatus
1736 2723 1800 2762 est,
1827 2732 1858 2755 a.
1873 2721 1963 2756 1566

205 2782 282 2805 esse
318 2784 509 2813 excusum,
548 2774 736 2817 Augustae
780 2777 937 2819 tempore
973 2774 1197 2808 comitiorum
1233 2774 1416 2808 ordinibus
1457 2774 1596 2818 imperii
1632 2774 1852 2814 dedicatum,
1900 2785 1963 2818 per

205 2824 408 2858 deversoria
443 2825 683 2866 distributum,
718 2826 882 2860 venalem
917 2827 1151 2871 propositum,
1189 2827 1225 2860 in
1260 2826 1330 2860 alia
1366 2826 1444 2860 loca
1478 2827 1627 2861 missum
1654 2827 1748 2860 hunc
1782 2826 1961 2860 libellum:

208 2876 421 2917 „Christlioh
446 2877 664 2919 bedencken,
692 2879 758 2912 wie
784 2880 832 2913 im
858 2879 1075 2913 Romischen
1101 2879 1224 2920 Reich,
1261 2879 1332 2913 vnd
1359 2880 1421 2913 inn
1447 2879 1509 2913 der
1534 2882 1687 2923 gantzen
1714 2879 1871 2913 Kirchen
1896 2879 1962 2913 mit

206 2928 331 2962 Gottes
356 2929 449 2963 hulff
472 2931 659 2965 Jrrthumb
685 2931 744 2964 inn
772 2932 834 2965 der
851 2932 1019 2974 Religion
1046 2932 1279 2975 abgeschafft,
1307 2932 1404 2966 vnnd
1431 2932 1607 2976 ainigkeit
1632 2932 1794 2966 erhalten
1819 2932 1962 2965 werden

206 2980 376 3016 m'oclJte.⁴⁴
416 2983 456 3015 In
474 2983 541 3017 hoc
558 2983 689 3024 libello,
716 2985 834 3028 inquit
851 2986 1114 3028 Erstenberyer,
1145 2985 1252 3027 „wird
1278 2985 1314 3018 in
1333 2984 1478 3019 Summa
1497 2985 1604 3019 dahin
1622 2985 1864 3028 geschlossen,
1891 2983 1962 3018 dal}

206 3033 289 3066 kein
314 3034 402 3067 ruhe
428 3035 518 3068 noch
544 3035 720 3078 ainigkeit
754 3036 801 3070 im
828 3037 939 3071 Reich
965 3037 1141 3079 zuhoffen‚
1178 3049 1216 3071 es
1242 3038 1360 3071 werde
1387 3038 1479 3072 dann
1506 3049 1615 3072 zuuor
1641 3037 1711 3071 dafa
1738 3037 1961 3082 Bapsthumb

207 3084 466 3128 aufsgerottet.“
506 3088 562 3121 Ita
588 3088 649 3121 ille
674 3088 708 3121 111
735 3089 826 3122 libro
856 3089 1024 3133 (primum
1042 3090 1222 3124 Monachii
1243 3090 1333 3124 1586
1354 3090 1494 3137 'edito):
1526 3091 1598 3132 „De
1624 3091 1849 3124 Autonomia.
1887 3089 1961 3123 Das

206 3138 254 3170 ist
279 3149 348 3171 von
375 3138 626 3183 Freystellung
652 3141 855 3185 mehrerley
874 3142 1095 3184 Religionen.
1113 3169 1120 3177 .
1137 3170 1143 3177 .
1160 3169 1167 3177 .
1201 3143 1323 3177 Durch
1342 3143 1492 3177 weiland
1509 3170 1516 3177 .
1533 3171 1538 3177 .
1557 3171 1563 3177 .
1593 3144 1708 3177 Herrn
1731 3143 1961 3177 Franciscum

209 3189 492 3232 Burgkardmn“,
519 3192 571 3225 ed.
599 3193 630 3233 2,
656 3192 834 3227 Munehen
864 3195 964 3235 1593,
991 3195 1114 3229 f.118.
