2077 3461
709 203 855 246 Dilinga
884 202 937 236 10.
956 201 1057 235 Febr.
1079 200 1180 235 1565.
1780 200 1831 241 15

75 328 249 368 natores
281 323 399 366 abire
429 323 622 377 cupimus
655 325 699 365 et
721 335 969 377 speramus:
1004 320 1155 362 deinde
1186 319 1310 361 nouis
1342 318 1548 372 aedificijs
1581 317 1834 359 maioribus-

76 404 156 444 que
208 388 450 442 sumptibus
493 389 544 431 D.
586 387 833 430 fundatoris
890 400 996 440 opus
1049 385 1270 427 habemus.
1342 384 1406 426 Ac
1453 383 1685 437 plurimum
1729 395 1835 424 sane

74 455 210 498 refert
240 454 320 496 hoc
353 452 578 506 collegium
611 452 695 495 rite
728 451 945 502 constitui,
980 464 1074 492 cum
1108 463 1162 492 ex
1195 464 1245 491 eo
1277 449 1541 502 singularem
1570 448 1760 489 fructum
1791 446 1835 488 in

75 519 278 563 studiosis
320 517 545 560 Germanis
587 531 764 571 sperare
804 516 947 566 liceat,
991 515 1062 568 qui
1103 528 1315 567 nusquam
1358 513 1459 555 alibi
1500 513 1555 554 ad
1596 511 1836 554 catholicae

76 583 313 636 Religionis
354 597 546 625 normam
590 581 798 624 sincerius
839 584 883 624 et
920 581 1069 635 purius
1100 579 1270 621 institui
1302 578 1516 622 uidentur.
1580 577 1706 620 Unde
1738 590 1836 630 per-

75 649 199 692 multi
230 651 322 691 tum
355 647 523 698 diuites,
558 650 650 690 tum
682 647 860 695 nobiles,
894 660 994 688 suos
1025 645 1112 687 illic
1144 645 1302 687 liberos
1325 643 1383 686 ali
1405 643 1583 697 cupiunt
1615 644 1659 684 et
1679 644 1839 695 rogant

76 727 399 768 saepenumero.

192 778 331 820 Mittit
370 777 577 819 fundator
615 776 741 818 huius
775 776 997 830 Gijmnasij
1038 775 1178 817 ideam
1218 773 1434 828 quandam
1467 773 1641 815 futurae
1673 772 1837 822 domus,

76 844 118 885 in
160 857 245 896 qua
285 842 522 885 sustentari
566 843 746 896 possent
790 855 813 882 e
858 841 1018 883 nostris
1061 842 1115 883 80
1156 840 1357 882 fratresa.
1430 839 1478 880 In
1522 837 1631 879 libro
1676 836 1839 890 scripto

77 909 130 952 U.
164 907 455 949 Reuerentiae
486 906 629 948 ideam
662 905 780 948 illam
814 906 1078 948 inclusimus.
1144 905 1372 947 Structura
1412 902 1598 946 triennio
1640 902 1838 944 absolue-

77 975 210 1015 retur.
282 972 488 1014 Fortasse
531 972 577 1014 P.
622 971 813 1012 Aloisius
858 971 996 1012 simile
1041 970 1245 1023 quiddam
1290 969 1453 1012 attulit.
1526 967 1644 1009 Nihil
1689 967 1841 1008 deesse

77 1037 224 1088 video,
277 1040 582 1091 praeterquam
634 1038 683 1078 ut
730 1035 970 1078 Cardinalis
1021 1036 1098 1077 fiat
1150 1035 1363 1088 frugalior
1414 1039 1458 1076 et
1510 1047 1556 1074 se
1609 1035 1841 1086 componat

78 1103 238 1145 rectius
271 1102 324 1143 ad
352 1105 549 1155 sumptus
580 1101 764 1155 primum
789 1100 1065 1154 colligendos,
1101 1100 1253 1153 quibus
1276 1099 1456 1141 exoluat
1479 1098 1658 1151 antiqua
1681 1097 1840 1147 debita,

78 1167 230 1221 quibus
269 1166 514 1209 fundationi
556 1180 748 1208 annexos
788 1167 1026 1220 proventus
1058 1165 1181 1207 nobis
1223 1164 1424 1219 pendatb,
1471 1163 1623 1216 quibus
1669 1162 1840 1204 demum

78 1233 250 1285 utrique
284 1231 466 1286 collegio
499 1231 742 1282 subveniat,
776 1233 825 1274 ut
856 1231 1047 1272 habeant
1078 1231 1190 1272 unde
1222 1230 1375 1272 uiuant
1407 1228 1570 1271 alumni
1591 1228 1682 1269 siue
1714 1241 1841 1282 prae-

80 1300 277 1352 ceptores
321 1297 412 1339 siue
457 1296 666 1351 discipuli.
730 1296 893 1338 Verum
935 1310 958 1337 e
1000 1295 1147 1337 divina
1179 1294 1322 1349 potius
1356 1308 1483 1347 quam
1528 1293 1717 1335 humana
1761 1306 1842 1346 ope

80 1362 350 1417 pendendum
392 1361 515 1404 nobis
555 1365 674 1416 puto,
746 1361 854 1410 Quid
895 1360 952 1403 sit
992 1360 1189 1403 facturus
1231 1359 1470 1401 Cardinalis
1511 1358 1638 1400 ualde
1679 1357 1841 1401 dubito,

80 1428 209 1470 Redit
249 1427 321 1469 ille
363 1427 418 1469 ad
458 1427 678 1480 ingenium
719 1440 912 1479 semper:
955 1426 1139 1467 multum
1180 1425 1273 1479 spei
1313 1438 1431 1466 more
1473 1437 1550 1465 suo
1591 1423 1843 1477 pollicetur:

81 1493 181 1547 quid
213 1494 440 1547 praestare
472 1492 610 1546 possit
640 1506 726 1534 non
759 1491 897 1534 uideo.
962 1491 1085 1533 Dixit
1116 1490 1220 1532 mihi
1253 1494 1532 1532 oeconomus⁰
1563 1488 1690 1538 illius,
1730 1488 1843 1541 quod

80 1572 134 1600 ne
166 1558 308 1600 aulam
352 1557 522 1610 quidem
564 1571 686 1599 suam
728 1557 799 1598 diu
833 1570 1091 1598 conseruare
1128 1555 1279 1609 possit,
1323 1554 1405 1596 nisi
1438 1553 1624 1595 dimissis
1657 1567 1712 1595 ex
1745 1553 1845 1595 aula

82 1623 385 1677 compluribus.
440 1622 488 1664 Id
511 1622 565 1664 ab
593 1622 667 1664 illo
698 1621 924 1676 impetrari
956 1635 1082 1675 posse
1105 1620 1266 1663 diffido.
1320 1619 1528 1661 Dominus
1560 1617 1622 1660 illi
1655 1617 1842 1671 gratiam

82 1702 203 1730 suam
237 1690 410 1741 augeat.

199 1753 494 1807 Expectamus
526 1752 783 1806 promissum
806 1765 1073 1805 responsum,
1107 1750 1208 1803 quid
1230 1750 1375 1792 facere
1396 1763 1475 1790 nos
1499 1750 1698 1802 oporteat
1730 1747 1846 1790 circa

82 1820 278 1872 sumptus
302 1831 462 1868 eorum,
487 1818 558 1870 qui
580 1818 661 1859 hoc
683 1817 776 1859 loco
799 1817 961 1869 gradus
983 1815 1275 1863 assumuntd1‚
1308 1817 1352 1856 et
1374 1814 1488 1856 circa
1511 1813 1845 1868 depositioneme

83 1882 150 1936 (ut
181 1882 357 1936 vocant)
385 1883 688 1932 studiosorum,
723 1882 794 1935 qui
818 1882 952 1923 Beani
985 1884 1028 1923 et
1060 1881 1156 1935 plus
1179 1894 1307 1933 quam
1331 1879 1480 1922 rustici
1503 1879 1729 1929 habentur,
1764 1878 1844 1920 nisi

84 1962 244 1990 cornua
285 1948 467 2002 primum
509 1948 594 1989 illis
636 1948 702 1999 (ut
733 1947 816 2001 ipsi
847 1946 1059 1999 sentiunt)
1101 1946 1373 1999 deponantur
1409 1958 1486 1998 pro
1519 1947 1694 1997 recepto
1726 1957 1845 1985 more

82 2013 407 2066 gijmnasiorum
430 2012 784 2054 Germanicorum
798 2013 826 2054 2.
872 2012 936 2053 De
969 2011 1036 2052 his
1068 2010 1251 2064 alijsque
1282 2009 1476 2064 pluribus
1500 2008 1660 2062 aliquid
1684 2008 1845 2051 certius

82 2078 241 2120 habere
274 2078 580 2128 desideramus,
614 2080 662 2119 ut
694 2077 791 2118 huic
824 2077 996 2118 scholae
1028 2075 1188 2118 rectius
1221 2075 1484 2117 consulatur.

202 2175 229 2206 a)
253 2176 317 2200 Octo
338 2183 379 2199 vv.
399 2183 457 2206 sqq.
478 2176 525 2201 ml»
547 2176 608 2206 ipso
629 2175 668 2205 C.7
684 2176 767 2206 puto)
790 2175 819 2198 in
840 2174 973 2205 margine
994 2174 1098 2198 addita
1118 2176 1194 2197 sunt.
1261 2171 1291 2203 b)
1313 2174 1337 2196 A
1360 2173 1387 2197 G.
1409 2172 1474 2203 ipso
1494 2174 1652 2196 coi-rectum
1673 2179 1708 2196 ex
1728 2169 1846 2196 reddat.

84 2217 109 2245 c)
130 2217 176 2241 Ita
203 2217 233 2241 in
259 2220 318 2241 ant.
337 2225 412 2241 corr.
433 2219 473 2240 est
500 2225 534 2241 eir
560 2222 777 2241 acononomus.
851 2214 881 2243 d)
910 2216 945 2239 In
971 2223 1073 2246 mat-gs„
1099 2218 1128 2238 ιιι
1154 2222 1264 2245 supra:
1291 2213 1344 2238 che
1371 2220 1469 2244 uenga
1496 2212 1671 2238 informato.
1745 2213 1772 2240 e)
1799 2213 1844 2236 Ita

85 2260 113 2282 Γ.
134 2259 176 2282 vel
196 2258 347 2289 scripsisse
368 2259 411 2282 vel
429 2259 531 2282 saltem
551 2258 677 2282 scribere
698 2257 822 2281 voluisse
849 2257 964 2281 omnino
989 2264 1105 2285 censeo;
1132 2256 1168 2286 cf.
1188 2263 1281 2286 supra
1307 2263 1338 2286 p.
1359 2256 1402 2285 14,
1429 2255 1498 2279 adn.
1519 2256 1545 2284 2,
1571 2258 1596 2279 et
1623 2254 1706 2285 *infe-a
1732 2254 1799 2277 adn.
1820 2254 1845 2277 2.

85 2299 192 2330 Apoyr.
212 2299 312 2323 habet:
332 2297 574 2331 dispositionem.

208 2394 215 2413 ¹
253 2394 288 2427 S.
323 2394 487 2436 Iynatius
520 2393 775 2427 constituerat:
815 2392 890 2434 „Ad
926 2392 1060 2435 gradus
1095 2391 1255 2425 Societas
1290 2391 1404 2435 gratis
1439 2392 1658 2435 promoveat.
1680 2417 1685 2422 .
1706 2417 1740 2423 ..
1802 2389 1848 2422 Et

85 2446 137 2480 sic
172 2458 241 2480 non
275 2446 528 2491 permittentur
554 2446 737 2487 convivia,
773 2457 838 2479 nec
873 2445 933 2479 alii
960 2445 1053 2485 ludi,
1090 2445 1150 2488 qui
1177 2456 1257 2479 cum
1284 2444 1488 2488 sumptibus
1514 2455 1583 2477 non
1609 2441 1847 2476 mediocribus

85 2499 192 2540 fiunt,
229 2501 264 2533 et
298 2499 341 2533 ad
368 2500 475 2533 finem
501 2500 601 2533 nobis
628 2499 846 2543 propositum
874 2498 1020 2532 inutiles
1046 2500 1151 2532 sunt:
1186 2510 1251 2532 nec
1277 2497 1381 2542 pilei,
1417 2499 1480 2531 aut
1506 2495 1752 2535 chirothecae,
1788 2494 1846 2528 vel

85 2552 170 2596 quid
196 2552 292 2586 aliud
319 2552 464 2587 detur“:
493 2551 774 2586 Constitutiones
802 2552 839 2585 P.
867 2553 898 2592 4,
926 2564 956 2585 c.
985 2552 1038 2592 15,
1065 2563 1098 2585 n.
1125 2552 1147 2585 4
1174 2554 1209 2584 et
1234 2551 1272 2584 F.

205 2606 218 2626 ‘-'
253 2606 326 2639 Iam
362 2605 442 2639 inde
477 2617 498 2639 a
532 2605 647 2639 medio
683 2617 772 2639 aevo
807 2605 1023 2648 quicumque
1058 2605 1102 2638 ad
1138 2603 1412 2637 universitatem
1439 2603 1591 2646 primum
1619 2601 1848 2642 accedebant,

86 2670 150 2703 pro
190 2659 358 2699 ⁷,Beanis“
402 2657 1197 2703 (bejaunezbec-jaune:Gelbschnaben
1237 2657 1315 2690 sive
1354 2655 1640 2697 „Bachantibus“
1679 2654 1737 2688 vel
1775 2654 1846 2688 ani-

89 2711 240 2746 malibus
275 2712 478 2755 agrestibus
514 2712 737 2745 habebantur
763 2715 816 2752 et,
852 2714 1043 2754 antequam
1072 2711 1106 2744 in
1133 2711 1253 2744 album
1281 2708 1523 2743 academicum
1558 2707 1849 2749 inscriberentur,

92 2765 352 2807 „beanismum“
394 2765 472 2799 sive
515 2765 793 2809 „depositionem
836 2765 1027 2798 cornuum“
1070 2764 1189 2797 subire
1229 2763 1424 2796 debebant:
1464 2761 1676 2795 Astantibus
1715 2761 1849 2796 decano

89 2818 273 2852 facultatis
308 2818 593 2863 philosophicae,
632 2818 836 2861 magistris,
874 2817 1029 2851 testibus
1064 2817 1145 2850 aliis
1181 2816 1276 2850 coria
1315 2826 1518 2858 cornuaque
1552 2815 1693 2848 taurina
1727 2826 1848 2848 eorum

90 2871 266 2916 capitibus
298 2872 588 2916 imponebantur;
625 2882 756 2904 cornua
782 2882 882 2904 serra
908 2869 1223 2914 praecidebantur;
1259 2868 1378 2902 mallei
1407 2879 1566 2911 quoque,
1601 2867 1755 2912 forcipes
1782 2871 1848 2902 etc.

90 2924 133 2958 iis
167 2924 438 2958 adhibebantur.
490 2923 639 2958 Saeculo
666 2923 760 2957 XVI.
796 2923 854 2957 hic
891 2923 982 2957 ritus
1017 2922 1140 2956 multis
1175 2922 1262 2955 locis
1296 2922 1331 2954 in
1366 2921 1564 2955 barbariem
1601 2921 1778 2965 quandam
1815 2924 1851 2955 et

90 2977 268 3011 luxuriam
307 2977 429 3011 abibat
469 2977 529 3020 (G.
557 2978 792 3019 Kaufmann,
828 2975 893 3009 Die
930 2974 1146 3009 Geschichte
1181 2975 1243 3008 der
1278 2973 1474 3008 deutschen
1507 2973 1778 3008 Universitaten
1805 2974 1849 3014 11,

91 3030 272 3074 Stuttgart
308 3030 421 3071 1896,
456 3030 654 3064 232—233.
707 3030 788 3063 Joh.
822 3030 996 3071 ,lanes-en,
1032 3027 1248 3062 Gcschichte
1284 3027 1346 3061 des
1380 3027 1576 3061 deutschen
1612 3026 1747 3061 Volkes
1782 3027 1849 3061 VII

93 3082 268 3126 [13.-14.
297 3083 401 3125 Aust„
436 3084 509 3117 bes.
545 3095 615 3117 von
650 3082 772 3115 Ludw.
802 3082 938 3122 Pastor,
975 3081 1148 3124 Freiburg
1185 3081 1206 3114 i.
1234 3081 1293 3115 ΒΥ.
1331 3080 1434 3123 1904]
1471 3080 1687 3123 219—220).
1745 3080 1850 3113 Ritus

93 3135 303 3179 singillatim
339 3136 553 3170 describitur
587 3136 631 3169 ab
659 3137 729 3169 lac.
759 3135 918 3168 fontano
949 3133 982 3168 S.
1010 3134 1054 3175 J.,
1090 3134 1415 3178 Progymnasmata
1442 3133 1650 3167 Latinitatis
1677 3133 1707 3166 1τ
1733 3145 1766 3166 n.
1794 3134 1849 3173 84,

94 3189 304 3232 ingolstadii
334 3190 434 3230 1597,
461 3189 658 3224 340—347.
