2077 3461
248 207 330 248 136
479 204 579 239 1264.
608 203 772 238 Canisius
799 203 833 238 S.
852 203 1042 237 Francisco
1069 203 1111 237 de
1137 202 1280 245 Borgia.
1319 201 1465 236 Colonia
1491 201 1546 236 22.
1564 200 1655 236 Nov.
1678 201 1777 236 1565.

245 322 477 366 neglexisset,
503 322 573 355 iam
601 320 803 355 consecrari
828 332 942 365 neque
968 320 1004 354 in
1032 320 1093 354 illa
1119 319 1283 359 dioecesi,
1310 330 1425 363 neque
1452 318 1536 353 alibi
1562 321 1685 363 posset
1713 318 1758 361 (c.
1781 318 1810 358 1,
1838 317 1930 352 Dist.
1957 317 2004 358 C;

247 388 275 410 c.
303 376 344 417 2,
380 374 470 408 Dist.
498 373 648 415 LXXV;
687 374 735 408 cf.
770 374 875 408 Cone.
903 373 1069 408 Chalced.
1107 383 1183 406 can.
1211 371 1274 413 25,
1313 372 1407 416 apud
1447 372 1482 406 C.
1510 373 1546 405 J.
1576 383 1602 406 v.
1629 372 1770 414 Hefele,
1810 369 2005 405 Concilien·

248 428 457 472 geschichte
483 427 534 468 1²,
570 427 744 470 Freiburg
770 426 791 461 i.
821 427 878 461 ΒΓ.
909 427 1008 466 1872,
1037 426 1134 469 526).
1186 424 1383 460 Concilium
1410 436 1514 469 porro
1539 424 1772 458 tridentinum
1799 423 2004 458 constituit:

252 480 443 524 ,Ecclesiis
470 479 737 514 cathedralibus
763 491 827 514 seu
854 479 1107 524 superioribus,
1135 489 1346 522 quocunque
1372 477 1513 511 nomine
1540 488 1581 511 ac
1606 477 1711 511 titulo
1738 476 1922 521 praefecti,
1943 503 1949 510 .
1970 503 1977 510 .
1997 503 2005 510 .

247 536 277 569 si
304 545 434 568 munus
460 534 738 567 consecrationis
764 533 858 566 intra
884 534 958 566 tres
985 543 1127 566 menses
1144 543 1214 565 non
1231 531 1466 575 susceperint,
1493 530 1537 564 ad
1556 531 1739 564 fructuum
1758 531 2007 574 perceptorum

248 587 512 622 restitutionem
537 588 747 626 teneantur3
775 585 806 619 si
832 585 926 619 intra
951 585 1103 619 totidem
1128 595 1270 618 menses
1296 585 1422 628 postea
1440 583 1474 617 id
1494 583 1614 617 facere
1631 581 1870 626 neglexerint,
1897 581 2007 616 eccle-

249 640 313 675 siis
339 640 415 685 ipso
442 640 518 673 iure
550 640 623 674 sint
658 638 810 683 privati“
843 637 956 681 (Sess.
984 637 1113 679 XXIII,
1145 649 1173 671 c.
1199 637 1219 670 2
1256 637 1299 670 de
1330 636 1425 679 ref.).
1477 637 1597 680 Atque
1632 634 1890 679 archiepiscopi
1925 633 2007 668 olim

250 694 293 728 ab
313 693 477 728 omnibus
495 692 701 737 provinciae
719 703 806 725 suae
825 691 1092 725 ecclesiasticae
1111 690 1288 735 episcopis
1307 689 1507 723 consecrari
1526 688 1703 723 debebant
1727 687 1772 729 (c.
1788 689 1819 727 5,
1838 688 1928 721 Dist.
1944 687 2007 727 LI;

250 759 279 782 c.
307 747 338 788 1,
364 746 456 781 Dist.
483 745 615 785 LXIV3
653 757 683 779 c.
713 745 742 785 1,
769 744 859 778 Dist.
888 743 1021 784 LXV13
1058 755 1086 778 c.
1116 745 1147 784 6,
1179 743 1211 777 X
1241 744 1270 783 1,
1299 743 1372 786 11).
1424 742 1555 776 Postea
1588 744 1710 775 tamen
1746 741 1781 775 in
1817 740 2010 775 Germania

250 801 306 835 ius
333 798 622 839 consecrationis,
649 799 867 842 potestatem
894 796 1174 831 confirmationis
1200 795 1303 840 quasi
1321 795 1514 840 sequendo,
1541 795 1584 829 ad
1602 805 1786 828 romanum
1805 793 2010 838 pontificem

251 853 460 887 devolutum
488 853 553 892 est,
589 851 640 885 ita
665 853 705 884 ut
731 849 991 894 archiepiscopi
1017 861 1080 894 per
1106 849 1195 883 alios
1222 849 1424 882 consecrari
1449 860 1519 882 non
1554 849 1710 892 possent,
1745 846 1815 880 nisi
1848 846 2011 891 pontifex

251 905 356 940 aliter
390 905 616 944 mandasset,
650 903 710 937 vel
746 902 1003 937 consuetudine
1038 902 1200 945 legitima
1235 901 1332 935 aliud
1367 902 1551 945 receptum
1586 902 1683 934 esset
1718 901 1799 942 (Fr.
1832 900 2011 933 Sclmmlc'-

249 960 398 1003 yrueber
424 958 457 991 S.
476 958 519 998 J.,
547 957 613 991 Jus
640 955 926 990 ecclesiasticum
952 955 1160 989 universum
1179 955 1205 996 Ι,
1233 954 1255 988 l.
1278 955 1307 995 1,
1335 953 1390 988 tit.
1409 954 1441 995 6,
1468 954 1489 996 ξ
1508 954 1539 992 S,
1566 965 1599 987 n.
1620 953 1663 987 78
1691 952 1768 996 [Ed.
1789 952 1819 993 2,
1846 951 2011 995 Dilingae

254 1012 355 1050 1527,
382 1011 414 1044 II
443 1009 553 1054 184]).
598 1010 715 1053 Atque
742 1021 786 1043 ex
813 1009 889 1042 iure
917 1008 1094 1042 communi
1122 1007 1165 1042 ad
1192 1007 1498 1041 consecrationem
1525 1005 1719 1040 necessarii
1745 1007 1830 1039 sunt
1856 1004 2013 1049 episcopi

253 1067 326 1099 tres
356 1064 399 1106 (c.
429 1064 460 1105 5,
487 1063 578 1097 Dist.
605 1061 668 1103 LI;
697 1073 726 1096 c.
754 1063 783 1099 1.
810 1061 901 1096 Dist.
928 1060 1060 1099 LX1V;
1089 1072 1117 1094 c.
1146 1061 1176 1101 7,
1202 1060 1235 1093 X
1265 1060 1294 1098 1.
1323 1060 1393 1102 11);
1422 1070 1640 1104 quamquam
1667 1070 1712 1092 ex
1738 1057 1917 1103 pontificis
1943 1057 2012 1091 dis-

254 1117 463 1162 pensatione
490 1116 535 1150 ad
562 1127 641 1150 eam
667 1115 803 1149 sufficit
828 1125 920 1148 unus
947 1125 1026 1148 cum
1054 1113 1190 1147 duobus
1217 1112 1406 1147 abbatibus
1432 1112 1491 1146 vel
1509 1112 1589 1146 aliis
1607 1111 1828 1156 presbyteris
1846 1111 1882 1145 in
1900 1110 2013 1153 digni-

253 1173 328 1204 tate
355 1169 572 1204 constitutis.
608 1168 660 1202 De
688 1168 765 1202 loco
784 1167 937 1211 denique
956 1166 1234 1201 consecrationis
1261 1166 1344 1200 olim
1371 1167 1547 1199 statutum
1575 1168 1663 1204 erat,
1689 1167 1729 1198 ut
1755 1163 2013 1209 archiepiscopi

253 1223 289 1257 in
315 1235 381 1258 sua
415 1221 602 1266 metropoli
629 1222 924 1255 consecrarentur
952 1219 996 1263 (c.
1024 1220 1055 1261 5,
1091 1219 1182 1254 Dist.
1211 1219 1273 1259 LI;
1311 1232 1338 1254 c.
1367 1219 1398 1258 6,
1433 1218 1464 1252 X
1493 1219 1522 1259 1,
1551 1217 1632 1261 11);
1669 1217 1859 1251 concilium
1894 1219 2013 1251 autem

253 1276 486 1310 tridentinum
505 1275 556 1309 ita
573 1274 775 1319 praecepit:
805 1273 1058 1316 „Consecratio
1078 1300 1084 1307 .
1105 1300 1112 1307 .
1134 1300 1152 1313 .,
1179 1272 1210 1306 si
1229 1274 1332 1306 extra
1351 1272 1487 1306 curiam
1504 1282 1687 1305 romanam
1706 1271 1780 1312 fiat,
1799 1271 1833 1304 in
1852 1270 2014 1311 ecclesia,

255 1330 299 1364 ad
326 1341 434 1373 quam
459 1327 613 1374 promoti
639 1327 783 1368 fuerint,
819 1330 881 1361 aut
917 1327 952 1361 in
987 1325 1182 1372 provincia,
1217 1325 1247 1359 si
1283 1324 1465 1359 commode
1501 1324 1578 1358 fieri
1613 1324 1755 1368 poterit,
1791 1323 2010 1358 celebretur“

258 1383 368 1427 (Sess.
396 1382 525 1423 XXIII,
552 1393 582 1416 c.
609 1381 630 1414 2
657 1381 700 1415 de
726 1380 821 1423 ref.).

375 1434 540 1469 Dubitari
575 1445 645 1467 non
678 1435 818 1478 potest,
853 1433 939 1477 quin
965 1432 1150 1472 Amulius,
1187 1443 1278 1475 quae
1312 1430 1476 1465 Canisius
1512 1431 1556 1464 ad
1590 1441 1671 1464 eum
1705 1429 1913 1471 rettulerat,
1952 1440 2016 1463 suo

256 1492 417 1533 tempore
444 1499 525 1522 cum
550 1498 689 1521 summo
726 1486 895 1531 pontifice
930 1485 1268 1525 communicaverit;
1303 1484 1365 1525 ita,
1400 1487 1497 1528 puto,
1533 1483 1697 1518 Canisius
1731 1494 1822 1517 novo
1857 1482 2015 1527 pontifici

257 1542 388 1577 Sancto
414 1541 477 1575 Pio
503 1540 547 1575 V.
575 1552 620 1574 ex
654 1542 756 1585 parte
792 1550 917 1574 ansam
948 1539 1045 1573 dedit
1080 1539 1123 1572 ad
1159 1537 1299 1572 litteras
1332 1537 1445 1571 Roma
1477 1537 1532 1571 25.
1560 1536 1715 1571 Ianuarii
1752 1536 1840 1570 1566
1876 1535 2017 1570 Danieli

259 1594 526 1640 archiepiscopo
552 1593 761 1636 moguntino
787 1595 896 1637 atque
922 1591 1031 1626 simili
1057 1603 1203 1636 prorsus
1229 1590 1393 1635 exemplo
1420 1590 1541 1624 Ioanni
1576 1601 1715 1634 quoque
1749 1588 2017 1634 archiepiscopo

258 1648 457 1683 treverensi
483 1647 700 1687 mittendas;
737 1648 929 1690 utrumque
955 1645 1042 1679 Pius
1078 1645 1267 1679 certiorem
1302 1644 1410 1684 facit,
1445 1654 1484 1677 se
1520 1643 1562 1677 de
1597 1643 1710 1688 ipsius
1748 1642 1946 1687 „probitate
1981 1644 2018 1676 et

260 1702 465 1736 Catholicae
500 1700 684 1743 religionis
720 1699 837 1734 studio
865 1727 872 1733 .
902 1726 909 1734 .
936 1725 943 1733 .
972 1698 1145 1733 eiusmodi
1180 1697 1387 1732 testimonia
1422 1696 1612 1737 habuisse,
1648 1707 1738 1740 quae
1774 1695 1926 1729 iucunda⁷
1951 1694 2019 1729 sibi

260 1755 450 1790 admodum
477 1756 512 1788 et
538 1755 661 1798 optata
686 1753 864 1793 fuerint“;
901 1763 981 1786 cum
1016 1754 1137 1786 autem
1172 1751 1208 1784 in
1235 1749 1428 1785 Germania
1461 1749 1673 1783 haeresibus
1699 1751 1883 1793 pastorum
1909 1747 2019 1791 negli-

261 1808 418 1852 gentiam
445 1809 480 1841 et
507 1807 592 1841 cleri
620 1807 836 1851 depravatos
862 1817 980 1839 mores
1006 1805 1235 1850 praecipuam
1268 1803 1477 1848 praebuisse
1513 1814 1677 1836 caussam
1712 1803 1862 1843 constet,
1896 1800 2021 1834 fideles

260 1861 369 1895 verbo
397 1862 431 1894 et
455 1859 618 1904 exemplo
638 1859 828 1902 diligenter
845 1858 1052 1903 pascendos,
1081 1857 1215 1892 clerum
1234 1857 1278 1891 ad
1296 1856 1409 1890 vitam
1429 1855 1686 1890 emendandam
1705 1854 2020 1893 exstimulandum,

261 1913 449 1949 concilium
484 1913 719 1947 tridentinum
755 1914 790 1946 et
824 1912 868 1946 ab
903 1911 1193 1956 archiepiscopis,
1231 1911 1266 1944 et
1303 1909 1346 1944 ab
1382 1910 1540 1954 ipsorum
1575 1908 1813 1952 suffraganeis
1845 1908 2021 1952 episcopis

261 1967 416 2002 fideliter
442 1966 705 2000 observandum
733 1976 829 2005 esse:
858 1965 902 1998 ad
929 1964 1075 1998 comitia
1100 1963 1241 2008 imperii
1267 1962 1428 2007 proxime
1446 1962 1634 2004 Augustae
1659 1961 1823 1995 habenda
1848 1972 1917 1994 non
1943 1972 2020 2004 pro-

263 2023 446 2056 curatores
480 2018 586 2060 mitti,
622 2019 685 2052 sed
712 2018 898 2063 episcopos
925 2018 1021 2062 ipsos
1048 2017 1146 2051 adire
1173 2016 1312 2057 debere,
1347 2018 1387 2049 ut
1414 2015 1614 2049 coniunctis
1639 2014 1786 2055 viribus,
1818 2026 1863 2048 ne
1894 2025 1951 2047 res
1977 2012 2021 2046 ad

263 2074 471 2118 religionem
498 2072 713 2107 catholicam
740 2071 961 2116 pertinentes
986 2072 1198 2111 tractentur,
1233 2081 1324 2103 neve
1351 2068 1410 2103 vel
1440 2067 1657 2113 apostolicae
1683 2067 1778 2102 sedis
1804 2066 1863 2100 vel
1889 2067 2022 2111 episco-

263 2139 388 2173 porum
414 2126 492 2160 iura
518 2125 707 2166 violentur,
732 2124 948 2169 impediant;
982 2123 1088 2158 simul
1115 2134 1175 2157 eos
1201 2125 1241 2156 ut
1266 2121 1429 2156 ecclesiis
1456 2121 1547 2155 bona
1573 2120 1749 2164 sacrilege
1775 2120 1896 2154 ablata
1921 2119 2022 2153 resti-

263 2182 422 2221 tuantur,
448 2179 584 2213 instare
609 2177 757 2218 debere;
794 2177 837 2211 de
873 2177 1002 2211 ceteris
1036 2176 1143 2210 rebus
1179 2175 1364 2220 episcopos
1391 2186 1453 2219 per
1479 2174 1695 2208 cardinalem
1722 2172 2023 2207 Commendonum

265 2233 487 2279 pontificium
522 2232 558 2265 in
594 2230 748 2266 comitiis
781 2229 941 2274 legatum
976 2229 1151 2263 monitum
1187 2229 1247 2268 iri;
1284 2227 1488 2272 pontificem
1523 2226 1840 2272 propensissimum
1873 2236 1952 2259 esse
1979 2225 2023 2258 ad

270 2286 506 2327 concedenda,
542 2295 788 2329 quaecumque
814 2282 873 2317 vel
899 2282 943 2316 ad
970 2281 1128 2316 fidelium
1163 2281 1327 2321 salutem,
1364 2280 1423 2314 vel
1452 2280 1496 2314 ad
1523 2280 1769 2324 episcoporum
1794 2278 1961 2312 honorem
1988 2279 2024 2311 et

267 2339 489 2374 commodum
515 2337 694 2383 pertinere
719 2336 870 2381 possint.
912 2335 967 2369 Ita
994 2337 1064 2369 Iac.
1083 2337 1124 2368 de
1142 2335 1341 2368 Laderchio
1369 2333 1498 2377 Congr.
1523 2332 1621 2367 Orat.
1648 2333 1684 2366 in
1709 2331 1854 2365 Baronii
1886 2332 2022 2372 „Anna-

265 2393 360 2427 libus
386 2390 671 2426 Ecclesiasticis'‘
701 2390 745 2424 ab
771 2389 848 2434 ipso
875 2387 1093 2422 continuatis
1118 2386 1255 2420 XXXV
1284 2386 1354 2429 (ed.
1379 2397 1484 2427 nova,
1520 2385 1681 2426 Parisiis,
1716 2383 1880 2427 Friburgi
1907 2383 2023 2423 Helv„

268 2444 497 2480 Barri-Ducis
525 2443 643 2487 1880),
675 2443 711 2476 in
743 2454 773 2477 a.
803 2442 893 2476 1566
919 2453 953 2475 n.
980 2441 1049 2474 222
1077 2440 1157 2474 223.
1206 2439 1364 2473 Similem
1392 2438 1582 2484 epistulam
1609 2438 1695 2471 Pius
1721 2437 1764 2471 V.
1791 2437 1861 2471 iam
1888 2436 2024 2470 duobus

269 2499 393 2533 diebus
427 2499 510 2532 ante
547 2497 618 2540 (23.
644 2495 802 2529 Ianuarii
832 2494 936 2537 1566)
976 2494 1020 2528 ad
1046 2493 1267 2527 Fridericum
1302 2492 1508 2537 episcopum
1542 2490 1827 2535 herbipolensem
1858 2489 2024 2529 dederat,

268 2552 304 2586 in
330 2563 401 2595 qua
427 2551 535 2584 etiam
569 2549 658 2583 haec
686 2549 753 2583 duo
779 2548 988 2582 nominatim
1015 2547 1180 2591 episcopo
1206 2545 1468 2590 praecipiebat:
1505 2544 1540 2587 1)
1569 2546 1620 2585 ut,
1646 2555 1737 2588 quae
1763 2543 1805 2577 de
1823 2542 2026 2576 seminariis

269 2605 477 2639 clericorum
496 2602 724 2637 instituendis
741 2601 904 2635 Tridenti
928 2601 1073 2634 decreta
1099 2601 1230 2635 essent.
1258 2599 1371 2643 primo
1397 2608 1537 2641 quoque
1563 2599 1721 2641 tempore
1748 2598 2023 2638 exsequeretur;

271 2658 306 2701 2)
335 2660 376 2691 ut
401 2656 610 2691 clericorum
637 2653 810 2689 dioecesis
836 2652 1118 2698 herbipolensis,
1152 2651 1214 2695 qui
1249 2662 1334 2684 vere
1370 2650 1535 2685 catholici
1571 2652 1606 2683 et
1640 2648 1822 2683 doctrinae
1859 2647 2026 2690 vitaeque

270 2711 457 2744 honestate
492 2709 537 2742 ad
563 2707 682 2742 officia
707 2707 781 2740 Deo
815 2706 964 2750 sedique
999 2704 1218 2750 apostolicae
1254 2703 1472 2749 praestanda
1506 2702 1621 2736 idonei
1656 2702 1795 2740 essent,
1830 2699 2025 2733 indiculum

272 2763 338 2796 sibi
373 2762 544 2796 mitteret.
596 2760 796 2805 Epistulam
829 2759 949 2804 posuit
977 2759 1198 2792 Laderchius
1231 2757 1254 2790 l.
1283 2769 1311 2791 c.
1338 2769 1372 2790 n.
1400 2756 1487 2796 223;
1523 2755 1583 2799 qui
1617 2755 1662 2788 ad
1696 2753 1853 2796 reliquos
1885 2764 2026 2796 quoque

274 2815 486 2849 Germaniae
513 2814 698 2859 episcopos
725 2813 849 2847 eadem
874 2812 1010 2856 scripta
1036 2822 1115 2845 esse
1141 2809 1309 2844 affirmat.

274 2935 425 2973 1264.
547 2935 762 2970 CANISIUS
812 2934 865 2970 S.
904 2930 1286 2969 FRANGISCO
1338 2929 1430 2966 DE
1481 2926 1773 2969 BORGIA‚
1824 2927 2027 2972 praeposito

441 2989 599 3033 generali
625 2989 814 3023 Societatis
841 2988 932 3022 Iesu.
1384 2983 1528 3017 Colonia
1554 2982 1609 3016 22.
1636 2981 1849 3014 Novembris
1878 2981 1979 3015 1565.

397 3064 450 3098 Ex
475 3075 596 3108 apogr.
624 3062 800 3108 epistulae
828 3061 972 3096 Polanci
1000 3061 1075 3094 eod.
1102 3062 1210 3103 temp.
1239 3058 1391 3102 script0;
1423 3056 1561 3099 „Germ
1589 3055 1652 3089 65⁴
1684 3054 1706 3088 f.
1735 3055 1806 3088 59¹¹.

396 3139 571 3172 Polancus
600 3140 753 3181 Canisio,
781 3139 893 3171 Roma
919 3140 951 3170 2.
979 3136 1174 3170 Februarii
1201 3136 1314 3168 1566:
1345 3133 1433 3177 „Ale
1461 3132 1579 3164 ultime
1605 3131 1720 3163 lettere
1745 3130 1783 3162 dc
1809 3130 1845 3162 Γ.
1873 3129 1914 3162 R.
1940 3129 2027 3169 fatte

279 3195 313 3226 in
346 3193 492 3226 Colonia
518 3202 540 3223 (ι
566 3194 621 3224 22.
649 3192 686 3223 (ἰὶ
713 3191 897 3223 nouembre
922 3192 953 3223 .ςὶ
977 3190 1048 3231 fece
1075 3186 1261 3230 risposta.“
