2045 3471
229 227 316 268 40⁴0
444 223 542 258 1440.
571 223 737 258 Canisius
764 222 797 256 S.
816 221 1007 256 Francisco
1034 222 1076 256 de
1103 221 1243 265 Borgia.
1288 220 1487 266 Oeniponte
1515 221 1567 254 15.
1589 220 1673 254 Maii
1695 220 1796 254 1567.

345 342 599 394 Priusquam
632 342 834 394 Augusta
866 341 1143 391 discederem,
1177 339 1404 382 Albertum
1439 340 1654 382 Saxonem
1677 337 1984 380 Reuerendiss:

229 407 444 460 Cardinalj
467 406 726 459 Augustano
750 405 950 458 Dilingae
984 405 1367 447 commendandum
1391 404 1590 457 curauj1:
1624 403 1731 453 Quid
1753 416 1856 445 uero
1879 402 1986 445 haec

227 472 460 526 profecerit
502 470 832 520 commendatio,
874 471 1063 512 nondum
1107 470 1318 523 intellexj.
1381 469 1587 521 Reliquos
1628 468 1734 510 duos
1774 468 1987 510 Joannem

233 536 393 578 Vienn:
428 539 472 578 et
503 536 681 578 Lucium
715 537 1018 588 Augustanum
1052 538 1229 589 propter
1262 549 1326 585 ea,
1370 547 1480 587 quae
1512 535 1613 575 sunt
1644 532 1772 575 isthic
1804 534 1921 581 nota,
1963 545 1989 573 a

226 615 400 643 suorum
433 603 632 643 uotorum
666 600 849 642 vinculis
881 601 1056 643 tandem
1087 600 1296 653 absoluj2,
1332 599 1435 641 data
1457 598 1543 640 illis
1565 597 1697 641 etiam
1718 598 1761 639 in
1783 597 1988 639 viaticum

226 666 421 720 pecunia.
487 665 566 716 Qui
598 666 640 707 in
673 665 943 719 profectione
975 665 1088 719 patrj
1125 664 1343 707 Osuualdo
1377 663 1486 706 satis
1517 663 1688 717 molestj
1721 662 1910 712 fuerunt,
1945 664 1990 704 et

227 731 400 773 solitum
434 745 553 781 onus,
589 730 751 772 nullum
785 745 887 772 uero
921 730 1170 780 subsidium,
1205 729 1327 771 nobis
1360 731 1404 771 et
1437 728 1642 781 Societatj
1676 729 1850 769 nostrae
1881 726 1989 768 alla-

227 796 312 850 turj
345 795 619 838 videbantur.
684 795 917 846 Posterior,
960 798 1007 837 ut
1047 794 1258 848 intelligo,
1301 807 1384 836 non
1417 793 1701 846 Augustanus
1742 792 1817 834 sed
1858 804 1991 846 prope

228 862 472 914 Augustam
506 864 647 910 natus,
681 860 925 902 Catholicos
957 860 1089 902 habet
1112 863 1328 914 parentes,
1364 862 1409 901 et
1431 873 1558 912 quem
1580 859 1627 900 P.
1652 857 1826 899 Natalis
1848 857 1992 909 Praga

228 940 372 968 secum
406 925 601 975 adduxit,
637 928 681 968 et
712 925 895 967 Romam
928 939 1013 966 una
1046 939 1141 966 cum
1176 925 1234 967 M.
1258 923 1500 966 Marchesio
1535 923 1651 965 misit
1664 924 1692 964 3.
1737 921 1992 964 Oauebimus

228 1005 306 1032 nos
349 991 532 1043 quidem,
575 1004 629 1031 ne
670 990 911 1044 huiusmodj
954 990 1157 1043 palmites
1197 1003 1350 1043 parum
1391 989 1626 1041 frugiferos
1666 988 1708 1028 in
1753 987 1991 1028 Romanam

232 1055 403 1097 vineam
435 1055 676 1097 inseramus
693 1055 721 1097 4.
785 1055 911 1097 Jdem
944 1057 1071 1108 pater
1103 1054 1264 1097 dictum
1298 1067 1466 1107 quoque
1499 1053 1711 1095 Joannem
1746 1051 1906 1093 Vienn:
1949 1050 1990 1092 in

232 1120 412 1162 Jtaliam
446 1120 646 1162 extrusit.

352 1191 502 1233 Visum
536 1194 603 1233 est
634 1190 749 1245 patri
782 1191 972 1244 Lanoyo,
1014 1194 1062 1232 ut
1100 1190 1407 1242 Wolfgangum
1441 1190 1647 1230 Boemum
1680 1188 1918 1230 Diaconum
1951 1189 1994 1228 et

232 1256 584 1310 Christophorum
626 1256 842 1298 Saxonem
884 1258 1005 1297 recta
1046 1255 1144 1296 hinc
1186 1255 1399 1296 Viennam
1446 1254 1692 1302 mitteret5‚
1744 1251 1993 1306 priusquam

230 1321 392 1374 aliquid
434 1335 486 1363 ea
531 1321 583 1362 de
626 1334 671 1362 re
713 1321 817 1362 mihi
858 1320 1148 1362 renunciaret.
1221 1319 1368 1372 Jgitur
1410 1318 1597 1361 officium
1639 1320 1865 1372 praestare
1908 1329 1994 1358 non

230 1387 460 1441 potuimus,
495 1386 607 1440 quod
640 1400 665 1427 a
696 1386 819 1427 nobis
852 1386 1046 1439 postulat
1078 1386 1233 1428 Pater:
1277 1384 1381 1434 Tua,
1425 1387 1474 1426 ut
1514 1383 1627 1425 idem
1661 1383 1876 1424 Diaconus
1917 1394 1995 1435 per

231 1466 308 1493 nos
343 1452 543 1504 Dilingae
576 1451 631 1493 ad
663 1451 960 1493 Sacerdotium
994 1452 1335 1505 promoueretur.

349 1522 484 1565 Nouit
516 1523 669 1565 Pater:
704 1522 796 1563 Tua
809 1522 864 1565 M.
889 1521 1024 1563 Alex:
1059 1521 1289 1570 Saxonem,
1325 1521 1376 1561 de
1410 1533 1492 1573 quo
1525 1519 1628 1560 mihi
1661 1517 1835 1572 scripsit
1866 1518 1993 1571 pater

236 1587 456 1636 Visitator,
491 1591 539 1629 ut
571 1587 606 1628 si
638 1587 701 1629 ita
725 1586 954 1628 conuenire
976 1589 1188 1640 putarem,
1223 1585 1400 1626 missum
1422 1584 1542 1626 illum
1565 1597 1741 1638 prorsus
1764 1583 1953 1624 facerem
1964 1581 1992 1635 ⁶.

236 1652 338 1694 Cum
371 1652 407 1693 is
432 1652 661 1706 Oenipontj
697 1652 856 1694 diutius
889 1651 1066 1704 tolerarj
1101 1665 1184 1692 non
1217 1653 1376 1704 posset,
1411 1649 1522 1691 sicut
1545 1663 1599 1690 ex
1620 1663 1661 1703 p.
1686 1649 1836 1701 Lanoy
1857 1646 1994 1689 literis

232 1717 373 1760 isthuc
406 1717 548 1758 missis
581 1717 706 1759 credo
740 1717 848 1759 satis
881 1720 1094 1765 constare,
1130 1716 1286 1756 missus
1320 1718 1387 1757 est
1420 1714 1678 1767 Augustam,
1721 1713 1833 1754 vnde
1865 1725 1993 1766 porro

233 1781 450 1834 Dilingam
492 1782 609 1823 illum
655 1782 916 1831 transferre,
973 1785 1015 1823 et
1059 1780 1403 1822 emendationem
1445 1779 1563 1821 vitae
1604 1778 1718 1819 illius
1760 1779 1994 1831 expectare

233 1847 557 1889 constitueram.
622 1847 782 1888 Verum
826 1846 1056 1900 Oenipontj
1099 1859 1150 1887 ea
1192 1844 1398 1898 cognouj,
1441 1857 1550 1897 quae
1591 1857 1659 1884 me
1700 1843 1770 1884 1161
1811 1841 1993 1884 inuitum

233 1911 473 1965 adegerunt
502 1911 557 1952 ad
579 1911 697 1952 illum
722 1926 746 1952 a
770 1911 999 1954 Societatis
1021 1910 1146 1952 huius
1170 1924 1347 1964 corpore
1377 1908 1724 1957 abscindendum,
1759 1906 1994 1959 statimque

234 1977 546 2019 dimittendum.
611 1976 783 2018 Certum
816 1976 953 2017 habeo
987 1978 1133 2029 pater:
1177 1975 1312 2016 Tuam
1355 1974 1434 2015 hoc
1468 1974 1630 2016 factum
1663 1986 1805 2014 meum
1837 1984 1993 2026 appro-

233 2043 432 2084 baturam
466 2055 573 2091 esse,
608 2055 701 2082 cum
736 2041 908 2094 primis²
942 2038 1003 2094 [P]
1037 2054 1091 2081 ex
1125 2040 1220 2094 alijs
1252 2039 1519 2082 intellexerit
1551 2038 1720 2080 foedam
1753 2035 1993 2091 hystoriam

234 2107 306 2149 illo
340 2107 458 2148 Duce
498 2109 809 2160 perpetratam.
873 2106 1048 2147 Liberet
1092 2119 1141 2147 ac
1183 2107 1390 2158 repurget
1412 2105 1530 2145 Deus
1571 2103 1682 2145 hanc
1714 2101 1897 2144 nominis
1929 2102 1993 2154 suj

237 2172 383 2214 Sancti
417 2171 678 2213 Societatem
712 2171 765 2212 ab
799 2170 1039 2223 huiusmodj
1073 2169 1265 2224 pestibus
1299 2173 1342 2212 et
1373 2169 1696 2222 quibuscunque
1717 2165 1995 2221 turpitudinis

238 2237 504 2279 authoribus,
567 2236 633 2278 Sit
664 2236 726 2277 illi
758 2239 801 2278 et
835 2235 1080 2277 carnalibus
1113 2234 1308 2276 omnibus
1341 2233 1554 2288 propitius
1586 2232 1792 2274 Christus

357 2308 419 2349 De
460 2307 636 2360 Collegij
679 2307 807 2348 rebus
849 2306 971 2348 alias.
1036 2306 1138 2348 Cum
1182 2305 1293 2346 enim
1336 2305 1391 2346 ad
1434 2305 1651 2358 Synodum
1692 2303 1992 2356 Augustanam

238 2373 338 2414 mihi
372 2373 428 2414 sit
459 2372 738 2421 redeundum,
779 2371 1097 2425 properandum
1130 2370 1233 2412 mihi
1265 2370 1413 2423 putauj
1447 2370 1489 2411 in
1522 2370 1602 2410 hac
1633 2367 1913 2422 profectione,
1947 2369 1995 2408 ut

237 2441 338 2480 ante
382 2437 676 2479 visitationem
720 2436 912 2489 Collegia
943 2435 1199 2476 Prouinciae
1240 2437 1416 2476 nostrae
1456 2446 1706 2488 percurram
1748 2431 1907 2481 omnia,
1950 2433 1995 2472 et

237 2503 578 2555 qualemcunque
627 2501 798 2542 illorum
845 2502 1008 2542 statum
1047 2499 1301 2552 intelligam,
1345 2502 1392 2541 ut
1433 2501 1587 2552 postea
1628 2495 1787 2538 rectius
1829 2496 1993 2537 consuli

237 2567 432 2609 omnibus
465 2566 614 2621 possit.

354 2637 611 2679 Commendo
645 2650 712 2677 me
745 2638 787 2678 et
820 2635 1086 2689 prouinciam
1119 2635 1230 2676 hanc
1264 2648 1432 2676 omnem
1465 2632 1689 2685 sacrificijs
1722 2634 1765 2673 et
1797 2631 1993 2685 precibus

241 2702 342 2743 Pat:
377 2703 494 2743 Tuae
523 2716 573 2743 ac
595 2701 731 2743 totius
754 2703 929 2741 nostrae
953 2699 1182 2742 Societatis
1205 2699 1247 2740 in
1271 2699 1439 2741 Christo
1463 2697 1594 2739 IESV
1616 2696 1798 2737 Domino
1829 2698 1991 2738 nostro.

356 2794 382 2820 a)
406 2794 469 2823 Sir-,-
487 2794 614 2823 forfasse
637 2795 704 2816 Can.
724 2792 814 2816 scribi
836 2793 940 2816 voluit.-
959 2791 1098 2824 prilnum.

360 2923 369 2941 ¹
396 2921 524 2955 Nescio
552 2934 595 2955 an
622 2921 680 2955 hic
707 2922 754 2955 sit
779 2921 883 2959 idem,
911 2924 1019 2965 atque
1045 2921 1105 2954 ille
1135 2920 1317 2962 „Andreas
1344 2920 1472 2958 Saxo‘,
1501 2919 1542 2952 de
1569 2929 1637 2961 quo
1663 2917 1815 2960 Borgias
1833 2917 1888 2952 20.
1907 2917 1994 2950 Maii

240 2974 326 3007 1567
355 2974 397 3007 ad
424 2974 463 3008 P.
492 2974 682 3017 Georgium
710 2974 827 3008 Bader
853 2975 1016 3018 scripsit:
1046 2974 1126 3006 vide
1153 2973 1246 3006 infra
1272 2985 1305 3017 p.
1332 2974 1411 3006 465.

356 3032 368 3051 ²
394 3032 540 3066 Lucium
576 3033 645 3066 iam
682 3033 757 3077 ipse
784 3033 935 3076 Borgias
962 3044 1006 3066 ex
1033 3032 1210 3066 Societate
1238 3032 1442 3070 dimiserat;
1469 3041 1584 3073 neque
1609 3031 1729 3063 tamen
1757 3029 1890 3062 Romae
1916 3039 1993 3062 eam

245 3083 483 3117 dimissionem
512 3097 590 3118 cum
619 3098 658 3118 eo
685 3087 1032 3125 cmnmunicaverat;
1062 3085 1142 3118 vide
1168 3096 1276 3128 supra
1303 3096 1334 3128 p.
1362 3084 1441 3117 425.

358 3143 369 3160 ³
396 3142 484 3176 Vide
511 3155 618 3187 supra
645 3156 677 3188 p.
705 3144 783 3178 363.
931 3147 942 3164 ⁴
970 3144 1024 3178 Cf.
1052 3144 1088 3177 10
1118 3144 1170 3183 15,
1198 3143 1310 3181 2—6;
1340 3142 1387 3176 ΡΞ
1415 3141 1470 3180 79,
1498 3141 1635 3180 9-11;
1663 3140 1712 3174 ΕΖ
1743 3141 1795 3177 19.
1825 3141 1877 3174 ll·

397 3199 485 3232 Vide
511 3211 617 3244 supra
644 3213 675 3245 p.
703 3203 903 3235 426-417.
1051 3202 1062 3218 ⁸
1090 3201 1179 3234 Vide
1206 3212 1315 3244 supra
1341 3212 1374 3244 p.
1403 3200 1496 3233 306⁹.
