2077 3461
1063 715 1116 756 Π.

559 806 939 862 PROOEMIUM
978 803 1353 861 VOLUMINIS
1391 804 1636 872 QUINTI.

330 933 357 965 l.
385 931 633 974 Epistularum
661 934 689 962 et
716 933 1022 963 monunzemornm
1040 939 1218 960 numerus.
1258 928 1308 961 II.
1327 927 1509 961 Editionz's
1527 929 1632 963 ratio.
1671 929 1827 973 Maynus
1845 931 1970 973 epistu-

210 985 329 1018 larum
345 985 575 1027 oriyinalimn
594 994 770 1016 numerus.
802 983 895 1024 Quid
910 983 1048 1015 ralecmt
1063 982 1224 1024 Reyistra
1242 982 1529 1024 praepositorum
1541 983 1772 1025 yeneralinm.
1799 983 1870 1018 ΙΙΙ.
1885 984 1970 1027 Epa·-

207 1039 385 1070 stularmn
405 1042 434 1070 et
452 1041 755 1070 monumentorum
772 1047 914 1079 yenera.
953 1036 1154 1068 Relationes
1171 1036 1378 1078 leyatormn.
1417 1035 1481 1069 IV.
1501 1035 1685 1078 Epistulas
1703 1038 1764 1079 qni
1782 1047 1804 1069 α
1825 1037 1970 1070 Canist'o

208 1093 404 1134 acceperint
431 1092 480 1123 cel
505 1091 552 1123 ad
569 1101 644 1124 enm
664 1090 834 1123 dederint.
880 1091 915 1123 Γ.
944 1090 1091 1122 Summa
1118 1100 1261 1121 rernm:
1290 1090 1319 1122 1.
1346 1089 1483 1121 sslisera
1509 1089 1734 1122 ecclesiarum
1756 1091 1971 1124 Germaniae

208 1146 376 1177 condicio.
416 1147 447 1177 2.
469 1144 697 1177 Restanratio
716 1143 910 1176 catholica:
936 1143 978 1183 a)
998 1143 1111 1175 Facta
1129 1146 1335 1185 eventusque
1351 1143 1476 1184 fausti.
1515 1142 1554 1183 b)
1574 1143 1744 1176 Homines
1761 1144 1802 1176 de
1819 1144 1970 1176 ecclesiis

204 1199 419 1240 qermanicis
445 1197 526 1230 bene
551 1198 677 1230 meriti.
722 1197 758 1236 c)
787 1196 972 1229 Soce'etatz's
990 1196 1070 1229 Iesu
1095 1196 1245 1228 historia
1273 1196 1472 1229 domestica.
1515 1198 1547 1228 3.
1574 1196 1736 1229 Fabulae
1761 1198 1971 1230 canisianae

206 1255 340 1293 veteres,
367 1255 528 1284 recentes.
579 1252 610 1283 εἰ.
643 1249 781 1282 Canisic'
807 1250 952 1282 indoles.
1004 1252 1034 1282 5.
1065 1249 1204 1282 Canis-ii
1230 1249 1362 1282 landes.

326 1335 507 1376 Numeri
548 1335 712 1375 arabici
753 1336 874 1375 uncis
915 1335 1088 1382 inclusi,
1132 1334 1203 1388 qni
1236 1347 1260 1373 a
1295 1334 1427 1388 capite
1460 1333 1504 1374 V.
1539 1334 1719 1387 sinyzclis
1753 1334 1845 1386 fere
1875 1348 1969 1377 sen-

207 1401 347 1441 tentiis
388 1400 626 1452 addentur,
670 1399 903 1452 ostendent,
947 1400 1097 1453 (suibus
1138 1399 1239 1439 libri
1274 1399 1449 1453 payinis
1490 1399 1658 1452 sinyula
1693 1398 1812 1451 facta
1842 1401 1968 1453 potis-

207 1467 358 1505 simam
392 1470 637 1506 narrentur.

324 1541 356 1585 I.
398 1541 446 1582 In
488 1541 567 1583 hoc
600 1540 817 1582 volumine
851 1540 1127 1582 continentur
1159 1539 1441 1593 epistulae
1483 1539 1969 1594 epistularumque

207 1620 443 1648 summae
477 1608 559 1647 2⁷4
584 1606 643 1657 (n.
671 1607 998 1657 1196—1469);
1035 1619 1089 1646 ex
1122 1604 1275 1658 quibus
1307 1607 1408 1647 sunt
1437 1604 1650 1658 epistulae
1675 1607 1772 1655 149,
1806 1606 1969 1660 epistu-

207 1672 368 1722 larum,
412 1685 521 1725 quae
554 1672 624 1713 vel
667 1671 889 1726 perierunt
920 1671 989 1712 vel
1028 1670 1205 1712 minoris
1239 1670 1445 1712 momenti
1477 1673 1600 1720 sunt,
1643 1684 1837 1713 summae
1878 1671 1970 1713 sive

213 1739 434 1790 „regesta“
476 1738 570 1779 125.
634 1737 715 1778 His
759 1737 971 1778 accedunt
1014 1739 1114 1778 acta
1155 1735 1247 1777 sive
1289 1738 1635 1777 monumenta
1679 1735 1970 1779 canisiana

209 1803 292 1843 285
326 1802 386 1853 (n.
421 1801 686 1855 626—910).

325 1873 622 1928 Epistularum
655 1873 833 1925 (additis
875 1872 1157 1927 epistularum
1199 1871 1396 1924 summis)
1438 1871 1660 1924 aliquanto
1702 1872 1799 1926 plus
1841 1886 1969 1925 quam

207 1938 349 1980 media
381 1952 481 1992 pars
514 1952 539 1980 a
571 1938 740 1980 Canisio
773 1938 845 1979 vel
876 1937 1010 1992 ipsius
1043 1936 1213 1978 nomine
1247 1936 1551 1989 mandatuque‚
1595 1936 1787 1990 reliquae
1824 1943 1969 1979 autem

207 2003 260 2044 ad
293 2003 507 2045 Canisium
541 2004 669 2046 datae
701 2006 815 2046 sunt.

327 2075 393 2115 Ex
439 2076 518 2116 149
562 2074 759 2129 epistulis
799 2074 918 2116 hisce
951 2074 1022 2126 (de
1063 2072 1241 2115 summis
1274 2072 1342 2114 hic
1374 2072 1479 2114 nihil
1519 2072 1631 2126 dico)
1665 2076 1810 2124 erant,
1857 2073 1969 2127 quod

206 2139 403 2192 equidem
436 2140 586 2190 norim,

762 2199 949 2240 nondum
982 2210 1170 2239 excusae
1202 2196 1296 2238 fere
1359 2198 1426 2245 87,

762 2277 816 2305 ex
849 2266 974 2318 parte
1007 2262 1149 2304 editae
1359 2263 1427 2311 34,

760 2328 930 2382 integre
963 2327 1170 2379 vulgatae
1359 2327 1427 2368 28.

325 2412 393 2453 Ex
425 2412 573 2454 iisdem
608 2412 804 2466 epistulis
836 2411 1025 2465 scriptae
1057 2412 1158 2451 sunt-

903 2488 1038 2530 latine
1208 2488 1275 2530 77.

900 2553 1046 2596 italice
1207 2553 1275 2601 68,

901 2617 1148 2671 germanice
1237 2618 1275 2665 3,

902 2681 1171 2724 catalaunice
1238 2684 1274 2722 1.

324 2760 391 2800 Ex
425 2760 534 2802 actis
567 2761 658 2802 sive
691 2759 979 2802 monumentis
1012 2761 1150 2807 erant,
1189 2757 1301 2810 quod
1335 2757 1481 2804 sciam,

660 2837 846 2878 nondum
880 2835 995 2890 typis
1027 2835 1209 2887 vulgata
1242 2834 1333 2875 fere
1399 2836 1494 2884 120,

658 2902 842 2954 vulgata
874 2914 928 2942 ex
960 2902 1086 2954 parte
1426 2900 1504 2946 33;

324 2966 584 3019 reliquorum
618 2967 839 3020 complura
871 2979 925 3007 ex
958 2965 1077 3006 libris
1110 2963 1300 3016 antiquis
1324 2963 1519 3015 rarisque
1543 2962 1764 3015 exscripta
1786 2964 1901 3004 sunt.

324 3043 558 3085 Praeterea
580 3043 633 3084 ad
657 3043 866 3096 epistulas
889 3046 931 3084 et
964 3043 1241 3083 monumenta
1264 3039 1521 3093 explicanda
1543 3041 1674 3091 atque
1703 3037 1962 3079 illustranda

205 3107 424 3150 adhibitae
446 3111 547 3150 sunt
570 3122 705 3161 paene
730 3110 813 3149 500
837 3106 1140 3148 adnotationes
1173 3108 1217 3147 et
1249 3103 1490 3146 additiones
1523 3117 1577 3144 ex
1610 3102 1814 3152 fontibus,
1849 3102 1961 3156 quod

204 3172 399 3226 equidem
435 3173 639 3222 noverim,
675 3171 860 3213 nondum
895 3170 1085 3224 vulgatis
1118 3170 1411 3223 depromptae.
