2045 3471
210 193 293 234 236
339 191 440 226 1314.
468 191 565 226 Hier.
584 191 736 234 Natalis,
761 193 858 228 Petr.
878 192 975 234 Can,
1002 194 1070 229 Iac.
1090 195 1264 230 Ledesma
1290 197 1413 232 Ioanni
1439 197 1627 233 Francisco
1647 198 1919 237 Commendono.

777 314 822 354 5²}
854 312 1072 362 Quaestio.

520 375 588 416 An
619 376 827 419 haeretici
850 378 1050 420 censendi
1061 384 1087 427 ⁸,
1125 379 1196 432 qui
1220 384 1543 430 consenserunt,
1578 382 1781 426 Recessui
1804 385 1969 429 scilicet

420 440 684 492 supradicto,
728 442 798 483 uel
841 442 1129 493 consentiunt,
1174 445 1432 497 praesertim
1474 449 1573 500 post
1605 447 1838 491 Concilium
1873 450 1968 492 Tri-

421 504 641 547 dentinum
675 505 761 547 iam
794 506 987 549 editum?

325 567 453 622 Hesp.
507 569 729 612 Haeretici
762 572 962 613 censendi
995 572 1237 614 huiusmodi
1269 588 1353 616 non
1377 574 1591 627 uidentur,
1626 577 1696 630 qui
1731 581 1860 621 antea
1882 580 1967 622 Re-

208 631 347 672 cessui
389 637 717 685 consenserunt,
761 635 831 677 uel
872 650 984 678 nunc
1025 637 1140 680 forte
1178 639 1452 683 consentient
1493 640 1625 683 etiam
1666 645 1765 696 post
1806 643 1966 686 editum

205 695 452 740 Concilium.
516 697 869 753 Quandoquidem
910 701 1015 743 nihil
1060 704 1305 745 confirmari
1348 704 1543 747 videmus
1584 706 1627 747 in
1670 720 1719 748 eo
1760 707 1965 761 Recessu,

205 761 318 812 quod
351 765 501 816 aperte
533 777 629 805 cum
661 764 760 805 fidei
782 765 1056 818 dogmatibus
1088 771 1266 821 pugnet.
1315 769 1374 811 Et
1405 770 1441 811 si
1464 770 1564 823 quid
1596 770 1639 812 in
1672 771 1752 813 hoc
1775 772 1967 815 Recessu

203 828 393 879 recepto,
427 828 495 869 uel
528 828 773 882 recipiendo
796 833 1022 883 peccatum
1045 834 1174 883 esset,
1209 833 1311 876 licet
1332 837 1564 888 peccantes
1587 836 1777 890 suspecti
1810 837 1966 888 forent,

203 904 288 932 non
320 894 466 933 tamen
499 892 707 935 haeretici
740 895 868 947 plane
901 898 1048 938 essent
1070 897 1361 948 existimandi,
1397 899 1478 941 nisi
1510 914 1556 942 re
1580 903 1698 942 certo
1722 902 1962 955 explorata.

773 978 819 1017 6²}
851 976 1071 1026 Quaestio.

516 1040 584 1079 An
606 1041 854 1082 necessaria
871 1041 1072 1084 videatur
1092 1045 1352 1097 protestatio
1375 1048 1554 1100 propter
1577 1048 1758 1089 offitium
1782 1048 1964 1101 Legati?

323 1102 453 1156 Resp.
517 1103 657 1146 Multa
699 1105 871 1157 quidem
903 1107 1063 1160 requiri
1104 1108 1318 1159 uidentur,
1361 1110 1611 1164 priusquam
1651 1113 1705 1154 ad
1747 1116 1965 1166 protesta-

204 1165 365 1208 tionem
399 1168 644 1210 necessario
667 1169 889 1219 ueniatur3
924 1185 1008 1224 qua
1030 1172 1091 1213 illi
1125 1186 1228 1215 sane
1260 1175 1473 1227 grauandi
1496 1179 1540 1218 et
1563 1177 1847 1220 contristandi
1880 1192 1963 1220 non

203 1234 362 1282 essent,
406 1232 477 1284 qui
511 1233 758 1276 Catholicae
791 1235 1029 1288 Religionis
1069 1237 1217 1279 hostes
1259 1238 1329 1280 uel
1371 1239 1617 1282 desertores
1649 1255 1695 1283 se
1728 1255 1834 1292 esse,
1877 1257 1961 1284 non

202 1298 352 1348 aperte
385 1297 621 1340 declarant.
686 1299 850 1340 Deinde
892 1314 976 1341 non
1010 1303 1255 1344 necessaria
1286 1303 1460 1346 videtur
1500 1306 1772 1358 protestatio,
1815 1307 1851 1348 si
1882 1307 1963 1349 Le—

203 1360 296 1413 gati
330 1360 513 1404 offitium
546 1366 806 1416 spectemus,
850 1365 976 1406 modo
1009 1365 1148 1408 amica
1181 1368 1380 1420 quadam,
1423 1372 1499 1411 aut
1531 1370 1660 1412 etiam
1703 1370 1817 1413 seria
1849 1385 1964 1413 com-

201 1425 448 1476 monitione,
491 1427 559 1468 uel
600 1431 784 1481 paterna
826 1431 1187 1482 conquaestioneb
1228 1433 1344 1475 flecti
1385 1436 1564 1487 possent
1604 1435 1733 1489 animj
1767 1436 1821 1478 ad
1863 1451 1963 1490 pro-

201 1488 433 1532 fessionem
482 1491 657 1546 Concilij
705 1493 944 1548 Tridentinj
993 1496 1280 1538 sufficientem
1329 1498 1628 1542 exhibendam.
1704 1501 1812 1542 Tum
1860 1515 1961 1544 uero

202 1555 448 1597 necessaria
489 1556 627 1599 videri
668 1563 817 1611 posset
858 1558 964 1601 haec
1005 1561 1279 1614 protestatio,
1324 1562 1359 1604 si
1391 1563 1599 1606 Catholici
1640 1564 1960 1608 Confessionem

201 1619 502 1673 Augustanam
543 1622 687 1675 palam
729 1627 1023 1677 acceptarent,
1067 1629 1142 1668 aut
1184 1627 1344 1669 dictum
1378 1628 1609 1671 Concilium
1651 1631 1959 1683 reprobarent;

201 1684 271 1725 uel
304 1685 457 1727 saltem
492 1687 610 1728 nulla
642 1687 810 1730 ratione
843 1690 1186 1743 comprobarent.

765 1771 810 1811 7²}
842 1770 1057 1820 Quaestio.

510 1832 578 1874 An
621 1833 678 1875 sit
718 1836 978 1887 protestatio
1011 1837 1177 1890 Legato
1220 1839 1477 1890 necessaria,
1521 1841 1721 1893 quoniam
1754 1842 1956 1885 Pontifex

409 1897 472 1938 ita
493 1898 729 1950 mandauit,
764 1899 808 1941 Si
840 1901 1061 1943 uenietur⁰
1093 1903 1147 1944 ad
1170 1903 1405 1945 Recessum
1436 1905 1504 1946 uel
1528 1905 1843 1948 conclusionem
1877 1907 1955 1948 ali—

410 1976 550 2014 quam,
585 1976 693 2015 quae
726 1964 993 2017 praeiudicet
1026 1966 1212 2008 Concilio
1247 1968 1511 2019 Tridentino,
1547 1970 1686 2022 quoad
1719 1970 1956 2024 dogmata?

314 2032 470 2085 Resp.d
521 2033 776 2076 Mandatum
810 2034 890 2076 hoc
914 2035 1134 2078 Pontificis
1166 2038 1327 2080 nullam
1360 2039 1665 2082 necessitatem
1697 2042 1767 2083 uel
1789 2042 1952 2095 obliga·-

195 2095 357 2138 tionem
399 2096 571 2138 adferre
612 2097 784 2140 videtur
827 2100 882 2141 ad
926 2102 1287 2154 protestationem
1336 2104 1416 2145 hoc
1460 2108 1654 2158 tempore
1697 2105 1951 2157 faciendam,

194 2160 277 2202 imo
310 2161 454 2214 potius
486 2161 706 2215 impedire,
742 2177 836 2205 cum
870 2164 1105 2206 Recessum
1139 2167 1325 2208 Concilio
1358 2168 1610 2211 Tridentino
1642 2170 1950 2224 praeiudicare,

196 2228 403 2278 quantum
436 2226 490 2267 ad
513 2226 732 2279 dogmata,
766 2242 851 2269 non
885 2232 1056 2271 constet
1088 2244 1142 2271 ex
1165 2231 1355 2273 Recessu
1378 2234 1476 2287 annj
1502 2236 1569 2276 55.
1624 2234 1707 2276 Sed
1731 2235 1782 2276 de
1804 2235 1950 2278 futuro

195 2290 384 2332 Recessu
415 2291 579 2332 nullum
612 2294 757 2345 potest
788 2307 900 2334 nunc
934 2297 1096 2336 certum
1131 2295 1327 2338 iuditium
1362 2297 1465 2338 ferri
1481 2303 1504 2339 ⁹.

759 2376 805 2417 S?
837 2376 1052 2424 Quaestio.

504 2437 571 2479 An
605 2439 662 2480 sit
694 2439 811 2481 utilis
843 2440 949 2481 haec
982 2442 1241 2494 protestatio
1260 2448 1278 2483 ‘r'

309 2502 438 2556 Resp,
503 2503 633 2545 Vtilis
667 2518 761 2545 esse
794 2507 953 2558 posset,
988 2505 1024 2546 si
1057 2519 1111 2546 ex
1144 2507 1389 2549 necessaria
1422 2522 1553 2549 causa
1585 2508 1777 2562 legitime
1809 2511 1945 2559 fieret,

192 2565 393 2618 nullaque
434 2569 718 2621 suppeterent
759 2569 844 2610 alia
885 2569 1027 2611 media
1068 2570 1288 2624 Principes
1330 2571 1573 2614 Catholicos
1614 2573 1668 2614 ad
1706 2573 1944 2629 Tridentinj

191 2629 365 2683 Concilij
399 2631 524 2672 fidem
559 2635 603 2674 et
634 2633 944 2686 professionem
968 2634 1219 2677 adducendi.
1273 2635 1399 2677 Nunc
1431 2650 1534 2678 uero
1567 2651 1636 2678 res
1667 2637 1710 2678 in
1743 2652 1792 2679 eo
1826 2642 1943 2681 statu

192 2695 354 2735 uersari
387 2695 571 2747 videtur,
615 2699 662 2738 ut
695 2698 831 2740 multa
862 2698 1132 2741 incommoda
1165 2703 1208 2742 et
1240 2700 1393 2753 grauia
1426 2701 1614 2754 pericula
1647 2715 1700 2743 ex
1732 2702 1812 2744 hac
1844 2718 1943 2757 pro-

191 2758 424 2801 testatione
467 2764 787 2814 consequutura
826 2776 920 2804 esse
961 2763 1088 2805 facile
1130 2764 1186 2805 sit
1226 2765 1493 2819 prospicere,
1536 2765 1733 2807 nimirum
1768 2767 1866 2809 .N.1
1899 2771 1944 2811 et

191 2821 375 2863 omnium
395 2823 595 2866 Statuum
617 2825 900 2869 insanabilem
925 2827 1224 2879 defectionem,
1250 2829 1565 2871 Catholicorum
1589 2831 1907 2884 oppressionem
1921 2833 1941 2882 f,

190 2884 471 2937 Augustanae
503 2889 793 2932 Confessionis
827 2892 1207 2944 confirmationem,
1252 2894 1442 2936 breuiter
1475 2894 1825 2937 Germanicarum
1859 2897 1941 2938 Ec-

191 2948 415 2991 clesiarum
439 2952 725 2996 miserabilem
751 2956 1031 3007 euersionem,
1055 2960 1103 2998 ut
1124 2958 1290 3010 reliqua
1311 2958 1580 3000 incommoda
1601 2962 1938 3012 praetereamus.

307 3028 335 3057 a)
364 3028 410 3052 An
430 3032 612 3057 censeantur
632 3033 777 3060 haeretici
799 3044 894 3068 res-pp.
917 3038 1004 3062 Lanc.
1025 3041 1051 3062 ec
1071 3039 1159 3063 Szmd.
1251 3038 1281 3070 b)
1313 3040 1358 3063 Ita
1379 3040 1407 3063 1⁷.
1499 3038 1525 3069 c)
1556 3038 1712 3064 veniretur
1739 3048 1813 3072 resp.
1835 3043 1941 3074 Lana,-

190 3067 331 3092 veniatur
351 3077 425 3099 resp.
447 3072 534 3095 Saml.
609 3073 637 3097 ‹1›
661 3076 744 3100 Deest
767 3077 795 3101 in
816 3079 846 3101 X
863 3081 889 3101 et
911 3079 982 3102 Lad.
1057 3079 1084 3109 e)
1105 3078 1170 3104 fieri
1191 3080 1221 3104 X
1239 3080 1311 3104 Lrnl.
1386 3080 1413 3110 s)
1434 3080 1520 3104 Deest
1541 3080 1568 3103 in
1591 3081 1621 3104 X
1638 3083 1663 3104 et
1684 3082 1762 3111 apud
1784 3083 1855 3106 Lari.

312 3164 318 3182 ¹
347 3163 580 3199 Maximiliani
608 3168 650 3200 Il.
678 3170 919 3212 imperatoris;
947 3172 1027 3205 Vide
1055 3184 1161 3216 snpra
1189 3184 1219 3216 p.
1251 3173 1316 3207 170
1343 3176 1378 3207 et
1404 3173 1496 3206 infra
1524 3185 1555 3217 p.
1583 3174 1677 3207 235³.
