2045 3471
258 211 353 245 Mon.
372 210 557 246 830—-831
585 211 663 245 sive
689 223 782 245 mon.
805 210 978 255 (1)-(2).
1020 212 1077 246 25.
1096 211 1182 257 Apr.
1203 212 1293 246 1565
1313 231 1356 235 --
1379 211 1434 246 16.
1453 210 1577 245 Martii
1596 210 1698 245 1566.
1777 212 1861 253 763

959 341 1006 384 (1¹1.

334 427 788 471 MONUMENTA
821 427 1295 471 MONAOENSIA
1329 427 1626 471 CANISII.

100 530 209 568 830
236 533 315 567 sive
341 541 483 568 mon.
504 531 596 577 (1).
674 531 777 569 Inter
803 532 857 568 25.
885 533 924 568 et
950 532 1006 567 28.
1026 530 1166 578 Aprilis
1192 531 1286 567 1565.

221 601 277 636 Ex
303 602 538 648 autographo.
594 603 656 645 „G.
685 602 749 648 Ep.
777 602 846 637 VI¹⁴
876 602 902 636 f.
931 603 1008 637 101.

226 673 394 706 canisius
412 673 598 706 Monachz'i
624 685 701 706 cum
722 674 759 706 P.
780 674 932 716 Hoffaeo
950 677 1085 706 rectore
1102 674 1173 715 ayit
1183 684 1196 712 ;
1220 672 1345 705 deinde
1370 682 1448 705 cum
1467 671 1581 704 eodem
1599 671 1748 704 Romam
1762 672 1861 713 petit.

220 744 399 799 Dilinya
422 746 492 786 30.
517 746 671 786 Martii
693 747 806 786 1565
840 745 888 786 P.
919 744 1199 786 Theodoricus
1224 744 1425 785 Canisius
1446 744 1489 785 S.
1513 742 1571 795 J.‚
1602 743 1732 796 paulo
1766 746 1861 783 ante

101 823 150 850 ex
181 813 337 850 rectore
369 810 527 863 colleqiz'
562 811 902 864 inqolstacliensis
934 814 1070 850 rector
1101 810 1259 863 colleqii
1301 808 1516 863 (lilirzyarzi
1556 807 1736 860 effectus,
1778 807 1859 847 Ro-

97 888 207 915 mam
243 874 300 915 ad
330 875 373 916 S.
397 875 673 916 Franciscum
696 875 898 929 Borqiam
922 874 1141 916 Societatis
1171 874 1378 915 vicarium
1407 873 1645 927 qemi-alem.
1667 872 1861 925 scripsit.-

97 937 145 981 P.
168 937 355 980 Michael
377 939 542 981 Marius
563 938 774 989 Minister,
799 952 930 992 aegre
953 938 1125 980 videtur
1146 937 1409 990 Jngolstadij
1433 950 1560 991 posse
1582 935 1778 988 relinqui.
1797 970 1804 977 .
1824 970 1830 977 .
1851 970 1857 977 .

99 1004 232 1057 Spero
265 1003 548 1045 Monacenses
581 1003 711 1045 alium
745 1003 836 1045 eius
867 1003 960 1044 loco
983 1002 1226 1045 Ministrum
1261 1002 1440 1044 daturos
1473 1015 1582 1052 esse,
1614 1000 1732 1055 Aget
1763 1013 1858 1042 cum

98 1067 160 1109 eis
192 1067 242 1110 R.
268 1067 313 1110 P.
339 1067 621 1110 Prouincialis
654 1071 755 1111 ante
787 1082 911 1110 suum
944 1068 987 1109 in
1020 1068 1181 1109 Vrbem
1215 1067 1464 1110 discessum.

218 1147 384 1183 Canisius
410 1148 554 1182 videtur
589 1148 656 1182 hac
683 1149 725 1182 de
752 1160 789 1182 re
816 1160 895 1183 cum
924 1148 1036 1183 Sociis
1071 1148 1345 1182 monacensibus
1380 1159 1499 1182 coram
1530 1146 1659 1190 egisse,
1694 1146 1858 1189 Augusta

97 1201 327 1235 Monachium
354 1202 546 1246 profectus,
582 1205 622 1235 ut
658 1201 737 1235 inde
764 1201 912 1235 Romam
939 1203 1090 1246 peteret.
1141 1201 1232 1235 Nam
1259 1201 1368 1235 etiam
1395 1201 1434 1236 P.
1462 1200 1574 1235 Paulo
1601 1199 1758 1240 Hoffaeo,
1789 1198 1859 1233 col-

96 1254 182 1298 legii
217 1255 442 1289 monacensis
477 1255 616 1295 rectori,
652 1254 801 1288 Romam
836 1255 881 1288 ad
913 1254 1102 1289 Societatis
1128 1254 1443 1298 congregationem
1471 1253 1677 1297 generalem
1703 1252 1856 1286 eundum

97 1310 192 1349 erat;
221 1310 329 1352 atque
354 1307 419 1342 hos
446 1308 534 1342 duos
559 1307 688 1342 saltem
715 1312 853 1352 partem
880 1307 1020 1342 itineris
1038 1319 1109 1341 una
1127 1307 1245 1351 egisse
1264 1319 1310 1342 ex
1332 1307 1465 1341 litteris
1483 1318 1592 1352 supra
1618 1318 1651 1351 p.
1671 1305 1858 1340 732—734

97 1360 225 1405 positis
251 1360 490 1404 cognoscitur.
541 1361 628 1395 Cum
657 1363 774 1394 autem
812 1373 856 1395 ex
886 1372 957 1395 una
991 1363 1093 1406 parte
1121 1360 1286 1394 Canisius
1311 1362 1478 1404 Augusta
1503 1360 1560 1394 20.
1586 1359 1722 1404 Aprilis
1747 1357 1859 1392 Hosio

98 1415 243 1455 scribat,
271 1426 310 1448 se
332 1413 555 1459 „propediem
576 1414 775 1448 Romanum
803 1414 871 1448 iter
897 1414 1146 1457 ingressurum
1165 1414 1279 1455 esse⁴‘,
1306 1416 1341 1447 et
1355 1413 1488 1448 Ursula
1506 1413 1673 1456 Fuggera
1691 1413 1859 1455 Augusta

98 1467 153 1502 25.
180 1467 316 1513 Aprilis
341 1467 488 1501 Romam
517 1467 560 1501 ad
586 1467 755 1510 Borgiam
783 1467 944 1501 scribens
971 1467 1105 1501 Canisii
1131 1467 1279 1500 Romam
1312 1466 1611 1511 „proficiscentis“
1641 1466 1859 1499 mentionem

98 1520 208 1554 faciat
236 1520 361 1565 (supra
387 1533 420 1565 p.
440 1521 483 1555 55
512 1521 607 1564 533),
635 1532 679 1554 ex
705 1520 821 1554 altera
847 1522 967 1555 autem
994 1525 1096 1565 parte
1116 1519 1298 1554 Canisium
1325 1519 1444 1554 itineri
1469 1531 1508 1554 se
1535 1518 1756 1554 commisisse
1783 1530 1859 1552 car-

98 1573 227 1608 dinalis
245 1574 446 1608 Truchsess
472 1573 617 1617 Dilinga
644 1574 698 1608 27.
719 1574 854 1619 Aprilis
881 1574 971 1608 1565
998 1573 1042 1608 ad
1069 1573 1374 1608 Commendonum
1405 1573 1540 1607 scribat
1569 1573 1694 1617 (supra
1719 1583 1751 1616 p.
1771 1572 1855 1615 604)

99 1630 135 1661 et
152 1627 303 1661 eundem
322 1627 515 1668 canisium,
540 1627 572 1661 si
598 1639 667 1661 non
693 1627 799 1672 paulo
818 1629 912 1668 ante,
939 1630 1036 1661 certe
1062 1627 1118 1662 30.
1137 1626 1273 1671 Aprilis
1290 1638 1393 1660 mane
1413 1625 1648 1671 Oenipontem
1667 1625 1859 1659 advenisse

98 1683 240 1715 constet
269 1680 366 1723 (vide
392 1680 485 1714 infra
511 1692 604 1715 mon.
631 1680 729 1723 835),
756 1692 837 1714 eum
864 1679 1093 1714 Monachium
1120 1679 1179 1713 vel
1205 1680 1261 1714 25.
1288 1679 1424 1724 Aprilis
1449 1679 1508 1713 vel
1532 1679 1707 1724 proximis
1733 1678 1857 1713 diebus

97 1734 241 1768 venisse
268 1733 414 1768 conicio.
464 1733 588 1778 Neque
615 1733 803 1767 Hoffaeum
831 1735 914 1767 ante
941 1733 972 1767 d.
992 1733 1048 1767 28.
1067 1732 1201 1778 Aprilis
1220 1732 1408 1767 Monachio
1435 1732 1552 1767 abisse
1578 1735 1683 1778 puto;
1710 1733 1857 1766 exstant

98 1787 192 1820 enim
230 1786 373 1820 litterae
412 1787 456 1820 ab
492 1788 635 1820 Alberto
665 1788 698 1820 V.
727 1786 904 1820 Bavariae
938 1786 1028 1820 duce
1062 1785 1252 1820 Monachio
1278 1786 1335 1820 28.
1362 1786 1497 1830 Aprilis
1526 1787 1615 1820 1565
1655 1785 1699 1819 ad
1734 1784 1857 1819 Socios

96 1851 261 1874 romanos
296 1839 412 1880 datae,
448 1839 577 1884 quibus
612 1839 672 1873 ille
712 1840 894 1884 „pueros“‚
931 1850 1019 1883 quos
1055 1839 1226 1873 Hoffaeus
1251 1838 1402 1873 Romam
1437 1839 1473 1872 in
1510 1850 1631 1873 eorum
1666 1837 1855 1881 collegium

100 1904 241 1934 ‚secum
268 1892 487 1926 adducturus
514 1892 579 1926 sit‘
596 1893 616 1933 ¹,
644 1891 869 1926 commendat
898 1891 1078 1936 (Themer,
1104 1892 1302 1927 Schweden
1320 1892 1352 1926 II
1374 1892 1468 1936 170).
1504 1892 1672 1926 Fortasse
1691 1890 1857 1925 Canisius

97 1945 235 1990 aliquot
262 1945 386 1979 diebus
405 1947 488 1979 ante
507 1945 695 1979 Hoffaeum
714 1944 950 1990 Oenipontem
969 1945 1088 1986 venit;
1115 1945 1164 1979 ibi
1190 1945 1285 1979 enim
1310 1957 1373 1990 per
1398 1956 1531 1989 paucos
1557 1944 1633 1979 dies
1659 1944 1857 1978 subsistere

96 1998 141 2032 ad
168 1998 410 2032 confessiones
437 1998 619 2032 Sociorum
655 1998 885 2043 excipiendas
921 2000 957 2032 et
982 1997 1052 2032 alia
1079 1998 1237 2032 curanda
1272 1999 1307 2032 in
1342 1998 1500 2032 animum
1526 1997 1737 2037 induxerat;
1774 1997 1856 2031 vide

98 2052 192 2085 infra
218 2063 310 2086 mon.
337 2052 417 2086 835.

99 2161 194 2198 831
224 2163 302 2197 sive
328 2172 469 2198 mon.
490 2161 588 2207 (2).
663 2160 764 2198 Inter
790 2161 823 2198 9.
848 2164 885 2198 et
911 2161 958 2198 16.
976 2161 1101 2199 Martii
1124 2162 1217 2199 1566.

99 2286 147 2320 111
174 2286 194 2319 2
217 2232 516 2320 Ex2a11231513ety2p3is.
560 2232 660 2274 „EN“
683 2244 716 2266 n.
738 2233 804 2267 103
827 2234 904 2268 104.
948 2233 1066 2267 Etiam
1097 2233 1157 2276 (ex
1175 2233 1302 2267 iisdem
1321 2233 1543 2278 archetypis)
1574 2233 1607 2266 in
1627 2232 1717 2278 Epp.
1735 2233 1857 2267 Nadal

197 2288 266 2320 4—-
293 2287 313 2319 5
393 2288 442 2309 —‘
484 2312 490 2320 .

216 2359 255 2391 P.
284 2358 420 2391 Paulus
446 2358 619 2399 Hoffaeus
646 2358 682 2390 S.
710 2358 759 2400 J„
795 2357 930 2400 colleyt'l
954 2359 1174 2391 monacensis
1200 2362 1326 2400 rector,
1365 2359 1483 2399 officio
1509 2357 1620 2390 levari
1646 2357 1857 2390 vehementer

98 2412 204 2454 cupit,
243 2411 347 2454 idque
372 2421 409 2444 eo
436 2411 599 2453 maxime,
635 2411 728 2453 quod
754 2422 829 2443 cnm
859 2411 961 2443 Petro
992 2411 1135 2443 Canisio
1155 2411 1376 2453 provinciali
1401 2415 1430 2443 et
1462 2410 1676 2443 Tlceodorico
1711 2411 1856 2444 Cam'sz‘o

99 2464 385 2508 vz'ceprocincictli
410 2465 441 2496 ei
460 2474 594 2506 parum
621 2465 786 2496 convenit.

223 2559 231 2577 ¹
259 2556 431 2590 Iustinum
460 2558 495 2590 et
522 2556 758 2590 Iustinianum
785 2556 981 2599 significari
1008 2559 1093 2601 puto
1123 2557 1172 2598 (v,
1191 2567 1301 2600 supra
1328 2568 1361 2600 p.
1381 2555 1479 2598 733).
1526 2554 1604 2589 Nisi
1630 2556 1722 2589 forte
1748 2555 1856 2599 signi-

97 2611 224 2645 ficetur
244 2610 329 2644 Otto
348 2609 556 2643 Eisenreich
582 2621 662 2643 cum
688 2609 807 2653 aliquo
833 2609 914 2643 alio.
947 2608 1037 2643 Nam
1058 2609 1264 2643 Eisenreich
1291 2608 1352 2643 ille
1378 2609 1602 2643 monacensis
1629 2608 1707 2652 (qui
1733 2612 1857 2653 postea

99 2663 314 2698 Societatem
349 2663 429 2696 Iesu
465 2663 651 2705 ingressus
685 2665 802 2696 rector
827 2662 1052 2696 monacensis
1079 2665 1115 2695 et
1140 2664 1366 2705 augustanus
1392 2664 1499 2705 atque
1526 2661 1752 2706 praepositus
1779 2673 1856 2706 pro-

97 2716 263 2751 vincialis
282 2715 495 2750 Germaniae
522 2716 716 2759 superioris
742 2715 826 2759 fuit)
847 2715 984 2749 a.1565
1011 2715 1104 2748 inter
1126 2714 1269 2757 collegii
1295 2714 1490 2758 germanici
1517 2714 1742 2749 convictores
1767 2715 1856 2749 asci-

97 2772 157 2804 tus
183 2772 239 2804 est
260 2769 486 2813 (Steinhuber
511 2768 533 2802 l.
553 2780 581 2802 c.
611 2768 640 2801 12
659 2769 704 2802 54
732 2768 900 2810 72—73).
943 2766 1101 2809 Quocum
1129 2769 1283 2801 fortasse
1310 2768 1487 2811 Georgius
1514 2767 1556 2801 de
1583 2767 1857 2802 Stockhammer

101 2822 211 2865 (filius
246 2822 391 2865 Georgii
425 2820 672 2856 Stockhameri
710 2820 743 2865 [†
774 2820 896 2864 1555]‚
938 2820 1131 2854 consiliarii
1167 2820 1292 2854 bavari
1328 2824 1364 2854 et
1398 2820 1573 2854 curatoris
1606 2820 1857 2855 universitatis

98 2875 407 2919 ingolstadiensis)
443 2874 502 2908 vel
529 2874 696 2908 Evander
725 2873 952 2908 Schweicker
981 2873 1142 2914 (Henrici
1177 2873 1418 2908 Schweickeri
1453 2873 1488 2917 [†
1518 2873 1634 2916 1559]‚
1672 2874 1855 2908 secretarii

99 2928 234 2963 Alberti
256 2929 311 2968 V„
349 2928 444 2962 filius
470 2927 527 2961 vel
555 2928 709 2971 nepos‘?)
738 2927 837 2961 venit
865 2927 1093 2969 (Steinhuber
1119 2926 1142 2961 I.
1161 2938 1191 2960 c.
1218 2926 1249 2959 12
1275 2926 1444 2969 73—74),
1471 2926 1529 2960 vel
1556 2926 1663 2960 etiam
1683 2926 1856 2970 Virgilius

98 2981 349 3016 Prandstetter
384 2979 497 3023 (illius
534 2980 806 3021 Prandstetteri,
842 2980 902 3023 qui
930 2979 1067 3013 Alberti
1091 2979 1135 3013 V.
1162 2980 1396 3014 secretarium
1431 2979 1498 3013 hoc
1532 2982 1691 3024 tempore
1725 2979 1857 3024 agebat

102 3035 236 3078 [δοριξ
263 3033 431 3076 Beitriige
458 3036 524 3067 etc.
551 3033 621 3067 294
647 3032 732 3067 3302
758 3032 840 3076 360]
867 3031 962 3066 filius
974 3032 1029 3075 ‘?);
1057 3031 1114 3065 hic
1149 3035 1245 3066 certe
1280 3044 1300 3066 a
1327 3034 1467 3076 Nappio
1495 3032 1556 3074 (cf.
1583 3043 1692 3077 supra
1717 3044 1749 3077 p.
1770 3033 1853 3076 736)

101 3099 180 3121 cum
200 3086 442 3121 Eisenreichio
470 3088 505 3119 et
528 3085 786 3119 Stockhamero
814 3086 906 3119 inter
933 3086 1168 3125 convictores,
1195 3085 1304 3129 quia.
1326 3086 1414 3119 1565
1439 3085 1659 3126 advenerint,
1686 3096 1855 3119 memora-

100 3142 176 3181 tur;
205 3138 475 3175 Schweickerus
501 3150 587 3172 vero
614 3139 648 3172 in
675 3149 706 3173 a.
729 3139 818 3173 1566
844 3139 988 3183 ponitur
1009 3137 1179 3181 („Annali
1205 3138 1262 3172 del
1289 3138 1485 3172 Seminario
1514 3137 1546 3171 1⁸⁴
1569 3139 1610 3172 51
1640 3139 1684 3172 53
1711 3139 1755 3173 54
1782 3139 1855 3183 56).

100 3193 223 3237 Neque
249 3195 369 3228 tamen
396 3192 464 3226 hac
491 3192 524 3225 in
552 3203 590 3225 re
616 3191 747 3236 Nappii
772 3192 1015 3226 testimonium
1044 3202 1188 3236 prorsus
1214 3193 1351 3225 certum
1378 3195 1443 3225 est.
