2045 3471
201 176 286 217 416
364 173 464 207 1412.
493 171 657 206 Canisius
675 170 768 205 Frid.
789 181 809 204 a
822 170 1023 214 Wirsberg.
1050 169 1235 215 Herbipoli
1253 169 1346 203 inter
1364 169 1420 204 31.
1436 169 1557 203 Martii
1577 172 1612 203 et
1630 169 1662 203 2.
1677 169 1764 213 Apr.
1785 168 1886 203 1567.

204 291 467 334 adducendia
505 293 662 333 essent.
726 289 905 333 Maneat
944 289 1117 332 interim
1158 291 1272 331 fixus
1312 302 1467 342 scopus
1498 287 1874 330 Reuerendissimo
1915 290 1960 330 et

203 356 458 399 officialibus
499 354 590 397 eius
631 358 680 397 ut
720 355 904 409 primum
947 369 1076 408 quum
1118 354 1213 396 fieri
1253 355 1422 408 potest,
1467 352 1628 394 rectius
1668 351 1960 407 prospiciantb

203 421 418 474 ecclesijs,
466 420 533 461 inc
579 419 732 473 quibus
777 433 903 462 sacra
947 419 1135 472 indigne,
1184 421 1228 461 et
1275 431 1361 459 non
1408 417 1500 459 sine
1544 416 1838 460 ministrorum
1883 430 1959 458 ex-

202 485 589 528 communicatione
620 486 881 527 tractantur.

321 551 359 593 7.
403 550 644 604 Supersunt
683 549 803 603 tertij
846 548 1018 602 generis
1059 547 1229 601 aegroti
1269 547 1313 588 in
1355 546 1548 600 ecclesijs
1590 546 1845 600 collegiatis,
1888 545 1960 598 qui

201 629 359 668 graues
391 615 521 669 uulgo
555 617 681 657 notos
714 615 875 656 abusus
898 614 1114 663 adferunt,
1148 612 1370 667 plaerique
1402 625 1479 666 per
1500 611 1748 665 Symoniam
1770 610 1960 663 ingredi-

201 682 345 731 untur,
387 694 471 722 non
505 683 572 723 est
603 679 771 722 animus
805 678 1028 729 ecclesiae,
1070 677 1152 720 nisi
1184 677 1238 719 ad
1278 680 1450 731 tempus
1481 679 1659 730 propter
1699 677 1864 718 lucrum
1895 675 1960 717 in-

201 745 429 796 seruiendi,
464 745 670 788 omittunt
702 744 831 786 horas
855 743 1087 786 canonicas
1119 743 1381 797 persoluere,
1414 741 1548 796 pudet
1569 743 1745 794 gestare
1766 740 1959 783 habitum

202 810 554 861 ecclesiasticum,
588 824 638 852 ac
671 809 803 852 etiam
836 809 1008 862 quidam
1043 807 1238 850 canonici
1270 811 1314 850 et
1346 806 1498 849 decani
1527 806 1680 848 nolunt
1702 805 1959 856 sacrificare,

202 878 278 918 aut
310 876 559 918 sacerdotes
601 874 726 917 effici.
790 874 1154 916 Jntermittuntur
1194 886 1320 914 sacra
1361 874 1406 914 et
1451 871 1536 913 alia
1566 871 1716 920 multa,
1761 884 1870 923 quae
1902 870 1959 925 pij

202 941 457 983 fundatores
497 941 540 982 in
582 940 726 982 diuino
769 939 887 981 cultu
929 938 1123 981 exerceri
1157 938 1401 987 uoluerunt,
1444 935 1557 978 domi
1598 938 1751 990 aperta
1790 935 1960 977 illorum

201 1005 425 1059 turpitudo
460 1005 664 1055 cernitur,
700 1004 806 1055 ocio,
840 1004 975 1055 luxui,
1010 1003 1226 1057 crapulae,
1261 1006 1305 1044 et
1337 1002 1459 1044 aleae
1491 1004 1664 1051 uacant,
1698 1001 1800 1042 sunt
1831 1013 1961 1055 saepe

203 1070 366 1113 ciuibus
388 1070 715 1120 inhonestiores,
741 1069 956 1111 delectum
980 1068 1183 1117 ciborum,
1217 1070 1261 1110 et
1283 1066 1553 1121 praescripta
1575 1065 1782 1108 ecclesiae
1804 1065 1960 1107 ieiunia

201 1150 284 1177 non
317 1135 409 1177 sine
442 1149 599 1188 magno
633 1134 836 1177 scandalo
869 1133 1098 1187 negligunt
1130 1136 1174 1175 et
1206 1135 1488 1175 contemnunt
1503 1133 1530 1174 1.

321 1201 361 1244 8.
395 1200 580 1242 Difficile
612 1199 783 1253 quidem
817 1198 873 1241 sit
903 1199 1054 1240 horum
1086 1201 1329 1251 temporum
1363 1197 1591 1239 canonicos
1614 1198 1659 1238 et
1690 1195 1875 1238 uicarios
1907 1195 1961 1237 ad

204 1265 391 1308 officium
424 1279 644 1307 reuocare.
700 1265 783 1307 Sed
817 1263 979 1317 aliquid
1001 1267 1149 1306 tamen
1174 1263 1242 1304 hic
1266 1263 1523 1313 efficeretur,
1557 1262 1593 1304 si
1615 1261 1815 1303 meliores
1837 1274 1963 1315 prae-

201 1331 309 1373 lati2
341 1331 383 1372 in
415 1330 658 1372 huiusmodi
685 1329 880 1383 ecclesijs
903 1329 1178 1382 eligerentur,
1212 1327 1247 1369 si
1281 1327 1407 1369 electi
1431 1327 1484 1369 de
1507 1327 1729 1381 oportunis
1761 1325 1962 1380 remedijs

203 1396 456 1438 adhibendis
479 1411 505 1438 a
528 1394 904 1437 Reuerendissimo
929 1394 1276 1443 admonerentur,
1301 1393 1370 1434 uel
1391 1392 1435 1434 in
1457 1392 1603 1445 aliqua
1625 1390 1963 1444 congregatione

202 1461 316 1504 inter
348 1474 394 1503 se
426 1460 508 1515 ipsi
542 1460 803 1509 conferrent,
843 1461 1052 1512 quantum
1085 1458 1165 1500 hoc
1207 1457 1375 1511 quidem
1407 1460 1603 1511 tempore
1635 1470 1660 1498 a
1700 1455 1788 1498 suis
1828 1455 1962 1510 impe-

201 1526 309 1568 trari
343 1539 469 1579 posse
501 1528 719 1580 putarent.
772 1525 888 1567 Nam
920 1524 955 1565 si
988 1523 1051 1565 ita
1084 1523 1406 1565 dissimulanter
1437 1522 1480 1563 in
1514 1522 1634 1576 peius
1656 1521 1775 1563 abire
1807 1523 1961 1563 cuncta

201 1591 506 1645 permittimus,
552 1604 632 1632 nec
673 1590 805 1632 ullam
846 1588 1113 1631 curationem
1156 1588 1422 1638 adhibemus,
1466 1590 1585 1629 certo
1628 1586 1786 1629 certius
1827 1586 1960 1627 iram

201 1655 298 1697 Dei
330 1656 482 1709 magis,
517 1655 740 1708 magisque
773 1654 1179 1708 prouocamus3‚
1214 1655 1258 1694 et
1280 1652 1415 1695 ueluti
1437 1652 1628 1706 gladium
1652 1651 1803 1693 damus
1825 1650 1960 1693 hosti-

201 1722 293 1772 bus,
337 1735 419 1774 quo
453 1722 497 1762 et
529 1721 724 1774 nosipsos
766 1720 940 1769 feriant,
984 1721 1027 1760 et
1069 1717 1294 1760 ecclesiam
1336 1717 1520 1772 perdant
1560 1716 1767 1766 funditus,
1813 1716 1960 1758 iusto

203 1786 287 1827 dei
319 1785 569 1835 iudicio4‚
605 1788 653 1827 ut
684 1785 812 1839 plane
844 1784 998 1826 timent
1031 1783 1262 1837 sapientes.

321 1853 358 1893 9.
402 1851 635 1892 Prodesset
678 1849 822 1900 etiam,
865 1849 901 1890 si
934 1863 959 1890 a
991 1847 1216 1890 Canonicis
1256 1861 1385 1900 quum
1425 1844 1636 1901 primumd
1668 1848 1958 1896 assumuntur,

200 1915 412 1970 professio
436 1917 557 1958 certa
578 1915 676 1956 fidei
710 1913 948 1957 catholicae
972 1913 1235 1966 exigeretur,
1270 1915 1499 1966 praeterea
1532 1911 1591 1953 sie
1614 1911 1796 1964 diligens
1829 1911 1960 1952 habe-

200 1983 322 2024 retur
353 1981 592 2023 studiorum
634 1980 760 2030 ratio,
804 1982 849 2021 et
889 1979 1093 2028 locorum,
1136 1978 1178 2018 in
1220 1977 1373 2030 quibus
1409 1976 1603 2031 juniores
1640 1975 1834 2017 canonici
1874 1975 1961 2017 sint

200 2046 467 2089 instituendi.
522 2046 704 2087 Demuni
736 2045 770 2086 si
805 2043 1035 2097 quotannis
1059 2042 1209 2084 decani
1241 2055 1415 2083 suorum
1439 2041 1646 2091 defectus,
1681 2043 1725 2082 et
1757 2054 1961 2082 excessus

201 2111 386 2154 maiores
409 2113 684 2160 annotarent,
711 2107 776 2163 [et
797 2107 1073 2162 annotatos]f
1099 2122 1192 2149 cum
1216 2106 1591 2149 Reuerendissimo
1614 2105 1683 2148 uel
1705 2105 1960 2147 officialibus

203 2176 294 2218 eius
317 2176 578 2218 conferrent.
621 2175 735 2217 Nam
759 2174 857 2215 hinc
880 2174 1011 2215 timor
1032 2173 1221 2215 fortasse
1244 2171 1399 2224 aliquis
1422 2171 1675 2224 quibusdam
1698 2170 1959 2223 inijceretur,

203 2241 326 2295 probi
357 2254 459 2282 uero
492 2240 653 2283 rectius
685 2240 728 2281 in
762 2238 902 2281 officio
936 2237 1296 2281 continerentui·‘³.

325 2308 390 2348 10.
425 2305 634 2355 Quartum
666 2305 932 2346 infirmorum
955 2316 1092 2356 genus
1114 2302 1157 2343 in
1178 2300 1453 2354 monasterijs
1475 2300 1702 2354 reperitur,
1737 2299 1808 2341 ubi
1830 2299 1958 2353 pleri-

203 2384 284 2423 que
316 2370 408 2412 sine
441 2369 664 2423 religione,
708 2369 800 2410 sine
833 2368 983 2410 ordine
1016 2369 1060 2409 et
1092 2367 1244 2420 regula
1275 2366 1474 2408 uiuentes
1505 2364 1743 2418 promissae
1774 2377 1957 2417 pauper-

320 2451 348 2483 a)
370 2452 416 2475 Ita
436 2453 510 2475 recte
531 2451 574 2481 R;
594 2448 763 2475 abducendi
783 2450 851 2474 AB.
938 2446 968 2479 b)
988 2446 1183 2480 prospioeant
1203 2448 1236 2471 R.
1329 2446 1354 2477 c)
1376 2447 1436 2471 Hoc
1455 2453 1479 2470 v.
1500 2446 1578 2470 deest
1596 2445 1629 2469 in
1647 2445 1709 2469 BR.
1801 2442 1830 2473 d)
1853 2450 1957 2476 quam-

203 2493 333 2525 primum
353 2493 387 2517 R.
461 2492 488 2523 e)
510 2491 534 2516 si
555 2491 696 2524 praterea
716 2492 750 2515 R.
818 2489 846 2521 f)
868 2490 946 2514 Haec
966 2490 983 2513 2
1003 2496 1044 2513 vv.
1063 2489 1198 2520 supplevi
1218 2496 1253 2513 ex
1273 2489 1306 2513 B.
1375 2488 1405 2519 g)
1428 2488 1504 2517 Quae
1524 2489 1694 2518 sequuntur,
1713 2485 1745 2510 in
1764 2486 1790 2510 B
1809 2485 1921 2510 desunt.

325 2576 334 2595 ¹
360 2576 399 2609 In
426 2575 504 2620 ipsa
530 2574 617 2608 urbe
635 2573 874 2617 herbipolensi
894 2573 914 2607 3
934 2572 1126 2606 exstabant
1153 2570 1326 2605 ecclesiae
1352 2569 1584 2612 collegiatae:
1610 2568 1798 2612 Equestris
1817 2567 1851 2601 S.
1871 2568 1957 2602 Bur-

204 2628 336 2669 ohardi,
374 2628 562 2672 utriusque
600 2627 634 2661 S.
670 2626 812 2660 Ioannis
849 2625 884 2659 in
921 2624 1062 2668 Haugis
1102 2623 1253 2667 (Haug),
1291 2623 1384 2657 Novi
1422 2620 1632 2656 Monasterii
1671 2619 1957 2664 (Neumunster).

204 2682 404 2716 Fridericus
443 2692 463 2715 a
488 2680 679 2723 WVirsberg
713 2679 902 2724 episcopus
936 2677 1069 2712 litteris
1105 2688 1136 2711 a.
1166 2676 1256 2711 1568
1294 2676 1339 2710 ad
1375 2675 1572 2720 capitulum
1608 2672 1812 2707 cathedrale
1837 2673 1959 2708 missis

203 2735 434 2769 vehementer
460 2733 695 2778 querebatur:
724 2731 968 2776 Capitulorum
994 2730 1212 2764 cathedralis
1239 2732 1275 2763 et
1292 2728 1507 2772 reliquorum
1528 2726 1715 2761 canonicos
1733 2726 1958 2770 vicariosque

204 2789 311 2831 atque
337 2786 443 2821 etiam
471 2786 562 2820 alios
588 2785 853 2820 ecclesiasticos
878 2783 914 2817 in
940 2783 1038 2817 horis
1064 2782 1245 2817 canonicis
1270 2780 1464 2815 recitandis
1482 2780 1588 2814 valde
1612 2778 1839 2821 negligentes
1858 2789 1955 2819 esse;

206 2851 264 2873 eos
298 2851 338 2873 eo
369 2839 422 2873 uti
448 2839 594 2879 vestitu,
630 2849 699 2882 quo
733 2849 753 2871 a
788 2837 890 2871 laicis
924 2848 993 2870 non
1029 2835 1314 2878 distinguantur;
1352 2845 1441 2874 esse,
1476 2832 1535 2877 qui
1561 2832 1624 2865 vix
1659 2830 1770 2865 semel
1803 2831 1957 2874 singulis

206 2892 318 2933 annis,
345 2896 380 2926 et
406 2904 495 2933 esse,
522 2892 582 2935 qui
608 2902 791 2935 nunquam
817 2900 958 2924 sacram
985 2887 1239 2922 eucharistiam
1265 2888 1427 2927 sumant;
1454 2884 1608 2919 vicarios
1634 2883 1752 2928 palam
1770 2885 1894 2918 vivere
1921 2884 1955 2917 in

206 2944 461 2984 concubinatu;
489 2943 706 2978 cathedralis
733 2946 769 2977 et
793 2942 944 2976 aliarum
972 2941 1203 2976 ecclesiarum
1232 2939 1462 2974 canonicatus
1481 2937 1621 2980 aliaque
1640 2936 1811 2970 beneficia
1837 2936 1954 2981 palam

205 2997 311 3029 vendi
338 2999 373 3030 et
399 2997 467 3030 emi
493 2999 561 3031 etc.
590 2997 645 3040 (C.
672 2997 812 3040 Braun,
840 2994 1111 3037 Heranbildung
1138 2994 1152 3027 I
1182 2992 1394 3034 151—153).

324 3049 337 3068 2
364 3049 508 3090 Decani,
535 3049 728 3094 praepositi
755 3051 822 3082 etc.

325 3101 337 3120 ³
363 3101 423 3134 Iob
450 3102 503 3142 36,
533 3102 585 3135 13.
638 3101 691 3135 Cf.
717 3101 765 3135 Dt
790 3102 822 3142 4,
849 3101 912 3140 25;
940 3101 972 3141 9,
1001 3100 1062 3139 18;
1090 3099 1110 3133 3
1138 3099 1194 3142 Rg
1222 3098 1274 3138 14,
1301 3098 1321 3131 9
1349 3099 1415 3130 etc.

325 3154 336 3172 4
363 3152 451 3186 Rom
479 3154 510 3191 2,
539 3155 568 3187 5.
620 3155 640 3186 2
666 3153 780 3187 Thess
810 3154 838 3194 1,
865 3154 897 3186 5.
