2045 3471
298 202 399 237 1429.
426 202 591 237 Canisius
617 203 800 237 Leonardo
827 201 965 237 Kessel.
1007 201 1152 244 Dilinga
1179 201 1234 236 29.
1254 201 1389 247 Aprilis
1410 201 1512 236 1567.
1708 203 1794 242 443

37 322 325 376 specialmente
356 323 387 363 il
422 322 598 375 Colleqio
632 323 682 364 a'e
714 321 907 376 Dilinqa,
953 326 988 362 et
1017 335 1094 375 per
1126 320 1460 362 consideratione
1494 321 1540 361 cli
1581 324 1720 374 questo
1763 325 1797 360 et

31 399 138 440 poca
169 400 379 439 speranza·
402 387 473 428 clere
495 388 632 441 quella
656 387 888 428 Prouincia
906 386 1023 440 possi
1041 385 1274 439 proaedere
1296 386 1359 426 ala
1383 385 1559 439 Colleyio
1582 385 1622 425 cl’
1639 384 1796 425 Herbi-

30 451 119 504 poli
150 463 224 492 son
256 456 403 491 venuto
436 452 462 491 (ἰ
495 451 826 504 determinarmi,
862 452 919 492 da
952 452 1039 492 mia
1064 454 1203 504 parte,
1238 450 1309 490 che
1341 450 1434 504 quel
1466 450 1629 504 colleyz'o
1661 450 1727 490 sia
1751 449 1797 489 cli

35 518 179 568 questa
211 515 445 556 Prouincia
479 516 545 557 olel
577 514 763 558 Rlzeno.“

153 579 348 621 Eandem
383 579 549 621 Canisz'i
582 582 799 635 epistulam
839 580 1077 635 siynificare
1123 579 1290 620 violetur
1325 579 1372 620 P.
1406 579 1618 619 Antonius
1651 578 1795 630 Vincla·7

32 645 275 698 provinciae
305 644 523 685 rhenanae
550 646 767 687 Societatis
797 645 1076 699 praepositus,
1110 657 1202 684 omn
1230 643 1422 684 Treveris
1455 644 1523 684 10.
1548 642 1660 683 Maii
1682 644 1798 684 1567

36 708 219 763 Borqiae
259 710 428 750 scribit:
479 709 660 758 „Adesso
702 715 821 751 torno
855 724 880 751 a
912 711 1098 751 scrinere
1123 723 1204 762 per
1236 709 1449 749 occasione
1481 707 1551 748 clze
1584 707 1660 748 alli
1693 708 1719 747 ‘7
1752 707 1799 747 di

35 778 187 828 questo,
235 775 280 815 oli
321 774 483 828 dilinya
525 775 727 816 mandato
768 773 828 815 etb
860 772 931 828 [ἓ]
963 775 1160 815 arriuato
1192 774 1323 828 quia
1355 777 1518 813 treuere
1558 772 1589 812 il
1627 771 1797 823 fratello

36 838 110 880 .M.
143 839 322 893 Symone
352 839 597 891 Leodiense,
632 853 718 880 coin
751 840 888 881 lettere
922 839 987 880 del
1010 839 1061 880 R.
1086 838 1135 880 P.
1162 838 1346 890 Canisio,
1381 838 1485 878 nelle
1517 837 1639 891 quale
1662 837 1799 877 seriae

34 903 69 944 le
101 905 310 958 trauaqlie
344 904 390 945 dt
421 905 557 959 quella
590 917 670 945 sua
692 904 919 945 Prozttntia
954 908 988 944 et
1020 904 1358 945 massimamente
1391 903 1522 957 quelle
1553 901 1624 942 che
1654 906 1799 942 tocano

36 968 112 1009 alli
143 968 357 1023 Maqistri,
396 983 476 1023 per
516 970 616 1023 qual
657 983 789 1010 causa
830 973 866 1010 et
903 983 978 1023 per
1011 969 1116 1010 altre
1147 966 1279 1019 (come
1306 967 1456 1022 penso)
1489 967 1520 1008 il
1552 966 1800 1008 Reuerendo

37 1033 85 1074 P.
118 1032 267 1075 Nadal
297 1034 353 1075 ha
389 1033 497 1086 fatto
540 1034 887 1075 determinatione
928 1033 998 1074 che
1038 1034 1068 1074 z'l
1108 1033 1272 1086 colleyz‘o
1316 1032 1361 1073 da·
1402 1031 1608 1086 herbipoli
1649 1032 1712 1073 sia
1757 1031 1801 1071 di

35 1102 182 1151 questa
208 1100 440 1152 prouincia
476 1099 542 1140 del
577 1099 754 1151 Rhenffi,
789 1100 827 1139 si
851 1099 1029 1153 piacet-a
1062 1099 1147 1140 alla
1180 1098 1230 1140 P.
1264 1098 1310 1138 V.
1345 1095 1605 1138 accettarlo.“

155 1173 266 1207 Vincla
299 1172 388 1207 haec
423 1173 570 1207 *addin
612 1172 709 1214 „Non
745 1172 927 1206 dubitamo
959 1172 1024 1206 che
1050 1171 1092 1206 V.
1120 1171 1160 1206 P.
1195 1183 1266 1206 non
1291 1172 1461 1205 mancara
1487 1170 1521 1204 di
1547 1170 1696 1204 mandar
1730 1180 1801 1203 vno

34 1224 202 1269 theologo
237 1228 273 1260 et
303 1225 526 1271 phylosopho
559 1226 593 1260 di
619 1225 731 1259 Roma
767 1238 786 1259 o
819 1225 1018 1259 d'altroued
1053 1237 1116 1270 per
1146 1224 1323 1270 herbipolj
1351 1227 1386 1258 et
1413 1223 1507 1258 dalla
1533 1223 1720 1257 Prouintia
1746 1221 1802 1255 del

38 1278 247 1312 Reuerendo
272 1279 311 1314 P.
340 1279 481 1313 Canisio
509 1291 578 1313 vno
604 1278 752 1313 Rettore
788 1281 824 1312 et
849 1278 1039 1312 Rhetorico
1066 1281 1102 1312 et
1127 1277 1280 1322 qualche
1307 1277 1401 1312 altra
1426 1288 1577 1322 persona
1604 1276 1637 1310 di
1664 1275 1801 1320 qualita

35 1342 135 1365 come
168 1331 218 1365 mi
252 1332 298 1366 ha
333 1332 431 1366 detto
466 1332 490 1366 il
517 1332 557 1366 R.
585 1332 624 1366 P.
661 1332 768 1366 nadal
803 1334 838 1365 et
873 1332 977 1366 eredo
1013 1332 1130 1365 scriue
1160 1331 1232 1365 alla
1258 1331 1297 1365 P.
1325 1330 1380 1372 V.⁷
1407 1342 1521 1375 spero,
1548 1329 1613 1364 che
1639 1329 1664 1363 il
1691 1329 1731 1363 R.
1759 1328 1799 1362 P.

35 1384 169 1419 canisio
203 1384 236 1419 lo
270 1385 350 1419 fara
383 1385 493 1419 molto
523 1384 791 1429 allegramente,
818 1384 1002 1429 potendosi
1028 1384 1207 1418 scaricare
1233 1384 1267 1418 di
1293 1383 1344 1418 tal
1370 1383 1530 1427 collegio,
1558 1382 1706 1417 dandosi
1732 1382 1799 1416 due

37 1449 56 1471 ο
82 1440 137 1471 tre
163 1440 344 1482 persone.“

154 1491 254 1525 Haec
288 1503 428 1535 quoque
463 1503 508 1526 ex
540 1491 694 1536 epistula
720 1491 872 1529 Natalis.
908 1502 1016 1535 quam
1051 1491 1136 1531 dixi,
1172 1489 1449 1534 intelleguntur:
1485 1489 1627 1524 Natalis
1656 1488 1797 1522 animus

35 1543 188 1578 multum
214 1544 357 1588 quidem
383 1544 579 1579 inclinabat
605 1545 650 1579 ad
667 1545 874 1579 Damerium
900 1545 1024 1578 statim
1052 1556 1095 1578 ex
1123 1543 1300 1578 Societate
1327 1542 1599 1587 expellendum;
1626 1543 1796 1582 attamen,

35 1596 119 1640 quia
145 1597 259 1631 omnis
285 1597 361 1631 eius
386 1597 596 1631 emendandi
622 1609 705 1642 spes
730 1598 885 1631 nondum
913 1599 1120 1637 evanuerat,
1148 1596 1306 1631 Parisios
1332 1607 1412 1630 eum
1439 1596 1547 1637 misit,
1574 1595 1613 1629 P.
1641 1593 1798 1628 Oliverio

35 1649 204 1684 Manareo
219 1650 391 1684 Franciae
408 1650 620 1695 provinciali
638 1650 861 1695 permittens,
880 1652 920 1684 ut
938 1661 1017 1684 eum
1036 1649 1096 1686 vel
1114 1661 1235 1684 secum
1253 1649 1435 1690 retineret,
1454 1648 1513 1682 vel
1530 1647 1798 1693 peregrinatum

35 1702 203 1745 mitteret,
239 1703 297 1737 vel
333 1715 377 1737 ex
412 1703 590 1738 societate
625 1703 832 1738 dimitteret.
892 1703 1082 1737 Damerius
1115 1702 1392 1747 Compostellam
1431 1701 1653 1746 peregrinari
1691 1703 1798 1744 atque

35 1755 143 1789 etiam
169 1756 349 1800 Dilingam
385 1757 500 1791 redire
535 1757 654 1801 ibique
689 1757 944 1802 paenitentiam
980 1768 1087 1800 agere
1113 1759 1262 1801 paratus
1288 1757 1365 1790 erat
1392 1754 1430 1799 (l.
1457 1767 1487 1790 c.
1515 1755 1539 1789 f.
1565 1755 1660 1789 434³.
1709 1754 1796 1799 Epp.

35 1809 158 1843 Nadal
183 1810 234 1844 III
258 1810 356 1854 472).

155 1862 210 1896 Ex
228 1862 372 1897 Vinckii
397 1863 530 1898 litteris
555 1863 676 1908 aliqua
701 1864 840 1898 ratione
867 1863 1021 1897 efficitur
1046 1862 1253 1903 verisimile,
1280 1861 1462 1896 Canisium
1489 1862 1611 1896 eodem
1638 1863 1798 1905 tempore

38 1917 145 1959 atque
171 1916 297 1950 iisdem
324 1916 399 1951 fere
426 1917 469 1951 de
494 1916 601 1951 rebus
627 1917 737 1951 etiam
763 1917 807 1951 ad
834 1916 1027 1951 Vinckium
1053 1916 1253 1961 scripsisse.

41 2026 192 2064 1429.
291 2028 506 2064 CANISIUS
537 2027 597 2064 P.
625 2026 996 2064 LEONARDO
1025 2026 1294 2063 KESSEL
1322 2026 1376 2063 S.
1403 2026 1475 2070 J„
1501 2026 1631 2061 rectori
1658 2026 1800 2070 collegii

229 2082 453 2116 coloniensis.
1230 2080 1375 2124 Dilinga
1402 2081 1458 2115 29.
1485 2080 1621 2125 Aprilis
1650 2080 1751 2114 1567.

158 2147 212 2181 Ex
246 2146 454 2192 archetypo,
481 2146 614 2181 Canisii
649 2147 762 2192 ipsius
792 2158 899 2181 manu
926 2145 1129 2191 subscripto
1158 2145 1230 2188 (20;
1261 2146 1325 2188 1¹s2
1353 2157 1432 2190 pp.:
1464 2145 1498 2178 in
1525 2158 1557 2190 p.
1584 2145 1606 2178 4
1632 2145 1738 2178 inser.
1766 2147 1801 2179 et

39 2211 122 2244 pars
149 2199 246 2244 sig).
298 2199 381 2234 Cod.
408 2200 519 2234 colon.
551 2200 659 2245 „Epp.
696 2200 739 2234 ad
767 2200 870 2234 Kess.
898 2200 932 2233 I“
963 2199 987 2233 f.
1019 2199 1095 2234 190.
1146 2198 1293 2242 Aliquot
1328 2198 1503 2243 epistulae
1534 2197 1731 2242 particulas
1757 2209 1800 2231 ex

39 2253 234 2298 archetypo
261 2253 382 2298 posuit
407 2254 553 2287 Hansen
581 2253 604 2287 l.
633 2265 660 2287 c.
692 2253 787 2288 552⁴.

159 2319 330 2362 Belyz'am.
384 2319 542 2352 Colonia.
598 2318 787 2361 Colleqizcm
816 2318 1010 2351 coloniense
1035 2328 1056 2349 a
1083 2318 1122 2350 P.
1149 2317 1278 2350 Natale
1303 2317 1491 2349 visitatum.
1546 2316 1727 2348 Oramlum
1755 2320 1802 2348 est

35 2382 107 2414 pro
135 2372 238 2404 Socr'o
274 2376 410 2405 mortuo
446 2376 475 2404 et
504 2382 576 2414 pro
602 2372 641 2404 P.
673 2371 888 2404 sl'lzeodore'w
926 2370 1070 2404 Oanisz‘o
1105 2371 1301 2413 lanynente.
1355 2370 1628 2403 Comnwndatm·
1666 2369 1805 2402 Cantsic

41 2436 147 2468 nepos
173 2425 334 2458 Parisios
367 2426 485 2458 {tetrus
520 2429 548 2457 et
585 2426 760 2467 nefflote'um
788 2425 824 2457 P.
854 2424 1019 2457 Haivodi.
1071 2424 1135 2457 Fr.
1164 2424 1336 2456 Matthias
1362 2423 1492 2456 Ises-sel.
1547 2422 1662 2455 Gotha
1688 2427 1801 2465 capta,

41 2478 181 2511 rebelles
213 2479 335 2521 puniti
368 2482 460 2510 sunt.
514 2478 702 2520 Philippus
733 2478 782 2511 II.
834 2477 920 2510 Pius
946 2477 982 2509 V.
1037 2478 1125 2509 Acta
1160 2477 1390 2510 conciliorum
1428 2478 1463 2508 in
1499 2486 1597 2507 nsum
1634 2475 1671 2507 P.
1699 2476 1804 2508 Sarii

42 2531 173 2564 Romae
198 2532 431 2573 transcripta.

845 2578 1008 2619 Ihesus.

555 2642 648 2684 Pax
681 2642 838 2684 Christi
871 2642 1124 2684 Reuerende
1157 2641 1301 2684 Pater.

163 2713 338 2756 Gratias
379 2713 547 2765 agimus
589 2713 703 2763 Deo,
747 2713 819 2766 qui
859 2713 1117 2766 tranquillat
1158 2725 1316 2765 graues
1358 2716 1499 2752 motus
1540 2710 1582 2751 in
1624 2711 1800 2764 Belgico

45 2781 87 2820 et
126 2778 336 2820 hactenus
376 2779 578 2832 potenter
610 2777 804 2820 defendit
841 2780 885 2819 et
918 2777 1106 2819 custodit
1138 2776 1289 2829 Remp.
1323 2774 1631 2817 Coloniensem.
1696 2776 1802 2830 Spe-

44 2856 189 2884 ramus
230 2842 361 2885 etiam
404 2845 598 2884 uestrum
629 2841 868 2895 Collegium
912 2841 1072 2883 habere
1113 2840 1264 2881 melius
1306 2842 1404 2893 post
1444 2839 1603 2882 multas
1643 2853 1802 2893 graues

44 2906 370 2949 exhortationes
403 2908 446 2948 et
477 2905 726 2960 spirituales
758 2905 1089 2955 consolationes,
1124 2918 1231 2956 quas
1263 2904 1310 2946 P.
1334 2903 1387 2946 N.
1418 2903 1692 2946 Visitatorisl
1725 2905 1801 2947 ad-

44 2974 200 3014 uentus
232 2971 354 3012 uobis
387 2970 548 3013 attulit.

164 3051 191 3081 a)
213 3051 259 3075 Ita
279 3051 309 3075 *in
330 3052 436 3076 archer.
457 3054 614 3076 correctum
635 3055 675 3075 est
696 3057 732 3074 ea:
751 3049 800 3074 all.
878 3048 908 3080 b)
930 3049 994 3079 sik,-
1020 3046 1056 3073 b?
1129 3050 1154 3079 c)
1182 3048 1239 3072 Sex
1262 3055 1301 3072 ιϊ.
1322 3056 1379 3079 sqq.
1400 3048 1429 3072 in
1452 3048 1582 3080 maryine
1602 3049 1704 3074 addita
1724 3053 1800 3074 sunt.

46 3089 76 3121 d)
98 3092 161 3116 Duo
181 3100 223 3116 vv.
243 3100 301 3123 sqq.
322 3100 413 3124 supra
436 3100 550 3117 rer-sam
570 3091 680 3123 scripta
701 3094 777 3115 sunt.

170 3184 179 3204 ¹
205 3183 414 3229 Hieronymi
427 3184 587 3224 Natalis;
604 3184 648 3218 cf.
662 3185 805 3217 Hans-en
825 3182 848 3217 l.
865 3194 893 3216 c.
913 3183 991 3223 545,
1011 3185 1045 3216 et
1064 3182 1151 3227 hipp.
1170 3183 1292 3216 Nadal
1313 3182 1360 3216 111
1378 3182 1583 3223 405—406;
1601 3183 1799 3218 427—431.
