2045 3471
206 211 306 245 1342.
332 210 573 254 Hieronymus
600 207 741 242 Natalis
768 205 921 241 Canisio.
974 205 1075 240 1343.
1104 203 1269 239 Canisius
1295 203 1513 248 Hieronymo
1538 201 1670 236 Natali.
1737 204 1819 245 291

63 329 174 371 enbie,
201 330 278 362 esto
305 326 442 362 escriuo
462 325 739 371 especialmente
765 335 899 369 porque
926 323 958 357 el
984 322 1093 368 padre
1114 321 1256 356 Canisio
1275 333 1330 355 me
1349 321 1382 355 lo
1400 321 1446 354 ha
1473 320 1673 364 encargado
1695 319 1823 353 mucho

62 394 150 428 para
176 393 244 426 que
270 379 455 415 veniendo
481 381 578 413 estos
604 390 643 412 se
669 378 810 422 puedan
837 377 952 411 inbiar
976 377 1030 410 los
1054 376 1255 410 Veteranos
1282 386 1350 418 que
1376 374 1456 408 leen
1482 386 1501 408 a
1528 373 1687 408 estudiar
1713 372 1823 406 facul-

61 436 164 470 tades
190 434 376 479 mayores“
408 432 470 476 (ex
496 431 694 476 archetypo
721 442 741 464 a
768 430 807 465 P.
826 430 961 464 Didaco
988 429 1149 463 Jimenez
1176 428 1208 462 S.
1229 428 1260 461 J.
1288 427 1423 472 scripto
1450 429 1486 460 et
1512 427 1556 461 ab
1591 428 1668 471 ipso
1694 425 1824 460 Natale

63 488 277 532 subscripto,
304 485 397 530 quod
424 487 480 519 est
505 485 541 518 in
568 484 652 518 Cod.
683 483 786 526 „EN“
817 495 850 517 n.
882 483 966 523 145;
994 482 1103 516 etiam
1129 482 1164 515 iu
1192 480 1280 525 Epp.
1300 481 1422 513 Nadal
1450 479 1500 513 111
1528 478 1743 523 198—199).

180 539 332 584 Borgias
359 538 501 573 canisio
527 537 710 582 respondit
737 537 768 570 3.
787 535 1009 581 Septembris
1037 535 1137 569 1566.

64 655 215 692 1342.
313 653 374 690 P.
393 649 849 688 HIERONYMUS
877 648 1194 692 NATALIS,
1222 649 1412 684 Societatis
1430 648 1606 688 visitator,
1627 647 1825 682 CANISIO.

931 703 1142 738 Vindobona
1167 703 1233 736 sub
1259 702 1400 736 initium
1426 713 1472 735 m.
1491 701 1648 744 Augusti
1677 701 1777 735 1566.

185 772 242 807 Ex
266 771 407 806 Natalis
433 771 477 805 ad
503 770 674 814 Borgiam
701 768 855 813 epistula
881 767 1089 812 archetypa,
1117 779 1136 801 a
1163 767 1202 800 P.
1229 766 1364 800 Didaco
1391 766 1551 800 Jimenez
1578 766 1610 800 S.
1631 766 1663 800 J.
1691 765 1827 810 scripta

65 830 101 862 et
126 827 171 861 ab
197 827 273 871 ipso
292 825 420 859 Natale
438 823 661 868 subscripta;
689 834 780 866 quae
807 823 930 855 exstat
955 821 989 854 in
1009 820 1092 854 Cod.
1117 820 1219 862 „EN“
1245 832 1278 854 n.
1301 820 1364 853 141
1393 822 1429 853 et
1454 819 1607 864 primum
1635 831 1680 853 ex
1705 819 1826 853 arche-

64 885 151 927 typo
178 879 273 914 edita
300 881 355 913 est
380 878 415 912 in
442 877 530 922 Epp.
558 877 680 910 Nadal
706 876 755 909 ΠΙ
782 875 981 909 206-208.

184 945 237 978 De
256 944 477 987 profectione
500 952 578 975 saa.
630 942 674 974 Se
700 944 845 973 execante
871 951 913 972 m.
943 939 1137 982 Septembri
1167 939 1390 981 Oem'pontem
1416 941 1613 971 venturam.

185 997 327 1031 Natalis
353 995 561 1029 Vindobona
589 996 621 1027 4.
648 994 804 1037 Anyusti
831 995 922 1025 1566
951 992 1098 1025 Romam
1125 992 1171 1024 ad
1196 992 1369 1034 Borffl'am
1394 991 1551 1024 rettulit:
1586 991 1630 1023 Se
1656 992 1711 1024 27.
1739 990 1828 1023 Iulii·

67 1052 310 1085 Vimlobonam
346 1050 523 1083 advectum
563 1058 642 1090 esse,
680 1047 744 1080 sub
772 1049 825 1079 10.
855 1046 903 1078 rel
932 1048 984 1079 12.
1012 1046 1168 1087 Auynsn·
1198 1046 1415 1087 Tyrnaviam
1452 1046 1601 1087 ituram,
1638 1045 1721 1077 inde
1750 1044 1828 1076 Olo-

66 1107 217 1139 mutium
238 1106 435 1148 petituram
461 1113 539 1135 esse.
576 1102 649 1145 „Di
674 1100 710 1133 ἰὰ
736 1099 876 1132 anslaro
904 1099 925 1131 ἁ
944 1099 1065 1141 Praya
1087 1109 1187 1131 aer-90
1214 1098 1241 1130 il
1265 1098 1333 1139 fine
1359 1098 1397 1130 di·
1415 1102 1532 1141 questo
1549 1108 1648 1139 mese,
1675 1102 1704 1130 et
1726 1108 1828 1140 spero

67 1159 106 1191 (ἷί
124 1162 255 1201 pnoter
279 1159 380 1190 esser’
400 1157 438 1189 di
462 1156 559 1189 uoltu
587 1155 624 1187 in
651 1153 847 1196 Jnsprach,
883 1152 919 1185 (ὶῐ
944 1153 1013 1193 fine
1039 1153 1077 1184 di
1104 1152 1291 1184 Settembre
1317 1161 1382 1184 con
1407 1151 1533 1183 Z'ae'ato
1559 1152 1708 1193 Diaino,
1737 1161 1829 1184 come

67 1211 110 1245 1ιό
137 1212 298 1244 ccnclzora
323 1211 444 1243 scritto
471 1209 507 1241 al
533 1208 651 1241 Padre
679 1203 860 1240 Canislo.“

186 1275 283 1308 idem
308 1274 452 1308 Natalis
477 1272 631 1316 Borgiae
657 1270 869 1304 Vindobona
898 1270 953 1304 10.
978 1268 1137 1312 Augusti
1167 1268 1274 1302 1566:
1307 1267 1369 1310 „El
1396 1267 1527 1302 desefio
1554 1269 1624 1301 mio
1652 1279 1690 1301 es
1715 1269 1829 1312 partir

68 1329 111 1362 de
136 1328 256 1370 Praga
282 1326 444 1360 mediado
471 1324 669 1360 Setiembre
696 1322 847 1357 derecho
880 1324 901 1356 a
926 1321 1111 1366 Iuspruch,
1147 1320 1284 1354 adonde
1320 1322 1463 1354 estaran
1498 1332 1545 1365 ya
1580 1320 1612 1354 el
1640 1320 1678 1354 P.
1707 1320 1828 1364 Lanoy

67 1393 92 1427 y
119 1381 152 1415 el
177 1381 216 1415 P.
245 1379 406 1414 Canisio“
438 1378 475 1422 (l.
504 1390 532 1412 c.
561 1377 659 1421 214).

69 1495 220 1533 1343.
319 1494 535 1530 CANISIUS
571 1493 632 1529 P.
659 1488 1075 1527 HlERssNYMO
1112 1488 1389 1531 NATALI,
1425 1489 1605 1523 visitatori
1641 1488 1831 1523 Societatis

235 1551 327 1584 Iesu.
1001 1544 1147 1587 Dilinga
1173 1543 1239 1577 sub
1265 1543 1405 1576 initium
1431 1554 1477 1576 m.
1496 1543 1653 1586 Augusti
1682 1543 1782 1577 1566.

188 1615 244 1649 Ex
268 1613 425 1657 imagine
450 1611 745 1658 photographica,
773 1611 815 1644 de
842 1621 913 1653 qua
939 1608 1033 1642 infra
1059 1620 1092 1642 n.
1122 1608 1223 1641 1344.

188 1681 242 1714 De
267 1679 407 1722 colleyio
435 1676 622 1719 Hei-bipole'
649 1675 848 1708 incohando
875 1675 1016 1717 eiusque
1041 1675 1097 1706 rei
1121 1672 1403 1715 difficultatibus.

191 1734 358 1766 Canisias
383 1733 438 1764 (lie
465 1734 496 1764 9.
524 1731 680 1772 Anyustfi
707 1731 798 1762 1566
824 1728 975 1769 De'lz'nya
1000 1727 1260 1768 Inyolstadium
1286 1726 1460 1768 advectus,
1486 1725 1568 1757 ¹inde
1595 1727 1649 1758 10.
1677 1726 1830 1768 Auyzcstz'

70 1788 117 1820 ad
135 1787 306 1830 Boryiam
331 1786 573 1828 praepositam
599 1783 796 1826 ymen-alem
824 1781 968 1823 scripsit
994 1791 1070 1812 cum
1090 1780 1131 1812 de
1149 1780 1233 1812 aliis
1250 1779 1365 1822 rebus,
1391 1783 1465 1812 tum
1483 1779 1524 1811 de
1542 1779 1684 1820 colleyio
1702 1779 1828 1811 Herbi-

64 1841 144 1884 poli
169 1840 391 1880 incohando;
424 1842 528 1881 atque
555 1835 794 1878 herbipolense
819 1834 882 1866 hoc
909 1837 1013 1876 caput
1039 1833 1095 1865 his
1119 1833 1233 1865 verbis
1258 1833 1461 1865 terminavit
1471 1844 1482 1864 .·
1517 1832 1680 1875 „Scripsi
1709 1832 1750 1864 de
1775 1831 1830 1864 his

70 1895 117 1927 ad
144 1893 182 1927 P.
209 1894 445 1934 Visitatorem‚
472 1893 719 1932 expectaturus
745 1892 774 1920 et
802 1887 899 1920 illius
925 1891 955 1919 et
974 1887 1207 1929 paternitatis
1232 1886 1269 1918 V.
1297 1883 1539 1928 respomsmnf‘

190 1956 323 1991 Canisii
350 1956 394 1989 ad
418 1954 585 1989 Natalem
622 1953 764 1986 litterae
792 1951 927 1996 perisse
953 1951 1139 1990 videntum
1177 1950 1219 1983 de
1245 1949 1375 1993 quibus
1402 1950 1484 1983 vide
1511 1948 1669 1983 eiusdem
1697 1948 1831 1982 Canisii

71 2010 273 2056 epistulam,
310 2020 415 2053 quam
443 2007 528 2047 dixi,
565 2007 609 2040 ad
637 2006 805 2049 Borgiam
833 2005 964 2038 datam.
1016 2003 1084 2037 Hic
1111 2005 1232 2037 autem
1258 2003 1324 2036 hoc
1359 2004 1500 2036 tantum
1535 2005 1637 2036 noto:
1665 2001 1830 2036 Canisius

71 2065 240 2108 Borgiam
265 2065 396 2103 monet,
432 2061 638 2106 episcopum
673 2063 806 2103 petere,
842 2060 882 2091 ut
916 2057 1106 2091 mittantur
1136 2056 1425 2098 „concionatores
1457 2059 1493 2089 et
1518 2055 1725 2099 Philosophi
1751 2055 1831 2096 duo,

71 2129 244 2163 personae
280 2116 315 2149 in
340 2115 548 2149 uniuersum
576 2112 621 2146 20
646 2112 703 2145 uel
730 2111 837 2156 paulo
864 2110 1052 2154 amplius“,
1088 2121 1179 2153 quae
1206 2109 1312 2143 etiam
1340 2108 1494 2143 alumnis
1521 2108 1733 2152 quibusdam
1760 2107 1829 2152 epi-

71 2171 170 2216 scopi
205 2169 366 2215 praesint
400 2178 531 2210 eosque
562 2166 615 2208 „iu
653 2177 719 2199 usu
756 2164 923 2198 cantandi
959 2163 1063 2197 festis
1091 2163 1234 2196 diebus⁴⁴
1266 2162 1484 2202 exercitent;
1521 2164 1628 2205 atque
1658 2161 1713 2203 „in
1740 2161 1829 2201 his‘,

71 2224 197 2268 inquit,
229 2222 351 2265 „uideo
377 2220 613 2254 difficultates
639 2219 740 2252 nobis
766 2229 967 2262 superesse,
1006 2217 1049 2250 ad
1077 2227 1166 2260 quas
1193 2215 1431 2249 amoliendas“
1461 2215 1626 2249 Natalem
1653 2226 1717 2248 suo
1743 2216 1830 2247 tem-

71 2290 155 2323 pore
182 2275 403 2320 Herbipolim
430 2273 553 2307 venire
580 2271 757 2316 expediet.
811 2272 846 2305 S.
873 2272 1035 2314 [gnatius
1071 2272 1167 2303 certe
1198 2268 1500 2314 praescripserat:
1540 2267 1637 2310 „Non
1664 2266 1832 2301 convenit

72 2331 181 2365 ullam
203 2328 352 2371 Collegii
371 2327 589 2361 dotationem
608 2325 810 2365 admittere,
838 2336 900 2368 per
918 2334 1025 2367 quam
1045 2323 1089 2356 ad
1109 2323 1263 2356 dandum
1284 2321 1576 2356 Concionatorem
1598 2348 1603 2353 .
1622 2348 1650 2354 ..
1671 2320 1831 2353 Societas

73 2383 270 2426 obligetur⁴¹
303 2381 601 2424 (Constitutiones
628 2378 662 2412 S.
683 2379 727 2417 J..
754 2378 792 2412 P.
813 2378 844 2417 4,
872 2388 900 2410 ο.
922 2377 953 2417 7,
980 2388 1013 2410 n.
1033 2376 1083 2419 3).
1119 2376 1238 2419 Atque
1263 2375 1298 2409 in
1322 2374 1506 2416 „Formula
1533 2373 1830 2418 acceptandorum

73 2437 324 2480 collegiorum“
355 2446 375 2468 a
401 2435 536 2468 Laae'ne'o
563 2431 765 2478 praeposito
792 2430 951 2475 generali
978 2430 1062 2463 data
1089 2430 1232 2463 cautum
1261 2432 1347 2469 erat,
1374 2440 1418 2461 ne
1445 2428 1605 2470 collegia,
1640 2427 1676 2459 in
1703 2426 1831 2470 quibus

72 2493 215 2535 praeter
240 2489 382 2523 litteras
408 2489 444 2521 et
469 2486 729 2520 humanitatem
757 2485 864 2518 etiam
888 2484 1055 2526 ⁷.cursus“
1077 2481 1324 2527 philosophiae
1349 2482 1562 2521 traderetur,
1591 2480 1706 2513 minus
1724 2490 1831 2523 quam

74 2544 117 2578 50
144 2543 266 2577 Socios
299 2541 471 2575 haberent
500 2540 720 2581 (Institutum
748 2538 781 2571 S.
810 2539 842 2571 J.
870 2537 903 2570 Π
939 2536 1036 2579 215).
1088 2535 1211 2579 Neque
1247 2536 1389 2568 cantum
1427 2545 1555 2578 pueros
1587 2533 1711 2566 docere
1739 2531 1831 2565 Socii

73 2597 236 2631 solebant
263 2595 370 2638 (Can.
396 2594 428 2627 ΙΙ
455 2594 516 2628 9⁵:
546 2592 634 2636 Epp.
662 2592 782 2624 Nadal
808 2590 858 2623 IV
877 2591 974 2632 255).

75 2710 224 2749 1344.
335 2708 550 2745 CANiSlUS
584 2704 849 2741 SANOTO
878 2702 1264 2739 FRANclsco
1293 2701 1384 2737 DE
1414 2699 1596 2735 Bono:
1608 2698 1698 2741 1A,
1734 2711 1832 2744 prae-

236 2765 352 2810 posito
379 2761 538 2806 generali
565 2759 754 2795 Societatis
780 2759 871 2792 lesu.
1174 2756 1394 2799 ingolstadio
1425 2755 1476 2788 10.
1498 2755 1653 2796 Augusti
1683 2754 1783 2788 1566.

195 2829 249 2863 Ex
284 2827 439 2871 imagine
476 2824 759 2871 photographica
796 2824 998 2857 litterarum
1026 2822 1301 2866 archetyparum
1330 2820 1403 2861 (2⁴3
1430 2821 1452 2853 4
1478 2819 1552 2863 pp.)
1582 2821 1617 2851 et
1642 2818 1833 2852 schedulae

75 2883 119 2917 iis
145 2883 333 2917 adiunctae
362 2881 420 2923 (¹s⁴¹
448 2884 510 2924 p),
546 2890 637 2922 quae
673 2880 820 2911 exstant
853 2876 888 2909 in
919 2876 978 2917 7,Ε.
1006 2876 1042 2909 C.
1070 2876 1122 2908 11²
1153 2887 1185 2908 n.
1216 2875 1280 2908 173
1310 2873 1392 2915 (329
1429 2873 1526 2914 330).
1578 2871 1742 2906 Canisius
1767 2883 1833 2906 sua

76 2948 183 2970 manu
209 2939 245 2969 et
270 2935 410 2969 litteras
437 2931 651 2976 subscripsit
680 2930 871 2972 („Seruus“
903 2928 998 2971 eta),
1035 2930 1070 2961 et
1095 2927 1304 2961 schedulam
1332 2926 1508 2968 integram
1534 2924 1690 2969 scripsit.
1742 2925 1833 2959 Prae

77 2990 240 3023 manibus
277 2990 354 3022 erat
388 2987 496 3020 etiam
532 2984 778 3029 apographum
815 2982 880 3015 sub
917 2993 947 3015 a.
977 2982 1066 3015 1860
1102 2992 1122 3014 a
1149 2981 1188 3014 P.
1216 2981 1282 3013 los.
1310 2980 1425 3012 Boero
1452 2978 1485 3012 S.
1507 2979 1539 3012 J.
1567 2990 1610 3011 ex
1637 2978 1832 3023 archetypo

78 3042 295 3086 exscriptum
324 3043 360 3074 et
384 3040 449 3073 sub
477 3051 507 3073 a.
526 3039 612 3073 1891
635 3048 712 3071 cum
734 3036 855 3069 eodem
876 3034 1062 3074 collatum;
1092 3045 1137 3066 ex
1163 3044 1232 3076 quo
1259 3032 1400 3065 litteras
1426 3031 1566 3075 aliquas
1585 3031 1643 3064 vel
1661 3031 1832 3076 syllabas,

78 3106 167 3139 quae
193 3095 229 3128 in
256 3094 410 3137 imagine
436 3092 498 3126 illa
525 3089 809 3136 photographica
836 3100 881 3122 ex
899 3087 1071 3121 extremis
1091 3086 1255 3120 versibus
1273 3085 1492 3124 exciderant,
1519 3084 1696 3128 supplevi.
1734 3085 1832 3118 Duae

78 3148 278 3181 litterarum
304 3148 426 3190 partes
446 3158 490 3179 ex
510 3144 706 3188 archetypo
726 3141 964 3185 transcriptae
983 3142 1066 3173 suut
1084 3139 1119 3172 in
1139 3139 1226 3183 Epp.
1246 3139 1367 3171 Nuda]
1387 3138 1434 3170 Ill
1452 3138 1649 3172 7157—768.
1688 3137 1833 3171 Litteris

78 3200 134 3234 usi
159 3202 244 3233 sunt
270 3200 479 3233 Steinlmber
504 3198 526 3231 l.
555 3209 584 3231 c.
612 3197 648 3230 Ι2
674 3195 815 3230 23—24
842 3197 878 3228 et
903 3194 1020 3235 Duhr,
1052 3192 1161 3226 Jes.I
1190 3191 1265 3225 122.

1481 3250 1549 3284 19*
