<?xml version="1.0" encoding="UTF-8"?>
<!DOCTYPE html PUBLIC "-//W3C//DTD XHTML 1.0 Transitional//EN"
    "http://www.w3.org/TR/xhtml1/DTD/xhtml1-transitional.dtd">
<html xmlns="http://www.w3.org/1999/xhtml" xml:lang="en" lang="en">
 <head>
  <title>
</title>
<meta http-equiv="Content-Type" content="text/html;charset=utf-8" />
  <meta name='ocr-system' content='tesseract 3.04.00' />
  <meta name='ocr-capabilities' content='ocr_page ocr_carea ocr_par ocr_line ocrx_word'/>
</head>
<body>
  <div class='ocr_page' id='page_1' title='image "beatipetricanisi05cani_0056.png"; bbox 0 0 2077 3461; ppageno 0'>
   <div class='ocr_carea' id='block_1_1' title="bbox 289 304 399 345">
    <p class='ocr_par' dir='ltr' id='par_1_1' title="bbox 289 304 399 345">
     <span class='ocr_line' id='line_1_1' title="bbox 289 304 399 345; baseline 0.009 -1"><span class='ocrx_word' id='word_1_1' title='bbox 289 304 399 345; x_wconf 90' lang='lat'>1565</span> 
     </span>
    </p>
   </div>
   <div class='ocr_carea' id='block_1_2' title="bbox 297 570 386 604">
    <p class='ocr_par' dir='ltr' id='par_1_2' title="bbox 297 570 386 604">
     <span class='ocr_line' id='line_1_2' title="bbox 297 570 386 604; baseline 0.011 -1"><span class='ocrx_word' id='word_1_2' title='bbox 297 570 386 604; x_wconf 98' lang='lat'>1565</span> 
     </span>
    </p>
   </div>
   <div class='ocr_carea' id='block_1_3' title="bbox 284 676 394 784">
    <p class='ocr_par' dir='ltr' id='par_1_3' title="bbox 284 676 394 784">
     <span class='ocr_line' id='line_1_3' title="bbox 296 676 384 710; baseline 0.011 -1"><span class='ocrx_word' id='word_1_3' title='bbox 296 676 384 710; x_wconf 89' lang='lat'>1565</span> 
     </span>
     <span class='ocr_line' id='line_1_4' title="bbox 284 743 394 784; baseline 0.018 -2"><span class='ocrx_word' id='word_1_4' title='bbox 284 743 394 784; x_wconf 89' lang='lat'>1565</span> 
     </span>
    </p>
   </div>
   <div class='ocr_carea' id='block_1_4' title="bbox 282 1010 424 1056">
    <p class='ocr_par' dir='ltr' id='par_1_4' title="bbox 282 1010 424 1056">
     <span class='ocr_line' id='line_1_5' title="bbox 282 1010 424 1056; baseline 0.049 -7"><span class='ocrx_word' id='word_1_5' title='bbox 282 1010 392 1051; x_wconf 87' lang='grc'>1565</span> <span class='ocrx_word' id='word_1_6' title='bbox 423 1039 424 1056; x_wconf 51' lang='grc' dir='ltr'>ι</span> 
     </span>
    </p>
   </div>
   <div class='ocr_carea' id='block_1_5' title="bbox 288 1346 377 1381">
    <p class='ocr_par' dir='ltr' id='par_1_5' title="bbox 288 1346 377 1381">
     <span class='ocr_line' id='line_1_6' title="bbox 288 1346 377 1381; baseline 0.022 -2"><span class='ocrx_word' id='word_1_7' title='bbox 288 1346 377 1381; x_wconf 87' lang='grc'>1565</span> 
     </span>
    </p>
   </div>
   <div class='ocr_carea' id='block_1_6' title="bbox 286 1452 421 1699">
    <p class='ocr_par' dir='ltr' id='par_1_6' title="bbox 286 1452 421 1699">
     <span class='ocr_line' id='line_1_7' title="bbox 288 1452 421 1486; baseline 0.008 -1"><span class='ocrx_word' id='word_1_8' title='bbox 288 1452 376 1486; x_wconf 88' lang='grc'>1565</span> <span class='ocrx_word' id='word_1_9' title='bbox 419 1464 421 1467; x_wconf 88' lang='grc'><strong><em>·</em></strong></span> 
     </span>
     <span class='ocr_line' id='line_1_8' title="bbox 288 1505 377 1540; baseline 0.022 -2"><span class='ocrx_word' id='word_1_10' title='bbox 288 1505 377 1540; x_wconf 88' lang='grc'>1565</span> 
     </span>
     <span class='ocr_line' id='line_1_9' title="bbox 287 1558 375 1592; baseline 0.011 -1"><span class='ocrx_word' id='word_1_11' title='bbox 287 1558 375 1592; x_wconf 89' lang='grc'>1565</span> 
     </span>
     <span class='ocr_line' id='line_1_10' title="bbox 286 1611 375 1645; baseline 0 -1"><span class='ocrx_word' id='word_1_12' title='bbox 286 1611 375 1645; x_wconf 90' lang='grc'>1565</span> 
     </span>
     <span class='ocr_line' id='line_1_11' title="bbox 287 1663 374 1699; baseline 0.034 -3"><span class='ocrx_word' id='word_1_13' title='bbox 287 1663 374 1699; x_wconf 88' lang='grc'>1565</span> 
     </span>
    </p>
   </div>
   <div class='ocr_carea' id='block_1_7' title="bbox 284 1823 416 1982">
    <p class='ocr_par' dir='ltr' id='par_1_7' title="bbox 284 1823 416 1982">
     <span class='ocr_line' id='line_1_12' title="bbox 284 1823 416 1858; baseline 0.015 -2"><span class='ocrx_word' id='word_1_14' title='bbox 284 1823 373 1858; x_wconf 84' lang='lat'>1565</span> <span class='ocrx_word' id='word_1_15' title='bbox 415 1832 416 1838; x_wconf 62' lang='lat'><em>=</em></span> 
     </span>
     <span class='ocr_line' id='line_1_13' title="bbox 284 1917 416 1982; baseline 0.023 -20"><span class='ocrx_word' id='word_1_16' title='bbox 284 1929 372 1964; x_wconf 78' lang='grc'>1565</span> <span class='ocrx_word' id='word_1_17' title='bbox 414 1917 416 1982; x_wconf 66' lang='lat' dir='ltr'>j</span> 
     </span>
    </p>
   </div>
   <div class='ocr_carea' id='block_1_8' title="bbox 280 2041 415 2395">
    <p class='ocr_par' dir='ltr' id='par_1_8' title="bbox 280 2041 415 2395">
     <span class='ocr_line' id='line_1_14' title="bbox 283 2041 415 2076; baseline 0.008 -1"><span class='ocrx_word' id='word_1_18' title='bbox 283 2041 371 2076; x_wconf 91' lang='lat'>1565</span> <span class='ocrx_word' id='word_1_19' title='bbox 414 2045 415 2061; x_wconf 65' lang='lat'>¹</span> 
     </span>
     <span class='ocr_line' id='line_1_15' title="bbox 283 2101 370 2134; baseline 0.011 -1"><span class='ocrx_word' id='word_1_20' title='bbox 283 2101 370 2134; x_wconf 84' lang='lat'>1565</span> 
     </span>
     <span class='ocr_line' id='line_1_16' title="bbox 282 2159 370 2194; baseline 0.011 -1"><span class='ocrx_word' id='word_1_21' title='bbox 282 2159 370 2194; x_wconf 85' lang='lat'>1565</span> 
     </span>
     <span class='ocr_line' id='line_1_17' title="bbox 281 2218 414 2259; baseline 0.008 -8"><span class='ocrx_word' id='word_1_22' title='bbox 281 2218 369 2252; x_wconf 89' lang='lat'>1565</span> <span class='ocrx_word' id='word_1_23' title='bbox 412 2228 414 2259; x_wconf 64' lang='lat' dir='ltr'>f</span> 
     </span>
     <span class='ocr_line' id='line_1_18' title="bbox 281 2278 368 2312; baseline 0.023 -2"><span class='ocrx_word' id='word_1_24' title='bbox 281 2278 368 2312; x_wconf 86' lang='lat'>1565</span> 
     </span>
     <span class='ocr_line' id='line_1_19' title="bbox 280 2337 412 2395; baseline 0.023 -26"><span class='ocrx_word' id='word_1_25' title='bbox 280 2337 368 2371; x_wconf 85' lang='lat'>1566</span> <span class='ocrx_word' id='word_1_26' title='bbox 411 2340 412 2395; x_wconf 54' lang='grc'>1</span> 
     </span>
    </p>
   </div>
   <div class='ocr_carea' id='block_1_9' title="bbox 410 305 434 2500">
    <p class='ocr_par' dir='ltr' id='par_1_9' title="bbox 410 305 434 2500">
     <span class='ocr_line' id='line_1_20' title="bbox 410 305 434 2500; baseline 0 0"><span class='ocrx_word' id='word_1_27' title='bbox 410 305 434 2500; x_wconf 95' lang='lat' dir='ltr'> </span> 
     </span>
    </p>
   </div>
   <div class='ocr_carea' id='block_1_10' title="bbox 279 2442 412 2485">
    <p class='ocr_par' dir='ltr' id='par_1_10' title="bbox 279 2442 412 2485">
     <span class='ocr_line' id='line_1_21' title="bbox 279 2442 412 2485; baseline 0.023 -2"><span class='ocrx_word' id='word_1_28' title='bbox 279 2451 368 2485; x_wconf 85' lang='lat'>1566</span> <span class='ocrx_word' id='word_1_29' title='bbox 410 2442 412 2464; x_wconf 67' lang='lat'><em>³</em></span> 
     </span>
    </p>
   </div>
   <div class='ocr_carea' id='block_1_11' title="bbox 267 2545 410 2627">
    <p class='ocr_par' dir='ltr' id='par_1_11' title="bbox 267 2545 410 2627">
     <span class='ocr_line' id='line_1_22' title="bbox 267 2545 410 2627; baseline 0.014 -18"><span class='ocrx_word' id='word_1_30' title='bbox 267 2545 410 2627; x_wconf 69' lang='lat'>1566}</span> 
     </span>
    </p>
   </div>
   <div class='ocr_carea' id='block_1_12' title="bbox 265 3023 374 3064">
    <p class='ocr_par' dir='ltr' id='par_1_12' title="bbox 265 3023 374 3064">
     <span class='ocr_line' id='line_1_23' title="bbox 265 3023 374 3064; baseline 0.018 -2"><span class='ocrx_word' id='word_1_31' title='bbox 265 3023 374 3064; x_wconf 88' lang='grc'>1566</span> 
     </span>
    </p>
   </div>
   <div class='ocr_carea' id='block_1_13' title="bbox 402 2650 413 3200">
    <p class='ocr_par' dir='ltr' id='par_1_13' title="bbox 402 2650 413 3200">
     <span class='ocr_line' id='line_1_24' title="bbox 402 2650 413 3200; baseline 0 0"><span class='ocrx_word' id='word_1_32' title='bbox 402 2650 413 3200; x_wconf 95' lang='lat' dir='ltr'> </span> 
     </span>
    </p>
   </div>
   <div class='ocr_carea' id='block_1_14' title="bbox 274 3126 407 3196">
    <p class='ocr_par' dir='ltr' id='par_1_14' title="bbox 274 3126 407 3196">
     <span class='ocr_line' id='line_1_25' title="bbox 274 3126 407 3196; baseline 0.008 -1"><span class='ocrx_word' id='word_1_33' title='bbox 274 3161 362 3196; x_wconf 89' lang='grc'>1566</span> <span class='ocrx_word' id='word_1_34' title='bbox 405 3126 407 3154; x_wconf 67' lang='lat' dir='ltr'>l</span> 
     </span>
    </p>
   </div>
   <div class='ocr_carea' id='block_1_15' title="bbox 716 185 1553 230">
    <p class='ocr_par' dir='ltr' id='par_1_15' title="bbox 716 185 1553 230">
     <span class='ocr_line' id='line_1_26' title="bbox 716 185 1553 230; baseline 0.005 -12"><span class='ocrx_word' id='word_1_35' title='bbox 716 185 776 219; x_wconf 90' lang='grc' dir='ltr'>ΙΙΙ.</span> <span class='ocrx_word' id='word_1_36' title='bbox 804 185 962 220; x_wconf 84' lang='lat' dir='ltr'>Tabulae</span> <span class='ocrx_word' id='word_1_37' title='bbox 988 186 1258 230; x_wconf 82' lang='lat' dir='ltr'>chronologicae</span> <span class='ocrx_word' id='word_1_38' title='bbox 1285 188 1382 221; x_wconf 85' lang='lat' dir='ltr'>vitae</span> <span class='ocrx_word' id='word_1_39' title='bbox 1409 187 1553 222; x_wconf 87' lang='lat' dir='ltr'>Canisii.</span> 
     </span>
    </p>
   </div>
   <div class='ocr_carea' id='block_1_16' title="bbox 480 305 779 348">
    <p class='ocr_par' dir='ltr' id='par_1_16' title="bbox 480 305 779 348">
     <span class='ocr_line' id='line_1_27' title="bbox 480 305 779 348; baseline 0.007 -2"><span class='ocrx_word' id='word_1_40' title='bbox 480 305 557 347; x_wconf 91' lang='lat' dir='ltr'>sub</span> <span class='ocrx_word' id='word_1_41' title='bbox 587 305 687 348; x_wconf 82' lang='lat' dir='ltr'>Dec.</span> <span class='ocrx_word' id='word_1_42' title='bbox 715 306 779 348; x_wconf 89' lang='lat'>15.</span> 
     </span>
    </p>
   </div>
   <div class='ocr_carea' id='block_1_17' title="bbox 543 573 703 609">
    <p class='ocr_par' dir='ltr' id='par_1_17' title="bbox 543 573 703 609">
     <span class='ocr_line' id='line_1_28' title="bbox 543 573 703 609; baseline 0.006 -1"><span class='ocrx_word' id='word_1_43' title='bbox 543 573 626 608; x_wconf 88' lang='lat' dir='ltr'>Dec.</span> <span class='ocrx_word' id='word_1_44' title='bbox 650 575 703 609; x_wconf 87' lang='lat'>16.</span> 
     </span>
    </p>
   </div>
   <div class='ocr_carea' id='block_1_18' title="bbox 526 679 721 790">
    <p class='ocr_par' dir='ltr' id='par_1_18' title="bbox 526 679 721 790">
     <span class='ocr_line' id='line_1_29' title="bbox 542 679 702 715; baseline 0.013 -2"><span class='ocrx_word' id='word_1_45' title='bbox 542 679 627 715; x_wconf 85' lang='lat' dir='ltr'>Dec.</span> <span class='ocrx_word' id='word_1_46' title='bbox 648 681 702 715; x_wconf 91' lang='lat'>17.</span> 
     </span>
     <span class='ocr_line' id='line_1_30' title="bbox 526 747 721 790; baseline 0.005 -2"><span class='ocrx_word' id='word_1_47' title='bbox 526 747 628 790; x_wconf 90' lang='lat' dir='ltr'>Dec.</span> <span class='ocrx_word' id='word_1_48' title='bbox 655 748 721 789; x_wconf 93' lang='lat'>17.</span> 
     </span>
    </p>
   </div>
   <div class='ocr_carea' id='block_1_19' title="bbox 459 1012 777 1120">
    <p class='ocr_par' dir='ltr' id='par_1_19' title="bbox 459 1012 777 1120">
     <span class='ocr_line' id='line_1_31' title="bbox 459 1012 777 1056; baseline 0.009 -3"><span class='ocrx_word' id='word_1_49' title='bbox 459 1012 550 1054; x_wconf 85' lang='lat' dir='ltr'>fere</span> <span class='ocrx_word' id='word_1_50' title='bbox 572 1013 625 1054; x_wconf 86' lang='lat' dir='ltr'>ab</span> <span class='ocrx_word' id='word_1_51' title='bbox 644 1016 708 1055; x_wconf 89' lang='lat'>15.</span> <span class='ocrx_word' id='word_1_52' title='bbox 726 1014 777 1056; x_wconf 88' lang='lat' dir='ltr'>ad</span> 
     </span>
     <span class='ocr_line' id='line_1_32' title="bbox 522 1078 716 1120; baseline 0.01 -2"><span class='ocrx_word' id='word_1_53' title='bbox 522 1079 589 1120; x_wconf 83' lang='lat'>30.</span> <span class='ocrx_word' id='word_1_54' title='bbox 615 1078 716 1120; x_wconf 89' lang='lat' dir='ltr'>Dec.</span> 
     </span>
    </p>
   </div>
   <div class='ocr_carea' id='block_1_20' title="bbox 473 1348 756 1702">
    <p class='ocr_par' dir='ltr' id='par_1_20' title="bbox 473 1348 756 1702">
     <span class='ocr_line' id='line_1_33' title="bbox 473 1348 756 1385; baseline 0.014 -4"><span class='ocrx_word' id='word_1_55' title='bbox 473 1348 566 1382; x_wconf 89' lang='lat' dir='ltr'>inter</span> <span class='ocrx_word' id='word_1_56' title='bbox 592 1348 675 1384; x_wconf 87' lang='lat' dir='ltr'>Dec.</span> <span class='ocrx_word' id='word_1_57' title='bbox 706 1351 756 1385; x_wconf 85' lang='lat'>14.</span> 
     </span>
     <span class='ocr_line' id='line_1_34' title="bbox 558 1402 674 1437; baseline 0.009 -1"><span class='ocrx_word' id='word_1_58' title='bbox 558 1404 593 1436; x_wconf 87' lang='lat' dir='ltr'>et</span> <span class='ocrx_word' id='word_1_59' title='bbox 619 1402 674 1437; x_wconf 84' lang='lat'>29.</span> 
     </span>
     <span class='ocr_line' id='line_1_35' title="bbox 535 1454 701 1490; baseline 0.018 -3"><span class='ocrx_word' id='word_1_60' title='bbox 535 1454 617 1490; x_wconf 88' lang='lat' dir='ltr'>Dec.</span> <span class='ocrx_word' id='word_1_61' title='bbox 648 1457 701 1490; x_wconf 86' lang='lat'>19.</span> 
     </span>
     <span class='ocr_line' id='line_1_36' title="bbox 533 1508 700 1544; baseline 0.012 -2"><span class='ocrx_word' id='word_1_62' title='bbox 533 1508 617 1542; x_wconf 88' lang='lat' dir='ltr'>Dec.</span> <span class='ocrx_word' id='word_1_63' title='bbox 644 1509 700 1544; x_wconf 94' lang='lat'>21.</span> 
     </span>
     <span class='ocr_line' id='line_1_37' title="bbox 533 1561 699 1596; baseline 0.012 -2"><span class='ocrx_word' id='word_1_64' title='bbox 533 1561 616 1596; x_wconf 89' lang='lat' dir='ltr'>Dec.</span> <span class='ocrx_word' id='word_1_65' title='bbox 645 1562 699 1596; x_wconf 81' lang='lat'>23.</span> 
     </span>
     <span class='ocr_line' id='line_1_38' title="bbox 532 1613 698 1650; baseline 0.018 -3"><span class='ocrx_word' id='word_1_66' title='bbox 532 1613 616 1648; x_wconf 89' lang='lat' dir='ltr'>Dec.</span> <span class='ocrx_word' id='word_1_67' title='bbox 643 1616 698 1650; x_wconf 89' lang='lat'>24.</span> 
     </span>
     <span class='ocr_line' id='line_1_39' title="bbox 532 1667 698 1702; baseline 0.012 -2"><span class='ocrx_word' id='word_1_68' title='bbox 532 1667 616 1701; x_wconf 84' lang='lat' dir='ltr'>Dec.</span> <span class='ocrx_word' id='word_1_69' title='bbox 643 1668 698 1702; x_wconf 88' lang='grc'>25.</span> 
     </span>
    </p>
   </div>
   <div class='ocr_carea' id='block_1_21' title="bbox 530 1826 696 1862">
    <p class='ocr_par' dir='ltr' id='par_1_21' title="bbox 530 1826 696 1862">
     <span class='ocr_line' id='line_1_40' title="bbox 530 1826 696 1862; baseline 0.018 -3"><span class='ocrx_word' id='word_1_70' title='bbox 530 1826 614 1861; x_wconf 88' lang='lat' dir='ltr'>Dec.</span> <span class='ocrx_word' id='word_1_71' title='bbox 642 1828 696 1862; x_wconf 87' lang='grc'>26.</span> 
     </span>
    </p>
   </div>
   <div class='ocr_carea' id='block_1_22' title="bbox 526 1932 695 2256">
    <p class='ocr_par' dir='ltr' id='par_1_22' title="bbox 526 1932 695 2256">
     <span class='ocr_line' id='line_1_41' title="bbox 529 1932 695 1967; baseline 0.012 -2"><span class='ocrx_word' id='word_1_72' title='bbox 529 1932 612 1967; x_wconf 81' lang='lat' dir='ltr'>Dec.</span> <span class='ocrx_word' id='word_1_73' title='bbox 640 1933 695 1967; x_wconf 84' lang='lat'>27.</span> 
     </span>
     <span class='ocr_line' id='line_1_42' title="bbox 527 2043 693 2079; baseline 0.012 -2"><span class='ocrx_word' id='word_1_74' title='bbox 527 2043 612 2078; x_wconf 86' lang='lat' dir='ltr'>Dec.</span> <span class='ocrx_word' id='word_1_75' title='bbox 639 2045 693 2079; x_wconf 90' lang='lat'>28.</span> 
     </span>
     <span class='ocr_line' id='line_1_43' title="bbox 527 2102 694 2137; baseline 0.006 -1"><span class='ocrx_word' id='word_1_76' title='bbox 527 2102 611 2136; x_wconf 84' lang='lat' dir='ltr'>Dec.</span> <span class='ocrx_word' id='word_1_77' title='bbox 639 2104 694 2137; x_wconf 82' lang='lat'>29.</span> 
     </span>
     <span class='ocr_line' id='line_1_44' title="bbox 526 2161 694 2198; baseline 0.018 -3"><span class='ocrx_word' id='word_1_78' title='bbox 526 2161 610 2196; x_wconf 89' lang='lat' dir='ltr'>Dec.</span> <span class='ocrx_word' id='word_1_79' title='bbox 638 2163 694 2198; x_wconf 82' lang='lat'>30.</span> 
     </span>
     <span class='ocr_line' id='line_1_45' title="bbox 527 2221 692 2256; baseline 0.012 -2"><span class='ocrx_word' id='word_1_80' title='bbox 527 2221 610 2256; x_wconf 87' lang='lat' dir='ltr'>Dec.</span> <span class='ocrx_word' id='word_1_81' title='bbox 637 2222 692 2256; x_wconf 85' lang='grc'>31.</span> 
     </span>
    </p>
   </div>
   <div class='ocr_carea' id='block_1_23' title="bbox 411 2274 768 2315">
    <p class='ocr_par' dir='ltr' id='par_1_23' title="bbox 411 2274 768 2315">
     <span class='ocr_line' id='line_1_46' title="bbox 411 2274 768 2315; baseline 0.008 -3"><span class='ocrx_word' id='word_1_82' title='bbox 411 2274 413 2313; x_wconf 58' lang='lat' dir='ltr'>A*</span> <span class='ocrx_word' id='word_1_83' title='bbox 444 2282 597 2314; x_wconf 79' lang='lat' dir='ltr'>exeunte</span> <span class='ocrx_word' id='word_1_84' title='bbox 620 2292 666 2315; x_wconf 86' lang='lat' dir='ltr'>m.</span> <span class='ocrx_word' id='word_1_85' title='bbox 685 2281 768 2315; x_wconf 83' lang='lat' dir='ltr'>Dec.</span> 
     </span>
    </p>
   </div>
   <div class='ocr_carea' id='block_1_24' title="bbox 466 2569 739 2614">
    <p class='ocr_par' dir='ltr' id='par_1_24' title="bbox 466 2569 739 2614">
     <span class='ocr_line' id='line_1_47' title="bbox 466 2569 739 2614; baseline 0.011 -4"><span class='ocrx_word' id='word_1_86' title='bbox 466 2569 543 2610; x_wconf 90' lang='lat' dir='ltr'>sub</span> <span class='ocrx_word' id='word_1_87' title='bbox 576 2572 616 2612; x_wconf 82' lang='lat'>4.</span> <span class='ocrx_word' id='word_1_88' title='bbox 649 2570 739 2614; x_wconf 84' lang='lat' dir='ltr'>Ian.</span> 
     </span>
    </p>
   </div>
   <div class='ocr_carea' id='block_1_25' title="bbox 465 3022 733 3066">
    <p class='ocr_par' dir='ltr' id='par_1_25' title="bbox 465 3022 733 3066">
     <span class='ocr_line' id='line_1_48' title="bbox 465 3022 733 3066; baseline 0.007 -3"><span class='ocrx_word' id='word_1_89' title='bbox 465 3022 542 3064; x_wconf 90' lang='lat' dir='ltr'>sub</span> <span class='ocrx_word' id='word_1_90' title='bbox 576 3024 615 3065; x_wconf 83' lang='grc'>6.</span> <span class='ocrx_word' id='word_1_91' title='bbox 646 3023 733 3066; x_wconf 87' lang='lat' dir='ltr'>Ian.</span> 
     </span>
    </p>
   </div>
   <div class='ocr_carea' id='block_1_26' title="bbox 486 3162 710 3198">
    <p class='ocr_par' dir='ltr' id='par_1_26' title="bbox 486 3162 710 3198">
     <span class='ocr_line' id='line_1_49' title="bbox 486 3162 710 3198; baseline 0 -1"><span class='ocrx_word' id='word_1_92' title='bbox 486 3162 551 3197; x_wconf 85' lang='lat' dir='ltr'>sub</span> <span class='ocrx_word' id='word_1_93' title='bbox 579 3163 610 3196; x_wconf 88' lang='lat'>6.</span> <span class='ocrx_word' id='word_1_94' title='bbox 637 3163 710 3198; x_wconf 82' lang='lat' dir='ltr'>Ian.</span> 
     </span>
    </p>
   </div>
   <div class='ocr_carea' id='block_1_27' title="bbox 792 305 824 3198">
    <p class='ocr_par' dir='ltr' id='par_1_27' title="bbox 792 305 824 3198">
     <span class='ocr_line' id='line_1_50' title="bbox 792 305 824 3198; baseline 0 0"><span class='ocrx_word' id='word_1_95' title='bbox 792 305 824 3198; x_wconf 95' lang='lat' dir='ltr'> </span> 
     </span>
    </p>
   </div>
   <div class='ocr_carea' id='block_1_28' title="bbox 835 305 2008 1000">
    <p class='ocr_par' dir='ltr' id='par_1_28' title="bbox 841 305 2008 559">
     <span class='ocr_line' id='line_1_51' title="bbox 841 305 2007 365; baseline 0.004 -18"><span class='ocrx_word' id='word_1_96' title='bbox 841 305 1172 348; x_wconf 81' lang='lat' dir='ltr'>Furstenaviam</span> <span class='ocrx_word' id='word_1_97' title='bbox 1205 307 1260 348; x_wconf 88' lang='lat' dir='ltr'>ad</span> <span class='ocrx_word' id='word_1_98' title='bbox 1286 306 1491 348; x_wconf 83' lang='lat' dir='ltr'>Ioannem</span> <span class='ocrx_word' id='word_1_99' title='bbox 1525 307 1578 349; x_wconf 84' lang='lat' dir='ltr'>ab</span> <span class='ocrx_word' id='word_1_100' title='bbox 1600 308 1730 362; x_wconf 84' lang='lat' dir='ltr'>Hoya</span> <span class='ocrx_word' id='word_1_101' title='bbox 1762 309 2007 365; x_wconf 87' lang='lat' dir='ltr'>episcopum</span> 
     </span>
     <span class='ocr_line' id='line_1_52' title="bbox 898 370 2008 425; baseline 0.005 -13"><span class='ocrx_word' id='word_1_102' title='bbox 898 370 1134 424; x_wconf 86' lang='lat' dir='ltr'>principem</span> <span class='ocrx_word' id='word_1_103' title='bbox 1167 371 1532 425; x_wconf 74' lang='lat' dir='ltr'>osnaburgensem</span> <span class='ocrx_word' id='word_1_104' title='bbox 1563 372 1704 422; x_wconf 88' lang='lat' dir='ltr'>venit;</span> <span class='ocrx_word' id='word_1_105' title='bbox 1739 374 1806 416; x_wconf 91' lang='lat' dir='ltr'>cui</span> <span class='ocrx_word' id='word_1_106' title='bbox 1837 374 2008 417; x_wconf 74' lang='lat' dir='ltr'>litteras</span> 
     </span>
     <span class='ocr_line' id='line_1_53' title="bbox 899 435 2007 494; baseline 0.005 -17"><span class='ocrx_word' id='word_1_107' title='bbox 899 435 1159 489; x_wconf 84' lang='lat' dir='ltr'>apostolicas</span> <span class='ocrx_word' id='word_1_108' title='bbox 1204 438 1248 478; x_wconf 86' lang='lat' dir='ltr'>et</span> <span class='ocrx_word' id='word_1_109' title='bbox 1289 435 1456 478; x_wconf 89' lang='lat' dir='ltr'>concilii</span> <span class='ocrx_word' id='word_1_110' title='bbox 1495 436 1720 480; x_wconf 74' lang='lat' dir='ltr'>tridentini</span> <span class='ocrx_word' id='word_1_111' title='bbox 1762 440 2007 494; x_wconf 86' lang='lat' dir='ltr'>exemplum</span> 
     </span>
     <span class='ocr_line' id='line_1_54' title="bbox 898 500 2005 559; baseline 0.005 -17"><span class='ocrx_word' id='word_1_112' title='bbox 898 500 1193 542; x_wconf 88' lang='lat' dir='ltr'>authenticum</span> <span class='ocrx_word' id='word_1_113' title='bbox 1231 500 1295 542; x_wconf 88' lang='lat' dir='ltr'>Pii</span> <span class='ocrx_word' id='word_1_114' title='bbox 1327 501 1401 544; x_wconf 92' lang='lat' dir='ltr'>IV.</span> <span class='ocrx_word' id='word_1_115' title='bbox 1445 502 1652 544; x_wconf 86' lang='lat' dir='ltr'>mandatu</span> <span class='ocrx_word' id='word_1_116' title='bbox 1693 503 1829 546; x_wconf 79' lang='lat' dir='ltr'>tradit</span> <span class='ocrx_word' id='word_1_117' title='bbox 1869 504 2005 559; x_wconf 88' lang='lat'>(155).</span> 
     </span>
    </p>

    <p class='ocr_par' dir='ltr' id='par_1_29' title="bbox 837 574 2008 662">
     <span class='ocr_line' id='line_1_55' title="bbox 837 574 2008 623; baseline 0.006 -15"><span class='ocrx_word' id='word_1_118' title='bbox 837 574 937 609; x_wconf 87' lang='lat' dir='ltr'>Dom.</span> <span class='ocrx_word' id='word_1_119' title='bbox 967 576 1027 609; x_wconf 84' lang='lat'>111.</span> <span class='ocrx_word' id='word_1_120' title='bbox 1054 576 1146 610; x_wconf 87' lang='lat' dir='ltr'>Adv.</span> <span class='ocrx_word' id='word_1_121' title='bbox 1178 576 1212 609; x_wconf 88' lang='lat' dir='ltr'>in</span> <span class='ocrx_word' id='word_1_122' title='bbox 1250 575 1400 610; x_wconf 86' lang='lat' dir='ltr'>ecclesia</span> <span class='ocrx_word' id='word_1_123' title='bbox 1435 577 1629 621; x_wconf 81' lang='lat' dir='ltr'>parochiali</span> <span class='ocrx_word' id='word_1_124' title='bbox 1655 578 1698 612; x_wconf 87' lang='lat' dir='ltr'>ad</span> <span class='ocrx_word' id='word_1_125' title='bbox 1725 579 1894 623; x_wconf 86' lang='lat' dir='ltr'>populum</span> <span class='ocrx_word' id='word_1_126' title='bbox 1922 580 2008 615; x_wconf 90' lang='lat' dir='ltr'>dicit</span> 
     </span>
     <span class='ocr_line' id='line_1_56' title="bbox 917 630 1010 662; baseline 0 0"><span class='ocrx_word' id='word_1_127' title='bbox 917 630 980 662; x_wconf 88' lang='lat'>155</span> <span class='ocrx_word' id='word_1_128' title='bbox 1003 655 1010 662; x_wconf 98' lang='lat'>.</span> 
     </span>
    </p>

    <p class='ocr_par' dir='ltr' id='par_1_30' title="bbox 835 628 1406 725">
     <span class='ocr_line' id='line_1_57' title="bbox 835 628 1406 725; baseline 0.004 -11"><span class='ocrx_word' id='word_1_129' title='bbox 835 681 872 715; x_wconf 89' lang='lat' dir='ltr'>F.</span> <span class='ocrx_word' id='word_1_130' title='bbox 897 628 942 715; x_wconf 72' lang='lat' dir='ltr'>(H.</span> <span class='ocrx_word' id='word_1_131' title='bbox 971 630 1260 725; x_wconf 70' lang='lat' dir='ltr'>c)ontionatur(&#39;?)</span> <span class='ocrx_word' id='word_1_132' title='bbox 1294 682 1406 725; x_wconf 81' lang='lat'>(155).</span> 
     </span>
    </p>

    <p class='ocr_par' dir='ltr' id='par_1_31' title="bbox 840 747 2003 1000">
     <span class='ocr_line' id='line_1_58' title="bbox 840 747 2003 805; baseline 0.005 -17"><span class='ocrx_word' id='word_1_133' title='bbox 840 747 1068 789; x_wconf 81' lang='lat' dir='ltr'>Remberto</span> <span class='ocrx_word' id='word_1_134' title='bbox 1101 763 1126 790; x_wconf 82' lang='lat' dir='ltr'>a</span> <span class='ocrx_word' id='word_1_135' title='bbox 1159 749 1499 790; x_wconf 85' lang='lat' dir='ltr'>Kerssenbroich</span> <span class='ocrx_word' id='word_1_136' title='bbox 1542 749 1741 804; x_wconf 88' lang='lat' dir='ltr'>episcopo</span> <span class='ocrx_word' id='word_1_137' title='bbox 1774 751 2003 805; x_wconf 88' lang='lat' dir='ltr'>paderbor-</span> 
     </span>
     <span class='ocr_line' id='line_1_59' title="bbox 894 812 2003 867; baseline 0.005 -14"><span class='ocrx_word' id='word_1_138' title='bbox 894 812 1013 854; x_wconf 89' lang='lat' dir='ltr'>nensi</span> <span class='ocrx_word' id='word_1_139' title='bbox 1048 814 1292 867; x_wconf 80' lang='lat' dir='ltr'>exemplum</span> <span class='ocrx_word' id='word_1_140' title='bbox 1327 813 1620 857; x_wconf 88' lang='lat' dir='ltr'>authenticum</span> <span class='ocrx_word' id='word_1_141' title='bbox 1653 815 1816 857; x_wconf 90' lang='lat' dir='ltr'>concilii</span> <span class='ocrx_word' id='word_1_142' title='bbox 1840 816 2003 859; x_wconf 90' lang='lat' dir='ltr'>triden-</span> 
     </span>
     <span class='ocr_line' id='line_1_60' title="bbox 893 877 2002 932; baseline 0.005 -14"><span class='ocrx_word' id='word_1_143' title='bbox 893 877 972 919; x_wconf 86' lang='lat' dir='ltr'>tini</span> <span class='ocrx_word' id='word_1_144' title='bbox 1004 881 1048 920; x_wconf 87' lang='lat' dir='ltr'>et</span> <span class='ocrx_word' id='word_1_145' title='bbox 1079 879 1211 920; x_wconf 87' lang='lat' dir='ltr'>breve</span> <span class='ocrx_word' id='word_1_146' title='bbox 1244 878 1508 932; x_wconf 88' lang='lat' dir='ltr'>pontificium</span> <span class='ocrx_word' id='word_1_147' title='bbox 1541 880 1689 929; x_wconf 86' lang='lat' dir='ltr'>mittit,</span> <span class='ocrx_word' id='word_1_148' title='bbox 1724 894 1818 923; x_wconf 90' lang='lat' dir='ltr'>eum</span> <span class='ocrx_word' id='word_1_149' title='bbox 1849 881 2002 924; x_wconf 80' lang='lat' dir='ltr'>exhor-</span> 
     </span>
     <span class='ocr_line' id='line_1_61' title="bbox 892 943 1940 1000; baseline 0.005 -17"><span class='ocrx_word' id='word_1_150' title='bbox 892 945 1005 993; x_wconf 77' lang='lat' dir='ltr'>tans,</span> <span class='ocrx_word' id='word_1_151' title='bbox 1039 945 1087 985; x_wconf 88' lang='lat' dir='ltr'>ut</span> <span class='ocrx_word' id='word_1_152' title='bbox 1120 943 1287 985; x_wconf 89' lang='lat' dir='ltr'>concilii</span> <span class='ocrx_word' id='word_1_153' title='bbox 1320 944 1497 986; x_wconf 86' lang='lat' dir='ltr'>decreta</span> <span class='ocrx_word' id='word_1_154' title='bbox 1519 948 1783 998; x_wconf 84' lang='lat' dir='ltr'>exsequatur</span> <span class='ocrx_word' id='word_1_155' title='bbox 1805 945 1940 1000; x_wconf 86' lang='lat'>(152).</span> 
     </span>
    </p>
   </div>
   <div class='ocr_carea' id='block_1_29' title="bbox 834 1012 2001 1266">
    <p class='ocr_par' dir='ltr' id='par_1_32' title="bbox 834 1012 2001 1266">
     <span class='ocr_line' id='line_1_62' title="bbox 834 1012 2001 1069; baseline 0.004 -15"><span class='ocrx_word' id='word_1_156' title='bbox 834 1012 1146 1055; x_wconf 83' lang='lat' dir='ltr'>Furstenaviae</span> <span class='ocrx_word' id='word_1_157' title='bbox 1178 1013 1220 1055; x_wconf 93' lang='lat' dir='ltr'>in</span> <span class='ocrx_word' id='word_1_158' title='bbox 1254 1028 1354 1056; x_wconf 88' lang='lat' dir='ltr'>arce</span> <span class='ocrx_word' id='word_1_159' title='bbox 1387 1014 1619 1069; x_wconf 87' lang='lat' dir='ltr'>episcopali</span> <span class='ocrx_word' id='word_1_160' title='bbox 1649 1030 1744 1057; x_wconf 90' lang='lat' dir='ltr'>cum</span> <span class='ocrx_word' id='word_1_161' title='bbox 1766 1017 1926 1059; x_wconf 81' lang='lat' dir='ltr'>Ioanne</span> <span class='ocrx_word' id='word_1_162' title='bbox 1949 1018 2001 1060; x_wconf 90' lang='lat' dir='ltr'>de</span> 
     </span>
     <span class='ocr_line' id='line_1_63' title="bbox 892 1078 1998 1133; baseline 0.005 -14"><span class='ocrx_word' id='word_1_163' title='bbox 892 1078 1019 1131; x_wconf 84' lang='lat' dir='ltr'>Hoya</span> <span class='ocrx_word' id='word_1_164' title='bbox 1052 1078 1256 1133; x_wconf 60' lang='lat' dir='ltr'>episcopo,</span> <span class='ocrx_word' id='word_1_165' title='bbox 1279 1079 1330 1121; x_wconf 90' lang='lat' dir='ltr'>de</span> <span class='ocrx_word' id='word_1_166' title='bbox 1352 1080 1560 1133; x_wconf 82' lang='lat' dir='ltr'>religione</span> <span class='ocrx_word' id='word_1_167' title='bbox 1583 1081 1796 1123; x_wconf 86' lang='lat' dir='ltr'>catholica</span> <span class='ocrx_word' id='word_1_168' title='bbox 1816 1082 1858 1123; x_wconf 91' lang='lat' dir='ltr'>in</span> <span class='ocrx_word' id='word_1_169' title='bbox 1882 1082 1998 1124; x_wconf 87' lang='lat' dir='ltr'>dioe-</span> 
     </span>
     <span class='ocr_line' id='line_1_64' title="bbox 892 1144 1999 1197; baseline 0.005 -13"><span class='ocrx_word' id='word_1_170' title='bbox 892 1144 977 1185; x_wconf 89' lang='lat' dir='ltr'>cesi</span> <span class='ocrx_word' id='word_1_171' title='bbox 1011 1144 1322 1197; x_wconf 77' lang='lat' dir='ltr'>osnaburgensi</span> <span class='ocrx_word' id='word_1_172' title='bbox 1353 1144 1622 1187; x_wconf 84' lang='lat' dir='ltr'>restituenda</span> <span class='ocrx_word' id='word_1_173' title='bbox 1653 1146 1790 1189; x_wconf 87' lang='lat' dir='ltr'>multa</span> <span class='ocrx_word' id='word_1_174' title='bbox 1822 1147 1999 1190; x_wconf 88' lang='lat' dir='ltr'>consilia</span> 
     </span>
     <span class='ocr_line' id='line_1_65' title="bbox 891 1208 1997 1266; baseline 0.005 -17"><span class='ocrx_word' id='word_1_175' title='bbox 891 1208 1080 1257; x_wconf 70' lang='lat' dir='ltr'>confert:</span> <span class='ocrx_word' id='word_1_176' title='bbox 1121 1208 1277 1250; x_wconf 89' lang='lat' dir='ltr'>ibidem</span> <span class='ocrx_word' id='word_1_177' title='bbox 1311 1209 1353 1250; x_wconf 90' lang='lat' dir='ltr'>in</span> <span class='ocrx_word' id='word_1_178' title='bbox 1387 1209 1568 1251; x_wconf 87' lang='lat' dir='ltr'>ecclesia</span> <span class='ocrx_word' id='word_1_179' title='bbox 1600 1211 1836 1264; x_wconf 80' lang='lat' dir='ltr'>parochiali</span> <span class='ocrx_word' id='word_1_180' title='bbox 1867 1226 1997 1266; x_wconf 86' lang='lat' dir='ltr'>saepe</span> 
     </span>
    </p>
   </div>
   <div class='ocr_carea' id='block_1_30' title="bbox 890 1273 1712 1328">
    <p class='ocr_par' dir='ltr' id='par_1_33' title="bbox 890 1273 1712 1328">
     <span class='ocr_line' id='line_1_66' title="bbox 890 1273 1712 1328; baseline 0.004 -14"><span class='ocrx_word' id='word_1_181' title='bbox 890 1273 1164 1315; x_wconf 88' lang='lat' dir='ltr'>contionatur</span> <span class='ocrx_word' id='word_1_182' title='bbox 1192 1273 1443 1327; x_wconf 78' lang='lat'>(154—158</span> <span class='ocrx_word' id='word_1_183' title='bbox 1480 1276 1561 1317; x_wconf 87' lang='lat'>168</span> <span class='ocrx_word' id='word_1_184' title='bbox 1599 1274 1712 1328; x_wconf 89' lang='lat'>181).</span> 
     </span>
    </p>
   </div>
   <div class='ocr_carea' id='block_1_31' title="bbox 825 1347 1996 1767">
    <p class='ocr_par' dir='ltr' id='par_1_34' title="bbox 829 1347 1996 1397">
     <span class='ocr_line' id='line_1_67' title="bbox 829 1347 1996 1397; baseline 0.005 -17"><span class='ocrx_word' id='word_1_185' title='bbox 829 1347 1017 1392; x_wconf 84' lang='lat' dir='ltr'>Praecipui</span> <span class='ocrx_word' id='word_1_186' title='bbox 1059 1348 1204 1393; x_wconf 80' lang='lat' dir='ltr'>parochi</span> <span class='ocrx_word' id='word_1_187' title='bbox 1247 1349 1526 1392; x_wconf 81' lang='lat' dir='ltr'>osnaburgensis</span> <span class='ocrx_word' id='word_1_188' title='bbox 1565 1350 1823 1385; x_wconf 82' lang='lat' dir='ltr'>confessionem</span> <span class='ocrx_word' id='word_1_189' title='bbox 1863 1352 1996 1397; x_wconf 88' lang='lat' dir='ltr'>excipit</span> 
     </span>
    </p>

    <p class='ocr_par' dir='ltr' id='par_1_35' title="bbox 829 1452 1366 1498">
     <span class='ocr_line' id='line_1_68' title="bbox 829 1452 1366 1498; baseline 0.006 -11"><span class='ocrx_word' id='word_1_190' title='bbox 829 1452 1127 1497; x_wconf 78' lang='lat' dir='ltr'>Contionatur(&#39;?)</span> <span class='ocrx_word' id='word_1_191' title='bbox 1159 1455 1241 1497; x_wconf 86' lang='lat'>(155</span> <span class='ocrx_word' id='word_1_192' title='bbox 1269 1455 1366 1498; x_wconf 85' lang='lat'>668).</span> 
     </span>
    </p>

    <p class='ocr_par' dir='ltr' id='par_1_36' title="bbox 827 1507 1735 1553">
     <span class='ocr_line' id='line_1_69' title="bbox 827 1507 1735 1553; baseline 0.004 -13"><span class='ocrx_word' id='word_1_193' title='bbox 827 1507 892 1540; x_wconf 91' lang='lat' dir='ltr'>Die</span> <span class='ocrx_word' id='word_1_194' title='bbox 918 1507 1011 1541; x_wconf 85' lang='lat' dir='ltr'>festo</span> <span class='ocrx_word' id='word_1_195' title='bbox 1038 1508 1071 1542; x_wconf 79' lang='lat' dir='ltr'>S.</span> <span class='ocrx_word' id='word_1_196' title='bbox 1091 1508 1248 1542; x_wconf 84' lang='lat' dir='ltr'>Thomae</span> <span class='ocrx_word' id='word_1_197' title='bbox 1274 1509 1340 1552; x_wconf 88' lang='lat' dir='ltr'>Ap.</span> <span class='ocrx_word' id='word_1_198' title='bbox 1369 1509 1594 1543; x_wconf 85' lang='lat' dir='ltr'>contionatur</span> <span class='ocrx_word' id='word_1_199' title='bbox 1622 1510 1735 1553; x_wconf 88' lang='grc'>(155).</span> 
     </span>
    </p>

    <p class='ocr_par' dir='ltr' id='par_1_37' title="bbox 828 1559 1525 1604">
     <span class='ocr_line' id='line_1_70' title="bbox 828 1559 1525 1604; baseline 0.003 -11"><span class='ocrx_word' id='word_1_200' title='bbox 828 1559 926 1594; x_wconf 91' lang='lat' dir='ltr'>Dom.</span> <span class='ocrx_word' id='word_1_201' title='bbox 954 1560 1014 1595; x_wconf 90' lang='lat' dir='ltr'>IV.</span> <span class='ocrx_word' id='word_1_202' title='bbox 1043 1561 1134 1595; x_wconf 88' lang='lat' dir='ltr'>Adv.</span> <span class='ocrx_word' id='word_1_203' title='bbox 1161 1561 1385 1595; x_wconf 80' lang='lat' dir='ltr'>contionatur</span> <span class='ocrx_word' id='word_1_204' title='bbox 1414 1562 1525 1604; x_wconf 88' lang='lat'>(155).</span> 
     </span>
    </p>

    <p class='ocr_par' dir='ltr' id='par_1_38' title="bbox 828 1613 1661 1659">
     <span class='ocr_line' id='line_1_71' title="bbox 828 1613 1661 1659; baseline 0.002 -12"><span class='ocrx_word' id='word_1_205' title='bbox 828 1613 961 1657; x_wconf 82' lang='lat' dir='ltr'>vigilia</span> <span class='ocrx_word' id='word_1_206' title='bbox 986 1613 1199 1648; x_wconf 71' lang='lat' dir='ltr'>Nativitatis</span> <span class='ocrx_word' id='word_1_207' title='bbox 1225 1615 1452 1648; x_wconf 84' lang='lat' dir='ltr'>contionatur</span> <span class='ocrx_word' id='word_1_208' title='bbox 1468 1615 1517 1658; x_wconf 66' lang='lat' dir='ltr'>(P)</span> <span class='ocrx_word' id='word_1_209' title='bbox 1548 1615 1661 1659; x_wconf 81' lang='lat'>(155).</span> 
     </span>
    </p>

    <p class='ocr_par' dir='ltr' id='par_1_39' title="bbox 825 1666 1992 1767">
     <span class='ocr_line' id='line_1_72' title="bbox 825 1666 1992 1716; baseline 0.004 -16"><span class='ocrx_word' id='word_1_210' title='bbox 825 1666 891 1701; x_wconf 88' lang='lat' dir='ltr'>Die</span> <span class='ocrx_word' id='word_1_211' title='bbox 918 1679 1019 1701; x_wconf 85' lang='lat' dir='ltr'>sacro</span> <span class='ocrx_word' id='word_1_212' title='bbox 1045 1667 1257 1702; x_wconf 78' lang='lat' dir='ltr'>Nativitatis</span> <span class='ocrx_word' id='word_1_213' title='bbox 1282 1667 1421 1701; x_wconf 88' lang='lat' dir='ltr'>Domini</span> <span class='ocrx_word' id='word_1_214' title='bbox 1457 1668 1579 1702; x_wconf 82' lang='lat' dir='ltr'>Ioanni</span> <span class='ocrx_word' id='word_1_215' title='bbox 1615 1669 1659 1703; x_wconf 80' lang='lat' dir='ltr'>ab</span> <span class='ocrx_word' id='word_1_216' title='bbox 1690 1669 1793 1714; x_wconf 88' lang='lat' dir='ltr'>Hoya</span> <span class='ocrx_word' id='word_1_217' title='bbox 1828 1670 1992 1716; x_wconf 86' lang='lat' dir='ltr'>episcopo</span> 
     </span>
     <span class='ocr_line' id='line_1_73' title="bbox 884 1720 1992 1767; baseline 0.003 -13"><span class='ocrx_word' id='word_1_218' title='bbox 884 1720 1032 1764; x_wconf 89' lang='lat' dir='ltr'>principi</span> <span class='ocrx_word' id='word_1_219' title='bbox 1072 1721 1328 1763; x_wconf 81' lang='lat' dir='ltr'>osnaburgensi</span> <span class='ocrx_word' id='word_1_220' title='bbox 1369 1732 1508 1755; x_wconf 87' lang='lat' dir='ltr'>sacram</span> <span class='ocrx_word' id='word_1_221' title='bbox 1551 1721 1802 1756; x_wconf 83' lang='lat' dir='ltr'>eucharistiam</span> <span class='ocrx_word' id='word_1_222' title='bbox 1845 1724 1992 1767; x_wconf 85' lang='lat' dir='ltr'>praebet</span> 
     </span>
    </p>
   </div>
   <div class='ocr_carea' id='block_1_32' title="bbox 825 1773 1989 1872">
    <p class='ocr_par' dir='ltr' id='par_1_40' title="bbox 825 1773 1989 1872">
     <span class='ocr_line' id='line_1_74' title="bbox 825 1773 1989 1872; baseline 0.003 -12"><span class='ocrx_word' id='word_1_223' title='bbox 825 1773 1258 1872; x_wconf 53' lang='lat' dir='ltr'>Die(lf{{t‹issg.)stepl1ani</span> <span class='ocrx_word' id='word_1_224' title='bbox 1285 1827 1327 1861; x_wconf 87' lang='lat' dir='ltr'>de</span> <span class='ocrx_word' id='word_1_225' title='bbox 1345 1827 1427 1861; x_wconf 87' lang='lat' dir='ltr'>fidei</span> <span class='ocrx_word' id='word_1_226' title='bbox 1454 1827 1631 1872; x_wconf 82' lang='lat' dir='ltr'>capitibus</span> <span class='ocrx_word' id='word_1_227' title='bbox 1656 1828 1690 1861; x_wconf 90' lang='lat' dir='ltr'>in</span> <span class='ocrx_word' id='word_1_228' title='bbox 1709 1829 1989 1864; x_wconf 85' lang='lat' dir='ltr'>controversiam</span> 
     </span>
    </p>
   </div>
   <div class='ocr_carea' id='block_1_33' title="bbox 823 1881 1987 1977">
    <p class='ocr_par' dir='ltr' id='par_1_41' title="bbox 823 1881 1987 1977">
     <span class='ocr_line' id='line_1_75' title="bbox 882 1881 1414 1922; baseline 0.002 -9"><span class='ocrx_word' id='word_1_229' title='bbox 882 1881 1020 1913; x_wconf 75' lang='lat' dir='ltr'>vocatis</span> <span class='ocrx_word' id='word_1_230' title='bbox 1047 1881 1272 1914; x_wconf 79' lang='lat' dir='ltr'>contionatur</span> <span class='ocrx_word' id='word_1_231' title='bbox 1301 1881 1414 1922; x_wconf 89' lang='lat'>(157).</span> 
     </span>
     <span class='ocr_line' id='line_1_76' title="bbox 823 1932 1987 1977; baseline 0.003 -11"><span class='ocrx_word' id='word_1_232' title='bbox 823 1932 888 1966; x_wconf 86' lang='lat' dir='ltr'>Die</span> <span class='ocrx_word' id='word_1_233' title='bbox 923 1934 1014 1967; x_wconf 83' lang='lat' dir='ltr'>festo</span> <span class='ocrx_word' id='word_1_234' title='bbox 1051 1933 1084 1967; x_wconf 79' lang='lat' dir='ltr'>S.</span> <span class='ocrx_word' id='word_1_235' title='bbox 1110 1934 1253 1968; x_wconf 81' lang='lat' dir='ltr'>Ioannis</span> <span class='ocrx_word' id='word_1_236' title='bbox 1289 1934 1353 1967; x_wconf 88' lang='lat' dir='ltr'>Ev.</span> <span class='ocrx_word' id='word_1_237' title='bbox 1381 1934 1423 1967; x_wconf 86' lang='lat' dir='ltr'>de</span> <span class='ocrx_word' id='word_1_238' title='bbox 1459 1934 1580 1968; x_wconf 86' lang='lat' dir='ltr'>eodem</span> <span class='ocrx_word' id='word_1_239' title='bbox 1616 1937 1825 1977; x_wconf 75' lang='lat' dir='ltr'>argumento</span> <span class='ocrx_word' id='word_1_240' title='bbox 1857 1936 1987 1970; x_wconf 89' lang='lat' dir='ltr'>contio-</span> 
     </span>
    </p>
   </div>
   <div class='ocr_carea' id='block_1_34' title="bbox 814 1987 1984 3075">
    <p class='ocr_par' dir='ltr' id='par_1_42' title="bbox 881 1987 1127 2030">
     <span class='ocr_line' id='line_1_77' title="bbox 881 1987 1127 2030; baseline 0.004 -11"><span class='ocrx_word' id='word_1_241' title='bbox 881 1989 986 2020; x_wconf 81' lang='lat' dir='ltr'>natur</span> <span class='ocrx_word' id='word_1_242' title='bbox 1017 1987 1127 2030; x_wconf 87' lang='lat'>(157).</span> 
     </span>
    </p>

    <p class='ocr_par' dir='ltr' id='par_1_43' title="bbox 822 2045 1982 2091">
     <span class='ocr_line' id='line_1_78' title="bbox 822 2045 1982 2091; baseline 0.003 -13"><span class='ocrx_word' id='word_1_243' title='bbox 822 2045 886 2078; x_wconf 91' lang='lat' dir='ltr'>Die</span> <span class='ocrx_word' id='word_1_244' title='bbox 901 2046 992 2079; x_wconf 84' lang='lat' dir='ltr'>festo</span> <span class='ocrx_word' id='word_1_245' title='bbox 1007 2045 1067 2080; x_wconf 78' lang='lat' dir='ltr'>SS.</span> <span class='ocrx_word' id='word_1_246' title='bbox 1083 2045 1328 2079; x_wconf 82' lang='lat' dir='ltr'>Innocentium</span> <span class='ocrx_word' id='word_1_247' title='bbox 1343 2046 1385 2079; x_wconf 90' lang='lat' dir='ltr'>de</span> <span class='ocrx_word' id='word_1_248' title='bbox 1404 2046 1524 2080; x_wconf 86' lang='lat' dir='ltr'>eodem</span> <span class='ocrx_word' id='word_1_249' title='bbox 1541 2049 1751 2089; x_wconf 76' lang='lat' dir='ltr'>argumento</span> <span class='ocrx_word' id='word_1_250' title='bbox 1770 2047 1856 2081; x_wconf 84' lang='lat' dir='ltr'>dicit</span> <span class='ocrx_word' id='word_1_251' title='bbox 1873 2048 1982 2091; x_wconf 72' lang='grc'>(157),</span> 
     </span>
    </p>

    <p class='ocr_par' dir='ltr' id='par_1_44' title="bbox 820 2104 1545 2148">
     <span class='ocr_line' id='line_1_79' title="bbox 820 2104 1545 2148; baseline 0.003 -11"><span class='ocrx_word' id='word_1_252' title='bbox 820 2104 872 2137; x_wconf 93' lang='lat' dir='ltr'>De</span> <span class='ocrx_word' id='word_1_253' title='bbox 897 2104 1023 2138; x_wconf 77' lang='lat' dir='ltr'>iisdem</span> <span class='ocrx_word' id='word_1_254' title='bbox 1049 2104 1156 2138; x_wconf 89' lang='lat' dir='ltr'>rebus</span> <span class='ocrx_word' id='word_1_255' title='bbox 1182 2104 1405 2138; x_wconf 84' lang='lat' dir='ltr'>contionatur</span> <span class='ocrx_word' id='word_1_256' title='bbox 1433 2104 1545 2148; x_wconf 80' lang='lat'>(157).</span> 
     </span>
    </p>

    <p class='ocr_par' dir='ltr' id='par_1_45' title="bbox 821 2162 1465 2207">
     <span class='ocr_line' id='line_1_80' title="bbox 821 2162 1465 2207; baseline 0.002 -11"><span class='ocrx_word' id='word_1_257' title='bbox 821 2162 1005 2197; x_wconf 77' lang='lat' dir='ltr'>Dominica</span> <span class='ocrx_word' id='word_1_258' title='bbox 1031 2163 1255 2197; x_wconf 84' lang='lat' dir='ltr'>contionatur</span> <span class='ocrx_word' id='word_1_259' title='bbox 1272 2164 1321 2206; x_wconf 62' lang='lat'>(⁸2²)</span> <span class='ocrx_word' id='word_1_260' title='bbox 1352 2164 1465 2207; x_wconf 83' lang='lat'>(155).</span> 
     </span>
    </p>

    <p class='ocr_par' dir='ltr' id='par_1_46' title="bbox 821 2222 1605 2267">
     <span class='ocr_line' id='line_1_81' title="bbox 821 2222 1605 2267; baseline 0.003 -12"><span class='ocrx_word' id='word_1_261' title='bbox 821 2222 884 2256; x_wconf 85' lang='lat' dir='ltr'>Die</span> <span class='ocrx_word' id='word_1_262' title='bbox 911 2222 1143 2267; x_wconf 74' lang='lat' dir='ltr'>S.Sylvest1·i</span> <span class='ocrx_word' id='word_1_263' title='bbox 1171 2223 1460 2266; x_wconf 76' lang='lat' dir='ltr'>contionatur(‘?)</span> <span class='ocrx_word' id='word_1_264' title='bbox 1492 2223 1605 2266; x_wconf 84' lang='lat'>(155).</span> 
     </span>
    </p>

    <p class='ocr_par' dir='ltr' id='par_1_47' title="bbox 819 2281 1847 2326">
     <span class='ocr_line' id='line_1_82' title="bbox 819 2281 1847 2326; baseline 0.002 -11"><span class='ocrx_word' id='word_1_265' title='bbox 819 2281 1056 2316; x_wconf 85' lang='lat' dir='ltr'>Furstenavia</span> <span class='ocrx_word' id='word_1_266' title='bbox 1083 2283 1127 2316; x_wconf 86' lang='lat' dir='ltr'>ad</span> <span class='ocrx_word' id='word_1_267' title='bbox 1154 2283 1278 2316; x_wconf 83' lang='lat' dir='ltr'>ducem</span> <span class='ocrx_word' id='word_1_268' title='bbox 1306 2281 1442 2315; x_wconf 82' lang='lat' dir='ltr'>Cliviae</span> <span class='ocrx_word' id='word_1_269' title='bbox 1470 2283 1706 2326; x_wconf 81' lang='lat' dir='ltr'>proficiscitur</span> <span class='ocrx_word' id='word_1_270' title='bbox 1734 2282 1847 2326; x_wconf 87' lang='grc'>(157).</span> 
     </span>
    </p>

    <p class='ocr_par' dir='ltr' id='par_1_48' title="bbox 823 2341 1983 2437">
     <span class='ocr_line' id='line_1_83' title="bbox 823 2341 1983 2386; baseline 0.003 -13"><span class='ocrx_word' id='word_1_271' title='bbox 823 2341 974 2384; x_wconf 69' lang='lat' dir='ltr'>Operum</span> <span class='ocrx_word' id='word_1_272' title='bbox 1005 2343 1041 2375; x_wconf 84' lang='lat' dir='ltr'>S.</span> <span class='ocrx_word' id='word_1_273' title='bbox 1068 2343 1199 2375; x_wconf 63' lang='lat' dir='ltr'>Leonis</span> <span class='ocrx_word' id='word_1_274' title='bbox 1225 2342 1351 2383; x_wconf 69' lang='lat' dir='ltr'>Mayni</span> <span class='ocrx_word' id='word_1_275' title='bbox 1385 2342 1498 2381; x_wconf 69' lang='lat' dir='ltr'>editio,</span> <span class='ocrx_word' id='word_1_276' title='bbox 1536 2352 1557 2373; x_wconf 82' lang='grc' dir='ltr'><em>α</em></span> <span class='ocrx_word' id='word_1_277' title='bbox 1586 2342 1622 2376; x_wconf 82' lang='lat' dir='ltr'>C.</span> <span class='ocrx_word' id='word_1_278' title='bbox 1654 2343 1818 2376; x_wconf 80' lang='lat' dir='ltr'>Coloniae</span> <span class='ocrx_word' id='word_1_279' title='bbox 1847 2347 1983 2386; x_wconf 70' lang='lat' dir='ltr'>curata,</span> 
     </span>
     <span class='ocr_line' id='line_1_84' title="bbox 876 2394 1501 2437; baseline 0.002 -10"><span class='ocrx_word' id='word_1_280' title='bbox 876 2395 1031 2427; x_wconf 66' lang='lat' dir='ltr'>Loeanii</span> <span class='ocrx_word' id='word_1_281' title='bbox 1055 2396 1168 2427; x_wconf 71' lang='lat' dir='ltr'>denno</span> <span class='ocrx_word' id='word_1_282' title='bbox 1194 2395 1361 2437; x_wconf 64' lang='lat' dir='ltr'>vzclgsatm-</span> <span class='ocrx_word' id='word_1_283' title='bbox 1389 2394 1501 2436; x_wconf 81' lang='lat'>(803).</span> 
     </span>
    </p>

    <p class='ocr_par' dir='ltr' id='par_1_49' title="bbox 821 2453 1984 2550">
     <span class='ocr_line' id='line_1_85' title="bbox 821 2453 1984 2487; baseline 0.001 -1"><span class='ocrx_word' id='word_1_284' title='bbox 821 2454 856 2486; x_wconf 82' lang='lat' dir='ltr'>C.</span> <span class='ocrx_word' id='word_1_285' title='bbox 876 2454 1014 2486; x_wconf 72' lang='lat' dir='ltr'>Parvus</span> <span class='ocrx_word' id='word_1_286' title='bbox 1044 2454 1279 2486; x_wconf 65' lang='lat' dir='ltr'>Catechismus</span> <span class='ocrx_word' id='word_1_287' title='bbox 1307 2453 1567 2486; x_wconf 65' lang='lat' dir='ltr'>Catholieorzam</span> <span class='ocrx_word' id='word_1_288' title='bbox 1593 2455 1702 2487; x_wconf 71' lang='lat' dir='ltr'>latine</span> <span class='ocrx_word' id='word_1_289' title='bbox 1728 2455 1840 2487; x_wconf 75' lang='lat' dir='ltr'>denno</span> <span class='ocrx_word' id='word_1_290' title='bbox 1867 2455 1984 2487; x_wconf 70' lang='lat' dir='ltr'>editur</span> 
     </span>
     <span class='ocr_line' id='line_1_86' title="bbox 877 2506 1631 2550; baseline 0.001 -11"><span class='ocrx_word' id='word_1_291' title='bbox 877 2508 1099 2550; x_wconf 53' lang='lat' dir='ltr'>Auteerpiae.</span> <span class='ocrx_word' id='word_1_292' title='bbox 1131 2507 1306 2548; x_wconf 73' lang='lat' dir='ltr'>Coloniae,</span> <span class='ocrx_word' id='word_1_293' title='bbox 1334 2507 1488 2539; x_wconf 68' lang='lat' dir='ltr'>Parisiis</span> <span class='ocrx_word' id='word_1_294' title='bbox 1518 2506 1631 2549; x_wconf 88' lang='lat'>(806).</span> 
     </span>
    </p>

    <p class='ocr_par' dir='ltr' id='par_1_50' title="bbox 818 2570 1981 3011">
     <span class='ocr_line' id='line_1_87' title="bbox 818 2570 1981 2626; baseline 0.003 -14"><span class='ocrx_word' id='word_1_295' title='bbox 818 2572 859 2614; x_wconf 83' lang='lat' dir='ltr'>C.</span> <span class='ocrx_word' id='word_1_296' title='bbox 894 2570 1250 2626; x_wconf 82' lang='lat' dir='ltr'>Dusseldorpium</span> <span class='ocrx_word' id='word_1_297' title='bbox 1292 2572 1512 2621; x_wconf 85' lang='lat' dir='ltr'>advectus,</span> <span class='ocrx_word' id='word_1_298' title='bbox 1557 2572 1607 2613; x_wconf 90' lang='lat' dir='ltr'>de</span> <span class='ocrx_word' id='word_1_299' title='bbox 1640 2571 1704 2613; x_wconf 85' lang='lat' dir='ltr'>Pii</span> <span class='ocrx_word' id='word_1_300' title='bbox 1736 2572 1808 2614; x_wconf 91' lang='lat' dir='ltr'>IV.</span> <span class='ocrx_word' id='word_1_301' title='bbox 1843 2575 1981 2615; x_wconf 78' lang='lat' dir='ltr'>morte</span> 
     </span>
     <span class='ocr_line' id='line_1_88' title="bbox 876 2636 1980 2679; baseline 0 -1"><span class='ocrx_word' id='word_1_302' title='bbox 876 2637 1033 2679; x_wconf 79' lang='lat' dir='ltr'>certior</span> <span class='ocrx_word' id='word_1_303' title='bbox 1056 2636 1255 2678; x_wconf 86' lang='lat' dir='ltr'>efficitur.</span> <span class='ocrx_word' id='word_1_304' title='bbox 1294 2636 1564 2678; x_wconf 82' lang='lat' dir='ltr'>Guilielmum</span> <span class='ocrx_word' id='word_1_305' title='bbox 1587 2636 1736 2678; x_wconf 84' lang='lat' dir='ltr'>Iuliaci</span> <span class='ocrx_word' id='word_1_306' title='bbox 1758 2639 1801 2678; x_wconf 88' lang='lat' dir='ltr'>et</span> <span class='ocrx_word' id='word_1_307' title='bbox 1818 2636 1980 2678; x_wconf 87' lang='lat' dir='ltr'>Cliviae</span> 
     </span>
     <span class='ocr_line' id='line_1_89' title="bbox 875 2701 1980 2754; baseline 0 -11"><span class='ocrx_word' id='word_1_308' title='bbox 875 2702 1022 2743; x_wconf 86' lang='lat' dir='ltr'>ducem</span> <span class='ocrx_word' id='word_1_309' title='bbox 1055 2701 1268 2750; x_wconf 79' lang='lat' dir='ltr'>hortatur,</span> <span class='ocrx_word' id='word_1_310' title='bbox 1302 2704 1350 2742; x_wconf 90' lang='lat' dir='ltr'>ut</span> <span class='ocrx_word' id='word_1_311' title='bbox 1375 2701 1629 2742; x_wconf 85' lang='lat' dir='ltr'>catholicam</span> <span class='ocrx_word' id='word_1_312' title='bbox 1654 2701 1903 2754; x_wconf 78' lang='lat' dir='ltr'>religionem</span> <span class='ocrx_word' id='word_1_313' title='bbox 1936 2704 1980 2743; x_wconf 85' lang='lat' dir='ltr'>et</span> 
     </span>
     <span class='ocr_line' id='line_1_90' title="bbox 874 2765 1978 2819; baseline -0.001 -12"><span class='ocrx_word' id='word_1_314' title='bbox 874 2767 915 2807; x_wconf 93' lang='lat' dir='ltr'>in</span> <span class='ocrx_word' id='word_1_315' title='bbox 947 2766 1076 2808; x_wconf 88' lang='lat' dir='ltr'>terris</span> <span class='ocrx_word' id='word_1_316' title='bbox 1109 2767 1196 2807; x_wconf 90' lang='lat' dir='ltr'>suis</span> <span class='ocrx_word' id='word_1_317' title='bbox 1229 2768 1273 2807; x_wconf 90' lang='lat' dir='ltr'>et</span> <span class='ocrx_word' id='word_1_318' title='bbox 1303 2765 1346 2806; x_wconf 89' lang='lat' dir='ltr'>in</span> <span class='ocrx_word' id='word_1_319' title='bbox 1378 2766 1583 2819; x_wconf 76' lang='lat' dir='ltr'>proximis</span> <span class='ocrx_word' id='word_1_320' title='bbox 1606 2765 1772 2819; x_wconf 86' lang='lat' dir='ltr'>imperii</span> <span class='ocrx_word' id='word_1_321' title='bbox 1796 2765 1978 2807; x_wconf 89' lang='lat' dir='ltr'>comitiis</span> 
     </span>
     <span class='ocr_line' id='line_1_91' title="bbox 873 2829 1976 2873; baseline -0.002 0"><span class='ocrx_word' id='word_1_322' title='bbox 873 2834 1061 2873; x_wconf 82' lang='lat' dir='ltr'>tueatur.</span> <span class='ocrx_word' id='word_1_323' title='bbox 1125 2830 1188 2871; x_wconf 85' lang='lat' dir='ltr'>Pii</span> <span class='ocrx_word' id='word_1_324' title='bbox 1221 2830 1293 2872; x_wconf 87' lang='lat' dir='ltr'>IV.</span> <span class='ocrx_word' id='word_1_325' title='bbox 1327 2830 1468 2871; x_wconf 83' lang='lat' dir='ltr'>Breve</span> <span class='ocrx_word' id='word_1_326' title='bbox 1513 2832 1556 2871; x_wconf 92' lang='lat' dir='ltr'>et</span> <span class='ocrx_word' id='word_1_327' title='bbox 1597 2830 1866 2872; x_wconf 86' lang='lat' dir='ltr'>decretorum</span> <span class='ocrx_word' id='word_1_328' title='bbox 1898 2829 1976 2871; x_wconf 87' lang='lat' dir='ltr'>tri-</span> 
     </span>
     <span class='ocr_line' id='line_1_92' title="bbox 874 2894 1976 2948; baseline -0.003 -11"><span class='ocrx_word' id='word_1_329' title='bbox 874 2895 1144 2937; x_wconf 81' lang='lat' dir='ltr'>dentinorum</span> <span class='ocrx_word' id='word_1_330' title='bbox 1188 2895 1430 2948; x_wconf 75' lang='lat' dir='ltr'>exemplum</span> <span class='ocrx_word' id='word_1_331' title='bbox 1475 2894 1766 2936; x_wconf 86' lang='lat' dir='ltr'>authenticum</span> <span class='ocrx_word' id='word_1_332' title='bbox 1813 2894 1976 2935; x_wconf 84' lang='lat' dir='ltr'>Romae</span> 
     </span>
     <span class='ocr_line' id='line_1_93' title="bbox 873 2958 1744 3011; baseline -0.003 -9"><span class='ocrx_word' id='word_1_333' title='bbox 873 2974 1076 3002; x_wconf 85' lang='lat' dir='ltr'>excusum</span> <span class='ocrx_word' id='word_1_334' title='bbox 1110 2959 1166 3011; x_wconf 73' lang='lat' dir='ltr'>(P)</span> <span class='ocrx_word' id='word_1_335' title='bbox 1199 2959 1293 3000; x_wconf 87' lang='lat' dir='ltr'>duci</span> <span class='ocrx_word' id='word_1_336' title='bbox 1326 2958 1460 3001; x_wconf 89' lang='lat' dir='ltr'>tradit</span> <span class='ocrx_word' id='word_1_337' title='bbox 1492 2958 1595 3009; x_wconf 88' lang='lat'>(170</span> <span class='ocrx_word' id='word_1_338' title='bbox 1629 2958 1744 3011; x_wconf 83' lang='lat'>673).</span> 
     </span>
    </p>

    <p class='ocr_par' dir='ltr' id='par_1_51' title="bbox 814 3022 1975 3075">
     <span class='ocr_line' id='line_1_94' title="bbox 814 3022 1975 3075; baseline -0.002 -10"><span class='ocrx_word' id='word_1_339' title='bbox 814 3023 1026 3066; x_wconf 84' lang='lat' dir='ltr'>Coloniam</span> <span class='ocrx_word' id='word_1_340' title='bbox 1059 3024 1192 3073; x_wconf 85' lang='lat' dir='ltr'>redit;</span> <span class='ocrx_word' id='word_1_341' title='bbox 1238 3024 1280 3065; x_wconf 85' lang='lat' dir='ltr'>in</span> <span class='ocrx_word' id='word_1_342' title='bbox 1314 3022 1542 3065; x_wconf 81' lang='lat' dir='ltr'>Societatis</span> <span class='ocrx_word' id='word_1_343' title='bbox 1584 3023 1763 3075; x_wconf 89' lang='lat' dir='ltr'>collegio</span> <span class='ocrx_word' id='word_1_344' title='bbox 1799 3024 1849 3063; x_wconf 88' lang='lat'>15</span> <span class='ocrx_word' id='word_1_345' title='bbox 1884 3022 1975 3064; x_wconf 87' lang='lat' dir='ltr'>dies</span> 
     </span>
    </p>
   </div>
   <div class='ocr_carea' id='block_1_35' title="bbox 812 3088 1957 3206">
    <p class='ocr_par' dir='ltr' id='par_1_52' title="bbox 812 3088 1957 3206">
     <span class='ocr_line' id='line_1_95' title="bbox 870 3088 1237 3142; baseline -0.003 -11"><span class='ocrx_word' id='word_1_346' title='bbox 870 3092 1071 3131; x_wconf 86' lang='lat' dir='ltr'>versatur</span> <span class='ocrx_word' id='word_1_347' title='bbox 1102 3088 1237 3142; x_wconf 83' lang='lat'>(678).</span> 
     </span>
     <span class='ocr_line' id='line_1_96' title="bbox 812 3160 1957 3206; baseline -0.002 -9"><span class='ocrx_word' id='word_1_348' title='bbox 812 3163 964 3197; x_wconf 83' lang='lat' dir='ltr'>Senatus</span> <span class='ocrx_word' id='word_1_349' title='bbox 998 3163 1096 3197; x_wconf 84' lang='lat' dir='ltr'>urbis</span> <span class='ocrx_word' id='word_1_350' title='bbox 1124 3163 1160 3196; x_wconf 86' lang='lat' dir='ltr'>C.</span> <span class='ocrx_word' id='word_1_351' title='bbox 1187 3163 1308 3197; x_wconf 87' lang='lat' dir='ltr'>vinum</span> <span class='ocrx_word' id='word_1_352' title='bbox 1339 3162 1563 3196; x_wconf 84' lang='lat' dir='ltr'>honorarium</span> <span class='ocrx_word' id='word_1_353' title='bbox 1590 3161 1737 3206; x_wconf 84' lang='lat' dir='ltr'>praebet</span> <span class='ocrx_word' id='word_1_354' title='bbox 1765 3160 1847 3203; x_wconf 76' lang='lat'>(173</span> <span class='ocrx_word' id='word_1_355' title='bbox 1874 3160 1957 3206; x_wconf 89' lang='grc'>678)</span> 
     </span>
    </p>
   </div>
  </div>
 </body>
</html>
