2045 3471
699 185 846 229 Dilinga
872 185 927 220 24.
946 184 1027 219 Iulii
1049 185 1150 219 1567.
1724 183 1808 224 525

44 304 266 359 Respiciat
298 305 419 347 illum
452 305 581 355 Deus,
624 306 672 347 ut
703 305 880 346 Petrum
922 306 1153 357 negantem
1188 302 1322 344 oculis
1354 300 1674 344 misericordiae
1706 314 1810 342 suae

45 371 240 425 respexit
254 371 281 413 ¹.

165 435 284 485 Quod
317 435 371 477 ad
404 435 575 476 domum
598 434 898 486 Augustanam
923 433 1094 484 attinet,
1128 432 1196 474 cui
1227 434 1405 486 propter
1427 430 1810 473 Concionatorem2

45 502 130 542 400
153 500 323 542 Floreni
357 513 413 541 ex
435 499 574 541 ueteri
606 513 724 540 more
756 498 1014 552 penduntur,
1049 501 1092 540 et
1115 497 1254 540 adhuc
1277 499 1362 538 300
1386 511 1410 538 a
1432 495 1809 554 Reuerendissimo

45 565 318 619 adijciuntur,
361 567 410 606 ut
442 564 689 606 Catechista
730 566 775 605 et
806 564 951 618 plures
993 577 1015 605 e
1047 562 1257 605 fratribus
1298 561 1386 603 illic
1427 561 1485 602 ali
1525 561 1705 615 possint,
1747 560 1810 602 ita

46 630 184 672 uisum
217 629 300 672 fuit
331 629 376 672 P.
411 628 575 679 Natali,
609 628 963 670 satisfaciendum
996 641 1091 669 esse
1124 626 1334 669 desiderio
1368 626 1557 668 eiusdem
1591 626 1811 667 Reueren-

46 694 222 745 dissimi,
266 694 336 747 qui
378 707 548 748 semper
589 692 826 747 postulauit
867 693 920 734 ob
961 695 1134 735 auctam
1176 691 1382 746 pecuniae
1423 705 1633 732 summam
1666 691 1811 744 plures

45 760 132 802 illic
155 759 376 814 operarios
402 758 561 808 uidere,
597 760 640 800 01
663 757 931 811 Augustanis
962 757 1161 799 iuuandis
1194 770 1370 810 operam
1403 756 1519 805 dare,
1554 754 1809 809 praesertim

47 839 142 866 cum
174 838 314 866 nouae
347 826 391 866 et
424 824 593 877 amplae
625 822 732 865 satis
765 823 895 864 aedes
927 822 1203 872 accesserint,
1246 835 1355 875 quae
1397 821 1557 862 multos
1596 834 1618 861 e
1650 819 1811 862 nostris

47 904 97 932 ac
138 889 328 931 scholam
372 888 502 931 etiam
536 902 690 942 capere
728 887 905 941 possint.
969 887 1117 940 Jgitur
1148 886 1193 929 P.
1229 885 1401 928 Natalis
1433 884 1809 927 Reuerendissimo

47 954 166 997 uisus
197 956 266 996 est
296 953 566 1008 promittere,
599 954 648 994 ut
680 952 912 994 accedente
943 965 1083 994 nouae
1116 951 1266 993 domus
1300 950 1620 1001 commoditate,
1663 950 1809 1004 plures

48 1033 72 1061 e
103 1019 263 1061 nostris
295 1019 499 1061 adessent
531 1017 729 1072 operarij,
764 1020 840 1060 aut
872 1017 1002 1059 etiam
1035 1030 1198 1070 paruae
1220 1016 1392 1058 scholae
1423 1015 1704 1069 professores,
1738 1014 1811 1067 qui

47 1084 257 1139 paulatim
298 1084 354 1126 ad
394 1082 629 1136 Collegium
670 1082 1007 1125 1113111110111111111ει
1045 1082 1222 1124 iuuante
1263 1081 1446 1131 Christo,
1488 1094 1588 1122 suos
1630 1082 1811 1122 conatus

47 1150 285 1204 prouehere
329 1151 520 1203 possent.
591 1147 761 1189 Placuit
806 1147 885 1189 1100
929 1147 1152 1188 consilium
1198 1145 1574 1187 Reuerendissimo
1619 1145 1694 1186 sed
1740 1143 1811 1197 qui

48 1215 166 1257 dolet
197 1215 328 1257 etiam
360 1214 440 1255 hoc
471 1217 667 1267 tempore
689 1212 925 1254 Canonicos
950 1212 1150 1253 instituto
1172 1214 1321 1253 nostro
1353 1225 1504 1264 parum
1537 1210 1700 1260 fauere,
1734 1223 1813 1250 nec

47 1281 164 1334 ipsos
196 1279 335 1330 modo,
370 1279 446 1320 sed
467 1281 664 1321 senatum
699 1278 843 1327 etiam,
878 1277 990 1330 quod
1020 1277 1074 1318 ad
1107 1276 1298 1317 scholam
1332 1275 1607 1329 aperiendam
1641 1274 1812 1324 attinet,

50 1344 172 1387 nobis
203 1344 523 1386 incommodare
561 1357 701 1397 posse.
765 1342 910 1384 Vellet
942 1341 1114 1384 interim
1148 1341 1315 1393 aliquos
1347 1340 1501 1382 saltem
1536 1339 1815 1382 Conuictores

49 1410 164 1464 apud
204 1412 376 1452 nostros
417 1408 487 1459 ali,
530 1408 740 1460 simulque
781 1407 985 1461 priuatim
1027 1405 1206 1456 institui,
1252 1405 1365 1458 quod
1406 1404 1634 1459 prohibere
1672 1405 1814 1446 nullus

49 1475 177 1517 facile
208 1475 370 1529 posset,
413 1476 457 1515 et
488 1476 718 1527 praeterea
759 1475 930 1527 optaret
963 1472 1148 1514 alterum
1180 1470 1426 1512 inferiorem
1460 1469 1813 1512 Concionatorem

49 1540 119 1582 uel
141 1539 431 1582 Catechistam
463 1539 628 1588 adesse,
663 1551 788 1591 quem
822 1551 899 1578 nos
931 1550 1061 1589 aegre
1095 1535 1266 1589 quidem
1297 1549 1410 1576 nunc
1442 1549 1668 1588 possumus
1690 1549 1815 1589 repe-

49 1605 148 1647 rire.
197 1605 423 1646 Caeterum
448 1604 500 1645 de
522 1603 790 1644 assumendis
821 1602 864 1643 in
896 1602 1013 1644 illam
1037 1601 1208 1642 domum
1232 1599 1576 1641 conuictoribusb
1608 1600 1814 1650 externis,

52 1684 102 1712 00
135 1669 350 1711 difficilior
371 1668 494 1710 nobis
517 1668 628 1710 ratio
651 1668 836 1717 uidetur,
871 1681 954 1720 quo
986 1665 1125 1719 magis
1157 1664 1293 1707 nostri
1326 1664 1412 1706 illic
1443 1665 1663 1717 hucusque
1695 1665 1815 1706 labo-

50 1737 163 1785 rant,
206 1737 254 1776 ut
294 1747 433 1787 neque
475 1733 568 1783 sibi,
610 1746 750 1785 neque
790 1731 912 1773 nobis
952 1731 996 1773 in
1029 1730 1299 1772 obseruanda
1331 1729 1558 1783 disciplina
1596 1731 1640 1771 et
1672 1729 1816 1782 quiete

52 1799 273 1853 Religiosa
316 1799 485 1853 possint
529 1797 797 1840 satisfacere.
869 1797 1072 1839 Fortasse
1116 1797 1216 1849 post
1259 1794 1414 1836 missos
1458 1794 1566 1836 alios
1611 1808 1666 1835 ex
1699 1794 1816 1836 Vrbe

51 1864 226 1914 fratres,
270 1877 376 1917 quos
418 1866 712 1917 expectamus,
756 1862 901 1916 plures
942 1864 986 1903 et
1026 1860 1252 1902 solidiores
1284 1859 1370 1901 illic
1403 1859 1727 1909 constituemus,
1773 1862 1816 1901 et

53 1929 194 1982 quoad
216 1929 307 1970 eius
328 1928 421 1970 fieri
443 1930 601 1982 potest,
637 1941 768 1968 onera
799 1927 987 1968 illatum
1016 1939 1069 1967 ex
1101 1928 1227 1979 parte
1259 1924 1445 1973 scholae,
1478 1925 1568 1965 tum
1604 1937 1658 1964 ex
1690 1927 1815 1977 parte

52 1993 354 2036 Conuictorum
392 1993 436 2034 in
468 1995 639 2046 tempus
672 1991 787 2034 aliud
819 1991 1073 2045 reijciemus,
1116 1990 1209 2031 Nec
1242 1990 1379 2030 solum
1412 1988 1814 2030 Reuerendissimus

53 2060 128 2101 sed
172 2059 304 2101 etiam
344 2058 537 2100 nonnulli
578 2058 811 2099 Senatores
852 2059 897 2098 et
937 2055 1101 2110 patritij
1144 2055 1225 2096 hoc
1266 2069 1292 2096 a
1332 2054 1454 2095 nobis
1496 2054 1719 2106 flagitant,
1766 2056 1814 2095 ut

51 2125 242 2178 ipsorum
283 2137 439 2177 pueros
481 2123 515 2164 si
557 2137 641 2163 non
673 2122 853 2176 publice,
897 2124 943 2163 at
982 2124 1100 2163 certe
1132 2119 1335 2174 priuatim
1368 2119 1411 2160 in
1442 2119 1523 2160 hac
1555 2118 1813 2170 Augustana

54 2190 177 2231 domo
200 2188 490 2231 instituamus.
533 2187 626 2229 Nec
659 2190 775 2229 esset
797 2186 983 2236 difficile,
1017 2185 1104 2226 illic
1128 2184 1380 2226 docentibus
1403 2183 1592 2237 reperire
1615 2185 1811 2236 sumptus

53 2255 170 2296 uitae
201 2252 481 2295 necessarios.
526 2253 571 2294 P.
591 2251 910 2294 Theodoricus3
932 2251 1085 2293 Frater
1108 2264 1273 2292 mecum
1296 2249 1338 2290 in
1362 2249 1441 2290 hac
1464 2250 1560 2289 erat
1581 2247 1811 2298 sententia,

53 2318 427 2361 Reuerendissimo
450 2317 735 2371 postulandae
757 2317 930 2359 scholae
952 2317 1020 2358 uel
1043 2314 1333 2357 constituendi
1350 2313 1620 2355 Catechistae
1639 2326 1813 2354 causam

54 2386 100 2426 et
120 2384 234 2426 uiam
257 2396 424 2425 omnem
448 2396 574 2436 posse
595 2382 828 2436 praecludi,
857 2381 892 2422 si
915 2381 1041 2435 pauci
1063 2380 1201 2422 nostri
1224 2380 1309 2420 illic
1333 2378 1487 2427 alendi,
1512 2379 1596 2418 400
1619 2377 1815 2418 Florenis

55 2448 262 2499 contenti,
292 2448 479 2501 reliquos
503 2449 600 2498 300,
625 2447 697 2500 qui
718 2449 886 2489 tantum
911 2446 964 2487 ad
989 2448 1171 2487 mortem
1195 2458 1330 2497 usque
1353 2442 1592 2484 Cardinalis
1615 2456 1813 2483 numera-

54 2514 225 2564 buntur,
268 2527 353 2555 non
394 2512 653 2567 acciperent.
716 2511 937 2554 Judicabit
974 2513 1119 2552 autem
1153 2510 1204 2550 de
1236 2523 1283 2550 re
1315 2511 1410 2550 tota
1442 2506 1692 2549 Paternitas
1723 2510 1812 2557 tua,

56 2578 175 2620 cuius
206 2578 404 2632 precibus
437 2580 482 2619 et
513 2577 735 2630 sacrificijs
768 2576 950 2618 Domino
984 2588 1153 2628 semper
1186 2573 1379 2626 cupimus
1413 2571 1714 2613 connnendari.

173 2643 336 2685 Rector
356 2642 620 2695 Dilingensis
644 2656 727 2683 non
750 2641 876 2682 facile
899 2640 1178 2682 restitueturc
1200 2638 1240 2679 iu
1264 2638 1494 2689 integrum,
1530 2636 1600 2688 qui
1625 2638 1669 2678 et
1693 2650 1815 2678 suam

56 2708 348 2750 ualetudinem
390 2707 580 2749 nonnihil
623 2707 801 2748 offendit
842 2706 973 2747 anxia
1015 2718 1117 2745 cura
1158 2703 1200 2743 in
1234 2701 1411 2754 Collegij
1445 2701 1509 2742 sui
1544 2701 1704 2742 difficili
1739 2701 1815 2742 ad-

56 2772 385 2815 ministratione.
429 2772 604 2814 Nullum
630 2771 667 2812 ei
690 2771 827 2813 maius
849 2769 1100 2811 beneficium
1125 2771 1169 2809 ct
1191 2767 1244 2808 ad
1268 2766 1499 2808 curandam
1523 2765 1814 2808 ualetudinem

57 2837 316 2891 praesidium
339 2836 511 2878 adferre
533 2850 760 2890 possumus
783 2849 910 2888 quam
934 2834 968 2874 si
992 2832 1259 2875 commodum
1293 2834 1336 2873 ct
1367 2831 1622 2884 prudentem
1646 2845 1671 2872 a
1694 2831 1815 2873 nobis

176 2919 202 2948 a)
223 2919 283 2942 Hoc
304 2925 327 2942 v.
347 2918 377 2942 in
398 2917 529 2948 maraine
549 2917 681 2941 additum
703 2918 752 2940 est.
827 2914 857 2945 b)
879 2916 938 2939 Huc
959 2922 980 2938 1·.
1001 2922 1019 2937 (ι
1040 2915 1068 2937 C.
1090 2914 1152 2944 ipso
1171 2920 1263 2943 supra
1286 2919 1396 2936 versum
1418 2911 1559 2943 scriptum
1580 2914 1629 2936 est.
1694 2911 1720 2942 c)
1744 2911 1815 2936 Tria

58 2966 99 2983 vv.
120 2967 177 2990 sqq.
197 2960 232 2983 ab
252 2960 315 2990 ipso
335 2960 363 2983 C.
383 2966 476 2990 supra
496 2966 611 2983 versum
631 2958 741 2988 scripta
761 2960 836 2980 ⁸1an

181 3065 188 3084 ¹
216 3064 268 3099 Cf.
295 3065 344 3098 Lc
369 3064 425 3105 22,
452 3065 508 3098 61.

177 3118 190 3137 ‘2
217 3117 254 3151 P.
275 3117 469 3161 Gregorius
496 3116 674 3150 Roseffius
702 3115 980 3149 contionatorcm
1008 3112 1179 3147 ecclesiae
1206 3111 1423 3146 cathedralis
1449 3111 1589 3155 agebat.

178 3171 190 3189 ³
215 3170 456 3204 Theodoricus
483 3169 656 3209 Canisius,
683 3167 929 3202 universitatis
955 3169 990 3200 et
1016 3166 1155 3209 collegii
1182 3165 1354 3208 dilingani
1380 3167 1506 3199 rector.
