2077 3461
319 726 408 762 Cum
435 736 535 770 opus,
562 723 617 758 cui
643 721 771 757 titulus
798 722 871 754 est:
900 719 1002 753 Beate·
1019 716 1117 750 Petri
1137 715 1277 749 Canisii
1300 713 1336 747 S.
1350 714 1388 747 J.
1406 711 1592 756 Epistulae
1617 714 1646 743 et
1665 710 1767 752 Acta,
1792 709 1959 742 Volumen

200 787 374 832 quintum,
393 785 437 819 ab
455 786 574 819 Ottone
588 781 867 824 Brannsbmyw,
886 776 1073 812 sacerdote
1092 773 1282 809 Societatis
1297 772 1388 814 Iesu,
1407 770 1654 815 compositum,
1672 767 1783 813 aliqui
1801 766 1958 801 eiusdem

202 845 393 881 Societatis
419 844 606 883 revisores,
633 840 762 885 quibus
787 838 822 872 id
851 836 1080 872 commissum
1107 834 1187 874 fuit,
1213 831 1490 876 recognoverint
1515 832 1551 864 et
1576 830 1611 863 in
1637 828 1754 862 lucem
1781 826 1836 861 edi
1856 835 1962 871 posse

202 903 443 951 probaverint,
469 901 679 937 facultatem
706 897 945 938 concedimus,
971 897 1012 929 ut
1036 893 1136 940 typis
1162 892 1362 932 mandetur,
1387 890 1418 924 si
1444 890 1495 924 ita
1522 889 1575 930 iis,
1611 887 1654 922 ad
1682 898 1770 932 quos
1796 885 1962 931 pertinet,

203 964 395 999 videbitur.

321 1023 361 1056 In
388 1031 537 1066 quorum
563 1018 669 1053 fidem
694 1016 761 1051 has
786 1015 928 1050 litteras
954 1024 1063 1047 manu
1090 1013 1215 1046 nostra
1234 1009 1456 1054 subscriptas
1484 1010 1519 1042 et
1537 1005 1656 1051 sigillo
1674 1005 1832 1039 muneris
1850 1002 1964 1037 nostri

205 1083 361 1117 munitas
388 1080 562 1115 dedimus.

325 1177 477 1217 Exaten,
505 1173 560 1207 die
586 1171 642 1206 27.
669 1169 750 1204 Iulii
778 1168 881 1204 1908.

328 1244 382 1287 (L.
402 1243 453 1286 S.)
1515 1208 1610 1243 Ern.
1628 1205 1733 1241 Thill
1759 1205 1793 1240 S.
1814 1204 1847 1238 J.

1476 1268 1602 1312 Praep.
1630 1267 1735 1300 Prov.
1763 1264 1884 1300 Germ.

925 1466 1257 1529 Imprimatur.

325 1600 499 1643 Friburyc'
524 1598 739 1641 Brisyoviae,
767 1596 821 1631 die
849 1596 880 1629 5.
900 1593 1023 1628 Martii
1051 1592 1152 1627 1910.

1326 1695 1372 1750 ss
1403 1694 1626 1746 Thomas,
1659 1691 1914 1745 Archiep‘ps.

856 2003 1124 2052 Protestatio
1157 2001 1349 2049 editoris,

340 2114 390 2148 Ut
414 2113 555 2157 legibus
581 2113 625 2147 ab
644 2112 787 2147 Urbano
805 2111 902 2145 VIII.
921 2120 1061 2145 summo
1087 2107 1256 2153 pontifice
1284 2106 1337 2141 13.
1356 2105 1478 2140 Martii
1507 2104 1608 2146 1625,
1635 2104 1666 2138 5.
1685 2102 1775 2137 Iunii
1797 2102 1885 2137 1631
1910 2103 1979 2136 etc.

222 2173 308 2208 latis
326 2184 368 2207 ac
386 2173 540 2208 decretis
559 2172 688 2207 Sacrae
707 2171 853 2205 Rituum
872 2167 1170 2212 Congregationis
1193 2165 1359 2206 satisfiat,
1386 2164 1500 2199 editor
1517 2163 1715 2209 profitetur,
1734 2172 1980 2206 quaecumque

224 2233 259 2267 in
283 2232 349 2266 hoc
366 2231 548 2266 volumine
565 2232 757 2265 narrantur
774 2230 817 2263 de
835 2228 1019 2263 hominum
1040 2225 1234 2261 illustrium
1254 2223 1460 2265 virtutibus,
1478 2222 1671 2263 miraculis,
1690 2219 1980 2260 revelationibus,

225 2294 262 2326 et
286 2291 316 2325 si
343 2302 434 2335 quae
460 2290 530 2325 alia
557 2289 770 2329 referuntur,
797 2299 890 2332 quae
916 2288 1066 2321 naturae
1092 2285 1166 2319 vim
1193 2287 1228 2318 et
1253 2283 1494 2318 condicionem
1514 2281 1687 2316 excedere
1706 2280 1904 2320 videantur,
1930 2278 1981 2312 ita

225 2362 265 2385 se
291 2350 384 2384 velle
410 2349 582 2392 intellegi,
617 2353 657 2382 ut
682 2359 703 2382 a
729 2347 870 2392 privata
895 2348 1036 2380 tantum
1063 2343 1278 2378 auctoritate
1304 2342 1465 2387 profecta
1500 2344 1536 2376 et
1565 2340 1721 2375 humana
1745 2340 1886 2373 tantum
1912 2337 1982 2371 fide

227 2409 335 2453 digna
360 2421 440 2445 esse
466 2409 688 2449 censeantur,
714 2406 782 2440 nisi
809 2417 829 2440 a
855 2407 981 2439 sancta
1007 2403 1160 2438 ecclesia
1185 2402 1383 2448 approbata
1409 2401 1492 2435 sint.

664 2551 753 2582 um
767 2529 880 2577 [ΟΝ
896 2510 1166 2569 COLLEGE
1177 2494 1443 2552 LIBRARY

688 2592 1016 2657 CHESTNUT
1035 2581 1190 2634 fflLL,
1206 2569 1388 2624 MASS,

885 2688 1360 2817 JOJJBBA)

812 3029 965 3072 Omnia
997 3029 1091 3070 iura
1123 3029 1417 3070 reservantur.

777 3169 870 3203 Typis
892 3167 1098 3197 Hordei-ianis,
1114 3146 1258 3198 &Friburgri
1277 3145 1467 3197 Brisigaviao.
