2045 3471
216 222 299 263 676
565 218 660 252 Mon.
680 219 747 253 749
773 218 851 252 sive
877 229 987 262 germ.
1008 218 1029 252 l.
1052 217 1140 261 (24).
1182 217 1288 251 Initio
1314 229 1360 252 m.
1379 217 1452 252 Ian.
1472 229 1503 252 a.
1525 218 1627 253 1566.

213 337 474 380 Noviomagum
501 335 570 370 iret
596 336 653 369 vel
680 347 759 369 cum
777 335 1000 378 Noviomago
1020 335 1202 370 Coloniam
1229 337 1491 376 reverteretur;
1520 335 1581 369 sed
1604 336 1739 369 frustra
1766 347 1843 369 eum
1869 347 1975 379 quae-

213 391 301 425 sivit
337 390 387 433 (v.
422 400 530 433 supra
564 401 597 433 p.
627 389 722 431 157).
781 389 925 422 Invenit
959 401 1039 422 eum
1077 388 1222 422 tandem
1261 400 1306 422 ex
1340 389 1469 422 itinere
1504 389 1738 433 westphalico
1782 389 1830 432 (v.
1867 400 1975 434 supra

214 456 248 489 p.
278 444 378 486 17Ο);
415 443 498 476 huic
524 446 655 483 autem,
691 442 721 476 si
747 442 906 476 locorum
931 443 1024 476 situs
1050 444 1244 486 spectetur,
1280 441 1578 486 Dusseldorpium
1612 442 1725 476 multo
1751 442 1869 485 magis
1894 453 1976 476 con-

214 497 322 541 gruit,
350 507 457 540 quam
482 495 668 530 Iuliacum.

333 549 509 589 Canisius,
545 551 585 582 ut
619 549 694 593 ipse
720 547 873 591 Borgiae
899 547 1056 593 scripsit,
1087 547 1151 590 „ad
1178 548 1283 581 finem
1311 547 1500 582 Decemb.“
1526 548 1616 582 1565
1643 547 1880 582 Furstenavia
1907 548 1976 582 dis-

215 603 324 638 cessit
353 603 403 647 (V.
430 614 539 646 supra
574 614 606 647 p.
636 601 738 643 168);
775 601 917 635 litterae
944 603 1075 641 autem,
1112 601 1242 644 quibus
1273 601 1480 643 „Summae“
1510 612 1598 635 suae
1630 601 1821 635 editionem
1846 612 1976 635 novam

213 656 356 691 senatui
382 656 583 700 populoque
610 654 803 689 coloniensi
830 654 980 696 dedicat,
1008 654 1154 689 Colonia
1185 654 1306 699 „fei-ijs
1325 654 1547 699 Epiphaniae
1565 654 1728 688 Domini“
1754 655 1801 697 (6.
1822 654 1976 688 Ianuarii

214 709 274 744 vel
299 709 428 744 saltem
454 708 628 754 proximis
656 708 674 741 7
702 707 843 750 diebus)
875 708 964 742 1566
991 708 1097 741 datae
1123 711 1209 741 sunt
1238 708 1286 750 (v.
1315 719 1424 752 supra
1450 720 1483 752 p.
1506 708 1600 750 163).
1652 705 1769 748 Quare
1795 719 1875 741 eum
1911 707 1976 742 sub

213 764 247 797 4.
268 762 422 797 Ianuarii
450 762 540 796 1566
567 760 815 805 Dusseldorpii
842 772 922 794 cum
949 761 1037 794 duce
1064 761 1183 804 egisse
1210 760 1373 795 dixerim.

337 817 502 849 Raderus
521 814 622 857 (Can.
644 814 725 857 153)
755 814 922 855 affirmat,
951 814 1132 847 Canisium
1161 814 1312 858 primum
1333 813 1498 849 Coloniae
1524 814 1668 857 negotia
1685 813 1869 857 religionis
1886 813 1977 858 apud

214 871 379 904 senatum
415 871 450 902 et
483 867 759 902 universitatem
793 867 1022 911 expedivisse
1057 878 1099 901 ac
1133 869 1219 901 tunc
1254 868 1396 901 demum
1430 867 1555 901 ducem
1582 867 1813 901 iuliacensem
1840 867 1977 907 adisse;

215 933 286 966 qua
312 923 348 955 in
374 933 413 955 re
439 921 615 955 Raderum
644 920 808 964 sequitur
832 922 959 963 Boero,
987 920 1071 954 Can.
1091 920 1290 955 289-290.
1341 921 1504 954 Raderus
1530 923 1659 961 autem,
1691 922 1732 954 ut
1756 919 1808 954 ita
1833 920 1980 961 diceret,

214 976 383 1010 inductus
418 978 474 1009 est
508 986 570 1019 per
596 974 635 1007 P.
661 975 826 1018 Hasium,
853 974 913 1017 qui
941 973 1101 1008 *litteris
1137 984 1168 1007 a.
1200 974 1288 1008 1613
1317 993 1359 997 -—
1388 975 1432 1009 50
1458 985 1571 1018 paene
1597 974 1700 1007 annis
1726 976 1807 1018 post
1840 973 1976 1007 factum

214 1029 331 1073 ipsum
350 1048 395 1052 —
414 1028 456 1061 ad
475 1028 654 1061 Raderum
674 1026 768 1061 datis
789 1028 961 1070 (autogr.;
984 1026 1066 1060 Cod.
1091 1026 1199 1071 „Epp.
1219 1027 1263 1060 ad
1282 1026 1371 1061 Rad.
1393 1027 1625 1062 1606—1615
1645 1027 1679 1060 1“
1701 1038 1734 1060 n.
1751 1027 1806 1068 54,
1825 1026 1974 1069 §xxxv

214 1082 266 1116 ita
292 1082 335 1115 ad
362 1093 443 1115 eum
468 1080 628 1121 1·ettulit;
664 1080 732 1114 hac
765 1082 884 1113 autem
920 1080 956 1113 in
992 1091 1029 1113 re
1056 1079 1207 1113 Hasium
1242 1080 1348 1114 fidem
1383 1092 1451 1114 non
1477 1080 1606 1114 mereri
1631 1080 1746 1124 liquet
1772 1080 1829 1113 vel
1855 1091 1900 1113 ex
1927 1091 1978 1121 eo,

215 1135 309 1179 quod
336 1134 367 1168 is
392 1135 428 1167 in
455 1134 588 1168 eisdem
619 1133 750 1167 litteris
777 1133 946 1173 affirmat,
973 1132 1154 1166 Canisium
1181 1136 1263 1177 post
1289 1134 1321 1167 d.
1343 1133 1396 1167 14.
1415 1133 1572 1167 Ianuarii
1597 1133 1634 1167 in
1651 1132 1916 1178 VVestphaliam
1944 1135 1980 1166 et

215 1188 478 1231 Noviomagum
504 1187 703 1232 profectum
731 1198 829 1225 esse;
858 1186 893 1219 id
920 1185 1012 1230 quod
1039 1197 1165 1219 verum
1192 1198 1260 1219 non
1287 1197 1366 1220 esse
1393 1186 1595 1220 certissime
1621 1188 1763 1220 constat
1790 1186 1852 1228 (cf.
1871 1197 1979 1230 supra

214 1253 248 1286 p.
276 1241 374 1284 666).
418 1240 578 1274 Raderus
605 1242 713 1280 certe,
748 1239 780 1273 si
805 1239 919 1284 ipsius
946 1239 1080 1273 Canisii
1114 1239 1256 1273 litteras
1282 1239 1432 1273 Romam
1467 1240 1596 1274 missas
1623 1239 1775 1273 vidisset
1802 1239 1852 1283 (V.
1871 1250 1978 1284 supra

215 1306 248 1339 p.
274 1294 370 1337 170),
397 1305 477 1327 cum
503 1293 676 1327 Sacchino
704 1291 805 1336 (Can.
826 1292 909 1336 224)
931 1292 1093 1333 dixisset,
1122 1292 1305 1326 Canisium
1331 1292 1483 1337 primum
1511 1304 1591 1326 cum
1619 1293 1717 1334 duce,
1745 1292 1872 1326 deinde
1898 1303 1978 1326 cum

216 1347 487 1382 Coloniensibus
514 1346 643 1390 egisse.

334 1399 410 1441 Quo
436 1411 516 1434 cum
543 1400 664 1433 fructu
691 1399 856 1433 Canisius
882 1399 916 1432 in
944 1398 1025 1432 aula
1051 1398 1236 1433 iuliacensi
1273 1399 1379 1433 rebus
1406 1399 1590 1442 religionis
1624 1410 1769 1444 operam
1794 1399 1977 1432 navavit?

214 1454 295 1499 Ipse
322 1453 474 1497 Borgiae
500 1453 543 1487 de
562 1452 752 1487 Guilielmo
779 1453 867 1486 duce
894 1452 1053 1486 rettulit:
1085 1452 1277 1495 „Promisit
1302 1464 1339 1486 se
1366 1455 1558 1486 uenturum
1578 1453 1800 1495 Augustam“
1831 1451 1875 1486 ad
1901 1463 1977 1497 pro-

214 1507 315 1541 xima
339 1507 480 1552 imperii
510 1505 655 1540 comitia
685 1508 742 1548 „et
776 1507 1021 1550 promoturum
1057 1517 1222 1539 caussam
1249 1505 1457 1549 Religionis,
1493 1508 1670 1549 quatenus
1696 1505 1762 1539 Dei
1788 1505 1897 1539 verbo
1932 1505 1980 1539 sit

216 1561 496 1594 consentaneum
532 1560 619 1594 etc.“
673 1559 763 1600 Quid
800 1559 902 1601 signo
937 1558 998 1592 illo
1030 1560 1136 1600 „etc.“
1168 1560 1369 1603 exprimere
1401 1558 1556 1593 voluerit
1582 1559 1757 1600 Canisius,
1793 1558 1829 1592 id
1863 1557 1979 1601 magis

214 1625 302 1648 sane
328 1613 541 1656 singillatim
566 1612 727 1655 intellegi
754 1615 886 1656 posset,
913 1612 943 1646 si
970 1614 1112 1656 praesto
1139 1615 1261 1646 essent
1287 1612 1472 1657 epistulae,
1500 1612 1628 1656 quibus
1654 1612 1714 1645 ille
1732 1612 1774 1645 de
1800 1612 1978 1654 legatione

215 1678 281 1701 sua
315 1667 360 1700 ad
395 1666 613 1700 cardinalem
639 1665 821 1699 Amulium
856 1665 1037 1699 referebat
1065 1667 1115 1708 (v.
1142 1676 1252 1709 supra
1285 1677 1318 1709 p.
1348 1665 1445 1708 106).
1494 1664 1624 1699 Verbis
1658 1677 1745 1699 sane
1782 1668 1979 1708 „quatenus

215 1719 281 1754 Dei
308 1719 416 1753 verbo
441 1719 489 1753 sit
515 1719 812 1753 consentaneum“
843 1730 883 1751 eo
909 1721 1069 1763 tempore
1104 1721 1348 1763 protestantes
1374 1730 1482 1763 saepe
1517 1718 1691 1752 adversus
1717 1717 1913 1752 catholicos
1939 1728 1978 1751 se

214 1773 421 1807 tuebantur.

334 1826 488 1859 Aliunde
514 1828 634 1859 tamen
661 1825 703 1858 de
738 1825 844 1859 factis
872 1825 1084 1868 quibusdam
1113 1827 1264 1865 constat,
1301 1836 1322 1858 a
1349 1825 1477 1869 quibus
1505 1824 1637 1859 Canisii
1665 1836 1808 1869 operam
1835 1824 1976 1858 omnino

215 1879 374 1914 abfuisse
400 1891 469 1912 non
496 1878 666 1912 dixerim:

336 1933 366 1966 1.
395 1932 448 1965 Ab
475 1931 620 1965 ineunte
646 1943 677 1965 a.
700 1931 790 1965 1558
809 1930 992 1965 Guilielmi
1019 1931 1119 1965 ducis
1146 1932 1428 1965 contionatorem
1455 1931 1612 1965 aulicum
1638 1931 1770 1973 agebat
1796 1930 1977 1965 Gerardus

215 1985 358 2019 Veltius
384 1985 525 2029 (Vels);
551 1984 718 2018 sacerdos
744 1985 774 2018 is
802 1987 888 2025 erat,
916 1984 977 2018 sed
997 1984 1057 2028 qui
1076 1985 1207 2018 missae
1226 1984 1443 2018 sacrificium
1470 1996 1538 2018 non
1565 1984 1718 2025 offerret,
1745 1995 1892 2017 uxorem
1919 1983 1978 2016 ha-

216 2039 327 2079 beret,
362 2050 427 2072 sua
456 2038 672 2072 auctoritate
699 2038 779 2071 duci
807 2038 1061 2071 eucharistiam
1088 2038 1155 2072 sub
1182 2040 1334 2081 utraque
1361 2038 1480 2082 specie
1510 2037 1709 2082 praeberet.
1758 2038 1860 2070 Anno
1889 2037 1976 2071 1561

214 2092 367 2125 Ioannes
391 2091 605 2125 Franciscus
632 2091 916 2125 Commendonus
942 2091 1090 2125 nuntius
1117 2091 1335 2135 apostolicus
1358 2091 1505 2133 frustra,
1532 2093 1572 2124 ut
1590 2090 1732 2124 Veltius
1758 2101 1778 2123 a
1803 2091 1979 2133 suggestu

214 2146 469 2183 removeretur,
496 2144 660 2189 petierat.
711 2144 816 2177 Initio
843 2146 961 2177 autem
997 2156 1042 2178 m.
1071 2144 1226 2177 Ianuarii
1262 2155 1293 2177 a.
1324 2144 1412 2177 1566
1449 2143 1509 2177 ille
1544 2155 1588 2176 ex
1625 2143 1707 2176 aula
1742 2142 1909 2176 discessit
1942 2146 1978 2176 et

216 2197 383 2232 Vesaliae
403 2197 558 2241 (XVesel)
578 2197 856 2242 protestantium
883 2197 1079 2231 ministerio
1099 2209 1137 2231 se
1157 2197 1295 2231 addixit
1316 2196 1480 2240 (Wolters
1496 2196 1519 2230 l.
1539 2208 1569 2230 c.
1591 2196 1675 2230 1611
1701 2195 1795 2230 262¹.
1834 2196 1978 2239 Lossen,

217 2251 320 2284 K'oln.
342 2251 461 2294 Krieg,
489 2250 598 2293 Vorg.
626 2251 720 2284 247¹.
772 2251 893 2284 Keller
919 2251 940 2284 1.
961 2251 1026 2284 c.I
1056 2250 1127 2294 15).

335 2304 367 2337 2.
399 2305 609 2337 Gnilielmzcs
635 2304 787 2348 primum
814 2306 993 2337 statuerat
1018 2303 1063 2337 ad
1090 2303 1234 2337 comitia
1260 2305 1464 2347 augustana
1490 2302 1685 2336 Henricum
1705 2313 1773 2336 von
1800 2301 1863 2335 der
1880 2300 1978 2334 Reck

217 2359 253 2390 et
291 2357 478 2399 Aegidium
516 2357 690 2390 Mommer
726 2356 948 2390 consiliarios
986 2356 1127 2399 legare;
1168 2356 1297 2400 quibus
1335 2356 1371 2390 in
1410 2355 1684 2398 „instructione“
1724 2353 1979 2398 Dusseldorpio

218 2410 273 2444 28.
293 2409 499 2444 Decembris
529 2411 616 2444 1565
654 2410 738 2443 data
771 2410 846 2451 hoc,
883 2413 1027 2454 praeter
1062 2410 1143 2450 alia,
1179 2410 1425 2450 mandaverat,
1461 2410 1501 2442 ut
1527 2419 1605 2442 cum
1632 2407 1771 2452 imperii
1797 2407 1979 2441 ordinibus

217 2462 379 2506 religioni
406 2463 660 2507 prospicerent,
691 2463 823 2504 „damit
849 2463 904 2496 die
931 2463 1003 2496 alte
1030 2462 1247 2503 christliche,
1274 2462 1514 2507 apostolische
1540 2461 1610 2494 und
1638 2472 1732 2494 ware
1758 2460 1979 2494 catholische

217 2515 270 2549 ler
295 2527 360 2549 aus
385 2516 447 2549 der
473 2515 624 2559 heiliger
658 2516 835 2559 gotlicher
869 2515 998 2550 schrift
1031 2517 1103 2550 und
1140 2515 1369 2558 einhelligem
1394 2516 1558 2548 verstant
1594 2514 1664 2547 und
1691 2513 1892 2556 auslegung
1917 2513 1980 2547 der

218 2568 315 2601 alten
341 2579 461 2602 waren
488 2569 750 2613 apostolischen
779 2569 849 2602 und
885 2568 1129 2602 catholischen
1164 2568 1257 2602 lerer
1292 2567 1486 2608 befurdert,
1522 2567 1578 2600 die
1608 2566 1851 2609 eingerissene
1876 2565 1978 2599 miss-

218 2620 350 2654 breuch
378 2621 557 2663 abgestelt
582 2622 653 2655 und
680 2622 750 2655 alle
776 2621 1035 2656 unchristliche
1061 2621 1255 2656 verbotene
1291 2623 1413 2654 secten
1448 2619 1633 2662 hingelegt
1667 2619 1737 2652 und
1767 2618 1980 2661 abgeschaft

220 2674 362 2706 werden
390 2675 559 2716 niogen“;
595 2686 696 2714 neve,
722 2675 752 2708 si
780 2675 865 2718 quid
891 2675 983 2708 forte
1009 2675 1205 2719 imperator
1231 2685 1272 2707 ea
1299 2674 1341 2707 de
1367 2685 1405 2707 re
1431 2673 1641 2706 decreturus
1667 2674 1774 2711 esset,
1804 2671 1847 2704 ab
1874 2683 1914 2704 eo
1940 2683 1979 2704 se

218 2730 462 2769 segregarent.
514 2726 643 2761 Postea
670 2739 754 2761 vero
788 2728 865 2772 ipse
900 2728 943 2761 ad
979 2727 1123 2761 comitia
1157 2727 1255 2761 adire
1290 2726 1437 2766 statuit;
1473 2726 1517 2759 ad
1544 2736 1635 2769 quae
1665 2724 1720 2758 20.
1739 2723 1861 2757 Martii
1890 2724 1978 2758 1566

220 2779 376 2812 advenit.
416 2779 491 2813 Etsi
510 2782 631 2813 autem
651 2780 864 2814 Guilielmus
890 2792 928 2814 se
954 2780 1099 2814 iubente
1125 2780 1219 2814 haud
1245 2779 1354 2813 semel
1383 2779 1596 2823 imperatore
1615 2779 1817 2819 Augustam
1834 2777 1981 2810 venisse

220 2831 401 2865 ordinibus
427 2832 551 2866 Iuliaci
578 2836 614 2866 et
639 2833 814 2867 Montium
841 2845 886 2868 m.
906 2833 1053 2867 Octobri
1078 2845 1109 2867 a.
1133 2834 1222 2867 1566
1247 2832 1445 2866 affirmavit
1471 2831 1606 2874 (Geory
1630 2841 1694 2864 ron
1713 2830 1840 2873 Below,
1867 2830 1978 2863 Land-

219 2883 414 2926 tagsakten
440 2897 509 2918 von
536 2886 768 2929 Jiilich-Berg
797 2887 1030 2920 1400—1610
1056 2886 1100 2926 ΙΙ,
1127 2885 1343 2919 Diisseldorf
1365 2885 1464 2925 1907,
1493 2884 1627 2918 70-71
1657 2883 1729 2925 85),
1756 2882 1832 2916 fieri
1857 2884 1977 2916 tamen

222 2938 371 2978 poterat,
408 2940 447 2970 ut
473 2938 515 2970 ad
544 2938 643 2972 ducis
680 2939 837 2972 animum
863 2950 905 2972 ea
930 2939 966 2972 in
992 2951 1030 2972 re
1056 2939 1266 2972 mutandum
1293 2939 1402 2971 etiam
1429 2936 1593 2971 Canisius
1620 2935 1751 2979 aliquid
1789 2936 1978 2969 conferret.

339 2988 370 3021 3.
401 2990 578 3033 Canise'em,
604 2992 644 3024 ut
670 2991 746 3035 ipse
773 2992 894 3031 refert,
921 2992 1047 3025 ducem
1073 2994 1270 3032 monuerat,
1302 3002 1364 3032 „ne
1391 2991 1507 3024 locum
1535 2989 1636 3022 daret
1661 2987 1911 3022 nouationibus
1936 2999 1978 3022 ac

222 3039 528 3082 profanationibus
565 3044 818 3077 sectari0r11n1“
856 3044 906 3086 (v.
934 3056 1043 3088 supra
1078 3056 1111 3088 p.
1145 3044 1240 3086 170).
1301 3044 1440 3087 Reapse
1482 3042 1693 3075 Guilielmus
1730 3040 1978 3086 Dusseldorpii

224 3091 278 3124 23.
298 3092 453 3126 Ianuarii
474 3095 562 3127 1566
589 3095 763 3129 adversus
793 3097 1004 3137 „sectarios“
1036 3096 1216 3140 copiosum
1244 3095 1431 3138 evulgavit
1457 3095 1674 3133 mandatum,
1701 3104 1769 3136 quo
1796 3105 1916 3127 eorum
1942 3096 1977 3127 et

222 3144 364 3177 nomina
390 3145 433 3178 ad
459 3147 661 3189 praefectos
687 3148 828 3188 deferri,
864 3152 900 3181 et
928 3149 1030 3189 bona,
1066 3149 1134 3182 nisi
1160 3149 1212 3182 illi
1237 3149 1484 3192 resipuissent,
1520 3146 1693 3191 proscribi
1718 3145 1875 3180 iubebat.
1925 3148 1977 3180 Ac

223 3196 388 3239 quoniam
416 3198 615 3241 accepisset
648 3211 759 3233 novos
786 3201 820 3233 in
856 3200 931 3234 dies
958 3212 978 3233 a
1003 3201 1169 3245 parochis
1194 3201 1335 3234 institui
1361 3202 1462 3241 ritus,
1499 3199 1627 3244 quibus
1651 3198 1763 3239 fieret,
1795 3202 1834 3232 ut
1858 3210 1975 3233 sacra-
