2077 3461
265 200 346 241 142
447 198 547 232 1266.
577 197 741 232 Canisius
767 197 888 232 Marco
915 197 1068 232 Amulio.
1122 197 1223 233 1267.
1251 198 1416 233 Canisius
1443 198 1476 234 S.
1496 199 1686 234 Francisco
1713 200 1754 234 de
1780 200 1921 244 Borgia.

260 313 412 350 1266.
536 313 752 348 CANISIUS
797 314 1056 349 CARDINALI
1106 313 1343 350 MARCO
1387 314 1692 351 ANTONIO
1735 315 2015 361 AMULIO,

426 367 591 412 episcopo
617 368 765 402 reatino.
1256 368 1401 402 Colonia
1429 370 1459 403 7.
1487 368 1546 402 ν91
1571 369 1603 404 8.
1631 368 1838 404 Decembris
1867 371 1968 405 1565.

381 439 558 480 ί’(ι)ει“8ἱιι3,
593 440 624 472 si
650 439 796 472 Anmlio
821 440 862 472 de
888 440 1147 472 consecratione
1173 438 1430 482 (welzz'episcopi
1463 441 1668 473 treverensis
1695 451 1764 473 non
1789 441 1933 484 scripsit
1957 444 2014 476 21.

261 493 308 525 uel
334 494 388 524 22.
409 492 615 525 Novembris
643 495 733 525 1565
761 493 859 533 (vide
883 503 995 535 snpra
1015 504 1053 535 J).
1074 492 1174 533 134),
1211 496 1298 524 certe
1324 493 1364 525 (Ze
1389 493 1507 525 eadem
1531 511 1578 515 ——
1604 504 1645 525 (tc
1668 494 1820 535 fortasse
1846 496 1948 527 etiam
1975 496 2016 529 de

261 547 370 578 variis
389 545 490 578 rebus
508 546 774 588 coloniensibus,
795 550 831 578 ut
849 547 890 578 (Ze
907 546 1064 588 epi-scopo
1081 547 1310 588 suffrctyaneo
1330 546 1569 578 constituendo
1588 547 1653 588 (cf.
1674 547 1772 589 infra
1792 558 1825 580 η.
1841 549 1949 589 1267)
1970 567 2013 572 -

258 599 400 640 scripsit
428 598 576 632 Colonia
604 601 635 631 7.
662 600 711 631 vel
738 600 768 631 S.
793 599 989 631 Decembris
1008 599 1106 632 1565.
1150 599 1324 642 Equidem
1351 599 1482 632 inclino
1511 601 1548 632 ίη
1576 600 1622 638 id,
1652 605 1687 632 μέ
1713 611 1788 633 cnm
1815 606 1845 633 et
1871 605 2015 635 exeunte

258 651 446 684 Novembri
471 655 501 684 et
528 652 629 684 ἱηίέίο
655 652 856 684 Decembris
881 653 1062 694 scripsisse
1087 652 1213 685 dicam.

378 715 431 749 Cf.
458 715 553 748 infra
578 727 611 749 n.
636 716 737 750 1267.

259 833 409 869 1267.
516 833 732 868 CANlSIL'S
766 831 1031 868 SANCTO
1060 831 1446 868 FRANCISCO
1474 831 1566 867 DE
1594 831 1880 876 BORGIA,
1915 847 2014 880 prae-

421 887 536 932 posito
564 886 723 929 generali
750 886 941 921 Societatis
966 886 1057 920 lesu.
1393 886 1538 920 Colonia
1569 887 1600 921 8.
1627 886 1835 922 Decembris
1864 889 1964 923 1565.

376 957 430 991 Ex
456 958 657 991 litterarum
684 957 836 999 Borgiae
863 968 997 1002 apogr„
1029 957 1103 990 eod.
1131 959 1239 1001 temp.
1267 957 1413 1002 scripto,
1465 957 1548 991 Cod.
1579 956 1719 999 „Germ.
1747 958 1810 992 65“ι
1840 959 1864 993 f.
1893 959 1964 994 70¹³.

375 1029 529 1070 Bargylus
558 1028 712 1071 Cane'sae'07
740 1030 853 1062 Roma
880 1031 912 1062 2.
932 1029 1191 1061 Martic71566:
1218 1029 1393 1071 „chando
1420 1034 1538 1072 questa
1564 1030 1741 1062 (cm-ficara
1765 1030 1826 1072 ssia
1851 1042 2013 1073 spercmto

256 1093 340 1115 sat-«t
368 1083 405 1115 V.
432 1082 474 1115 R.
499 1083 618 1125 [sz'onto
655 1083 691 1114 ιίι
720 1084 881 1126 Anynstoe
909 1108 916 1115 .
944 1083 1001 1114 cui
1035 1082 1150 1115 lettere
1186 1083 1224 1115 di
1262 1082 1410 1115 Colonia
1445 1083 1486 1115 de
1521 1086 1563 1116 ,8.
1591 1084 1632 1115 (le
1657 1084 1831 1116 decembre
1864 1095 1948 1117 sono
1982 1085 2013 1117 le

258 1136 374 1167 ultime
400 1135 458 1168 che
483 1137 521 1168 do·
547 1136 591 1168 lei
616 1136 763 1168 hauemo
790 1135 978 1168 ricezcnte.“

374 1204 506 1239 Canisii
541 1205 685 1239 litterae
718 1205 854 1250 perisse
881 1205 1059 1238 videntur.
1110 1203 1161 1237 De
1197 1204 1326 1248 quibus
1361 1205 1443 1239 vide
1469 1205 1622 1248 Borgiae
1657 1206 1868 1250 epistulam,
1905 1218 2012 1250 quam

254 1258 357 1292 modo
384 1258 467 1292 dixi.
520 1257 596 1292 Hoc
622 1258 698 1292 loco
725 1258 813 1292 haec
839 1261 981 1292 tantum
1007 1258 1118 1292 addo:
1156 1256 1332 1298 Canisius,
1368 1261 1408 1292 ut
1443 1270 1487 1292 ex
1513 1258 1665 1302 Borgiae
1694 1259 1849 1304 epistula
1874 1260 2011 1294 intelle-

255 1312 361 1353 gitur,
397 1312 547 1345 eundem
583 1312 729 1352 monuit,
766 1311 1060 1346 archidioecesim
1096 1310 1334 1345 coloniensem
1365 1311 1530 1356 episcopo
1557 1312 1782 1355 suffraganeo
1809 1313 1886 1347 sive
1913 1313 2011 1347 auxi—

254 1364 334 1398 liari
370 1364 601 1399 vehementer
635 1365 807 1408 indigere.
867 1365 1018 1398 Ioannes
1053 1364 1253 1397 Pennarius
1289 1363 1329 1398 Ο.
1356 1364 1443 1399 Min.
1471 1364 1591 1406 Conv.,
1629 1365 1788 1400 titularis
1823 1366 2011 1411 episcopus

255 1419 462 1462 cyrenensis
497 1420 533 1451 et
566 1418 818 1461 suffraganeus
853 1417 1076 1457 coloniensis,
1115 1418 1167 1451 13.
1194 1416 1415 1461 Septembris
1444 1418 1532 1452 1563
1567 1418 1776 1462 Moguntiae
1811 1419 2012 1454 exstinctus

255 1474 331 1504 erat
353 1472 483 1513 (Konr.
501 1472 612 1505 Eubel
631 1470 671 1505 O.
686 1471 723 1505 F.
740 1471 799 1509 M.‚
827 1470 1042 1505 Geschichte
1069 1471 1131 1504 der
1154 1470 1365 1504 k'olnischen
1382 1470 1890 1516 Minoriten-Ordensprovinz‚
1917 1472 2010 1507 Koln

256 1524 356 1564 1906,
394 1524 467 1567 55).
518 1523 643 1568 Neque
670 1535 885 1568 quemquam
911 1524 1021 1558 alium
1056 1525 1091 1557 in
1118 1524 1195 1557 eius
1229 1523 1344 1557 locum
1371 1524 1613 1558 substituebat
1638 1525 1840 1559 Fridericus
1865 1537 1885 1559 a
1910 1525 2012 1561 Veda

254 1577 553 1622 archiepiscopus,
587 1577 836 1622 praetendens,
863 1581 903 1611 ut
928 1578 1082 1619 videtur,
1109 1588 1279 1619 magnum
1305 1588 1367 1611 aes
1393 1577 1559 1618 alienum,
1586 1589 1654 1621 quo
1680 1578 2010 1624 archiepiscopatus

254 1630 485 1673 gravabatur.
535 1632 589 1664 Ac
624 1630 826 1664 Fridericus
859 1642 999 1675 quoque
1035 1631 1156 1665 ordine
1192 1630 1385 1674 episcopali
1421 1631 1585 1670 carebat;
1624 1631 1732 1665 immo
1765 1643 1810 1665 ne
1844 1633 2010 1667 sacerdos

253 1683 395 1726 quidem
422 1686 499 1717 erat
528 1683 616 1726 (Das
642 1683 740 1718 Buch
764 1683 989 1727 Weinsberg,
1016 1684 1136 1717 bearb.
1156 1694 1226 1716 von
1243 1684 1434 1717 Konstant.
1453 1684 1655 1717 Ηϋῖιῖῦαιιιη
1674 1684 1716 1724 II,
1743 1683 1888 1730 Leipzig
1909 1686 2009 1727 1887,

255 1736 350 1779 172).
387 1734 503 1776 Quare
530 1737 628 1771 cives
646 1737 899 1781 querebantur,
927 1737 1018 1771 filios
1037 1749 1130 1777 suos,
1158 1748 1237 1770 cum
1256 1736 1438 1770 ordinibus
1457 1737 1590 1770 initiari
1608 1737 1753 1779 vellent,
1772 1738 2007 1781 Moguntiam,

252 1788 438 1830 Treveros,
474 1789 654 1831 Leodium,
690 1790 949 1824 Monasterium
976 1790 1272 1835 Westphalorum
1309 1789 1487 1834 proficisci
1522 1790 1650 1824 debere
1676 1792 1816 1833 magnis
1843 1803 1922 1825 cum
1949 1804 2008 1826 ex-

251 1843 371 1887 pensis
406 1846 442 1876 et
476 1855 556 1877 cum
591 1843 921 1888 archiepiscopatus
956 1843 1169 1878 coloniensis
1206 1843 1378 1876 dedecore
1416 1844 1580 1886 (Hansen
1610 1843 1633 1877 l.
1660 1855 1689 1877 c.
1718 1844 1785 1878 562
1801 1845 1838 1887 ¹).
1889 1846 2008 1888 Atque

251 1896 359 1930 etiam
387 1895 590 1940 Capitulum
625 1896 939 1941 metropolitanum
974 1897 1211 1937 desiderabat,
1248 1898 1288 1929 ut
1313 1895 1515 1930 Fridericus
1541 1897 1808 1940 suffraganeum
1835 1897 2008 1941 deligeret

251 1951 286 1982 et
311 1952 534 1983 sustentaret
561 1949 709 1992 (Lossen
736 1950 758 1983 l.
779 1962 808 1984 c.
836 1950 850 1983 1
878 1951 926 1991 7).

367 2001 493 2046 Neque
511 2002 655 2036 dubium
684 2005 749 2043 est,
777 2003 862 2046 quin
882 2002 1048 2036 Canisius
1074 2002 1200 2036 iisdem
1227 2001 1360 2036 litteris
1387 2001 1457 2036 alia
1476 2002 1584 2036 etiam
1609 2002 1645 2036 in
1663 2003 1842 2037 Friderico
1860 2003 2007 2038 Vedano

249 2055 447 2089 notaverit:
482 2055 528 2096 Is,
558 2056 611 2090 19.
637 2055 850 2090 Novembris
889 2056 978 2090 1562
1013 2055 1160 2096 electus,
1196 2057 1376 2100 potestate
1409 2055 1551 2098 quidem
1587 2056 1760 2090 ecclesiae
1795 2056 2008 2091 coloniensis

254 2108 595 2149 „administrandae“
635 2119 673 2142 se
709 2119 729 2142 a
764 2108 827 2141 Pio
864 2108 923 2142 lv.
960 2120 1022 2153 per
1060 2108 1202 2142 litteras
1240 2108 1458 2152 apostolicas
1496 2108 1712 2143 instructum
1750 2120 1828 2143 esse
1867 2109 2007 2143 dicebat

252 2161 419 2205 (Poye'ccm'
456 2160 636 2206 Epistolae
662 2161 712 2194 IV
738 2161 845 2204 298);
881 2164 919 2195 at
949 2160 1254 2195 confirmationem
1291 2161 1524 2205 apostolicam
1559 2161 1714 2195 nondum
1749 2162 2006 2207 impetraverat

248 2226 363 2258 neque
389 2214 557 2248 sacerdos
583 2216 669 2255 erat,
705 2226 786 2248 cum
816 2215 871 2255 (ut
907 2214 972 2248 hoc
1008 2214 1084 2248 loco
1110 2214 1199 2248 nihil
1226 2214 1341 2248 dicam
1367 2214 1410 2247 de
1441 2215 1518 2248 iure
1552 2216 1729 2249 communi
1754 2215 1814 2249 vel
1849 2215 1891 2249 de
1918 2215 2005 2250 Con-

248 2268 402 2302 cordatis
421 2267 653 2307 Germaniae;
680 2267 762 2301 vide
788 2278 897 2312 supra
915 2279 947 2312 p.
970 2268 1068 2310 116¹)
1088 2267 1331 2310 singularibus
1350 2268 1457 2302 etiam
1477 2268 1594 2312 pactis
1620 2268 1720 2302 initis
1745 2269 2005 2313 spopondisset,

248 2333 286 2355 se
312 2321 424 2366 primo
459 2323 540 2365 post
575 2320 784 2354 electionem
820 2332 912 2354 anno
939 2323 975 2354 et
1009 2321 1249 2354 sacerdotium
1276 2323 1321 2361 et,
1354 2321 1423 2354 nisi
1454 2332 1474 2354 a
1499 2321 1667 2365 pontifice
1703 2321 2004 2366 dispensationem

246 2374 484 2419 impetrasset,
511 2374 814 2408 consecrationem
841 2373 1079 2418 episcopalem
1106 2376 1357 2418 suscepturum
1384 2385 1463 2408 esse
1492 2374 1640 2417 (Lossen
1665 2374 1687 2408 l.
1708 2375 1770 2408 0.Ι
1798 2375 1847 2418 7).
1886 2376 2003 2418 Atque

246 2427 323 2472 ipsa
359 2427 466 2461 etiam
493 2427 689 2461 Friderici¹
714 2427 802 2461 fides
838 2428 873 2460 in
907 2427 1145 2471 suspicionem
1172 2427 1295 2461 venire
1327 2430 1504 2472 coeperat.
1554 2427 1790 2461 Meminerant
1825 2427 2002 2467 catholici,

246 2492 325 2514 eum
353 2481 435 2514 olim
462 2492 482 2514 a
509 2482 739 2524 praeceptore
773 2491 843 2514 non
878 2479 1055 2514 catholico
1090 2480 1297 2514 institutum
1334 2492 1412 2514 esse
1447 2480 1483 2514 in
1519 2481 1601 2514 aula
1627 2480 1823 2514 Hermanni
1857 2491 1877 2514 a
1904 2480 2003 2514 Veda

247 2534 374 2578 patrui,
411 2533 471 2577 qui
497 2545 542 2567 ex
568 2533 836 2578 archiepiscopo
863 2532 1056 2566 coloniensi
1083 2536 1248 2577 apostata
1274 2544 1294 2567 a
1320 2533 1388 2567 fide
1416 2536 1583 2567 evaserat
1610 2532 1773 2576 (Hansen
1798 2533 1820 2566 l.
1849 2545 1877 2567 0.
1904 2534 2001 2577 475).

245 2587 432 2627 Fer-ebant,
466 2586 697 2627 Fridericum,
733 2597 813 2620 cum
849 2586 1146 2630 metropolitanae
1181 2586 1354 2620 ecclesiae
1386 2586 1542 2620 decanus
1575 2589 1680 2626 esset,
1716 2586 1751 2619 in
1786 2586 2002 2620 bibliotheca

244 2639 354 2673 libros
397 2639 562 2680 Lutheri‚
605 2639 763 2679 Calvini,
805 2639 1113 2679 Melanchthonis,
1165 2638 1335 2673 similium
1377 2651 1543 2674 servasse
1589 2638 1750 2681 (Hansen
1791 2638 1813 2673 l.
1852 2651 1881 2673 c.
1920 2640 2000 2674 475.

246 2692 332 2737 Epp.
360 2693 482 2726 Nadal
508 2692 540 2725 ll
566 2692 664 2736 477).
716 2692 804 2726 Cum
831 2691 998 2726 Coloniae
1034 2694 1182 2726 senatus
1218 2694 1254 2726 et
1288 2692 1405 2726 clerus
1441 2693 1539 2726 cives
1569 2692 1706 2735 aliquot
1740 2691 1939 2726 haereticos
1966 2695 2002 2726 et

244 2745 394 2779 rebelles
419 2745 506 2779 urbe
542 2744 672 2790 pellere
699 2745 844 2785 vellent,
880 2746 956 2790 ipse
982 2756 1125 2789 operam
1152 2745 1313 2779 conferre
1348 2748 1582 2779 recusaverat
1609 2745 1771 2787 (Hansen
1797 2744 1820 2778 l.
1848 2756 1876 2780 c.
1903 2746 2000 2789 476).

244 2797 411 2831 Amicitia
444 2798 659 2841 jungebatur
687 2797 875 2832 Guilielmo
911 2798 991 2832 duci
1027 2798 1224 2839 iuliacensi,
1260 2798 1321 2841 qui
1356 2798 1449 2843 apud
1476 2797 1671 2832 catholicos
1707 2797 1799 2831 male
1834 2798 2002 2832 audiebat

248 2850 393 2891 (Lossen
429 2850 451 2884 l.
480 2862 507 2884 c.
536 2851 551 2884 I
585 2852 634 2894 5).
686 2851 739 2884 Ex
783 2851 897 2885 altera
938 2853 1059 2885 tamen
1102 2853 1204 2895 parte
1246 2851 1353 2885 etiam
1396 2861 1651 2894 nonnunquam
1693 2850 1922 2893 significabat
1963 2863 2001 2885 se

245 2902 417 2936 catholice
452 2903 597 2937 sentire.
648 2904 702 2937 Ita
738 2906 877 2938 aestate
913 2916 943 2938 a.
973 2905 1073 2945 1564,
1110 2903 1316 2948 pestilentia
1342 2903 1523 2937 Coloniam
1557 2904 1693 2942 urente,
1730 2903 1837 2936 trium
1864 2903 2000 2937 dierum

244 2955 413 2988 ieiunium
439 2956 568 2989 indixit
594 2959 628 2990 et
655 2956 818 2990 fidelibus
845 2957 1037 3001 praecepit,
1066 2959 1106 2990 ut
1124 2957 1252 3001 stipem
1280 2956 1497 3001 pauperibus
1522 2955 1750 2998 largirentur,
1777 2957 1999 3000 precationes

244 3007 434 3041 sollemnes
459 3008 629 3050 facerent,
656 3012 803 3053 peccata
830 3009 1095 3051 confiterentur,
1123 3009 1376 3043 eucharistiam
1403 3011 1584 3042 sumerent
1613 3008 1774 3051 (Hansen
1802 3008 1825 3043 l.
1845 3020 1873 3043 0.
1901 3009 1998 3051 500).

365 3125 375 3144 ¹
392 3125 623 3158 Hermcmnus
641 3136 663 3157 α
676 3126 873 3168 Weinsbery
891 3125 1113 3166 coloniensis,
1130 3125 1190 3168 qui
1207 3124 1427 3158 Fridericum
1445 3124 1520 3168 ipse
1539 3126 1699 3163 noverat,
1721 3124 1762 3157 de
1782 3135 1821 3158 eo
1839 3124 1996 3158 notavit:

247 3177 356 3220 „VVar
383 3177 437 3210 ein
464 3187 566 3217 swar,
603 3178 697 3219 groff
719 3189 813 3219 man,
848 3178 972 3211 halber
998 3178 1085 3211 daus
1116 3178 1187 3211 und
1223 3177 1422 3220 ungerade⁴⁴
1455 3176 1570 3219 (Buch
1596 3177 1814 3219 VVeinsberg
1840 3177 1872 3210 H
1901 3176 1996 3219 172).
