2045 3471
497 211 591 245 Mon.
612 211 680 245 724
705 210 783 244 sive
809 210 868 245 dn.
891 211 980 254 (28).
1021 210 1292 245 15.—20.1unii
1321 211 1421 246 1567.
1752 212 1834 252 637

81 328 232 373 gillatim
259 329 410 363 recitata
436 329 530 362 sunt.
561 328 638 361 Hoc
663 327 739 361 loco
765 327 853 362 haec
879 330 1020 362 tantum
1046 329 1173 362 noto¹:
1200 327 1251 361 De
1271 328 1374 361 Bulla
1395 328 1532 362 Coenae
1559 327 1712 361 edicitur
1733 326 1787 370 (P.
1807 328 1838 363 2.

81 393 110 416 c.
128 382 184 425 7):
216 381 334 423 „Serio
361 381 596 422 decernimus,
622 382 662 414 ut
680 381 831 414 Parochi
859 386 895 415 et
909 381 1125 415 Confessarii
1153 392 1275 415 omnes
1294 382 1442 414 eandem
1462 380 1602 414 Bullam
1629 392 1697 414 non
1724 380 1837 414 solum

81 435 126 469 ad
152 446 295 468 manum
322 435 487 475 habeant,
521 445 563 468 ac
588 433 804 478 ponderent3
840 446 966 467 verum
993 434 1101 467 etiam
1128 436 1167 467 ut
1193 433 1346 467 Parochi
1373 445 1450 468 eam
1477 434 1670 477 quotannis
1703 433 1739 467 in
1774 444 1839 467 sua

82 487 234 532 quisque
259 487 445 528 Parochia,
472 487 665 531 publicent,
692 488 728 520 et
754 488 954 531 exponant“
988 487 1351 530 (Hartzhesm-Seholl
1376 486 1399 520 l.
1427 498 1456 520 c.
1486 487 1580 529 175).
1624 486 1753 520 Iisdem
1780 497 1839 531 pa-

81 541 199 575 rochis
226 542 261 574 et
287 541 517 575 confessariis
543 539 774 584 praecipitur,
802 542 851 577 ut.
879 542 1022 584 praeter
1048 540 1136 573 alios
1162 539 1283 580 libros,
1303 539 1342 574 P.
1362 540 1504 574 Ioannis
1522 540 1565 573 dc
1584 539 1738 573 Polanco
1757 538 1791 573 S.
1807 539 1839 573 J.

87 593 363 637 „Directorium“
394 593 453 637 (de
488 605 557 637 quo
586 594 671 627 Can.
700 592 715 626 I
742 592 842 636 450⁵)
871 593 1028 626 habeant
1056 592 1093 635 (l.
1121 591 1180 636 c.).
1232 592 1488 636 Ludimagistri
1514 592 1648 635 singuli
1674 592 1842 626 iubentur

86 647 136 689 (id
163 647 256 690 quod
282 648 388 680 antea
414 657 555 691 quoque
582 657 602 679 a
628 645 800 679 cardinali
836 646 1068 679 constitutum
1096 647 1187 689 erat)
1216 645 1473 690 professionem
1502 645 1583 679 fidei
1609 645 1840 679 tridentinam

83 701 257 734 emittere.
308 699 441 734 Omnes
467 699 640 733 dioecesis
666 700 890 742 augustanae
925 699 1046 733 clerici
1083 701 1119 733 et
1152 698 1234 732 laici
1271 700 1441 732 vetantur
1475 699 1519 732 ad
1545 698 1735 743 gymnasia
1760 698 1841 732 hae-

83 754 273 787 reticorum
300 753 358 787 vel
384 752 453 797 ipsi
478 752 656 797 proficisci
683 751 742 785 vel
777 751 866 785 alios
901 752 1100 786 studiorum
1133 763 1241 785 causa
1267 752 1428 792 mittere;
1471 753 1551 796 „qui
1576 763 1681 786 secus
1706 751 1842 791 fecerit,

84 818 165 840 eum
190 818 255 840 nos
281 807 442 850 graviter
468 808 504 839 et
529 817 656 839 severe
682 804 890 850 puniemus⁸⁶
922 805 978 848 (P.
998 805 1029 845 3,
1057 817 1085 839 c.
1106 806 1161 845 22,
1188 805 1210 839 l.
1230 816 1259 839 c.
1280 805 1375 848 201).
1420 804 1614 839 Constituit
1640 804 1842 845 cardinalis,

84 862 124 893 ut
149 860 192 893 ad
218 859 448 893 seminarium
475 858 685 892 clericorum
705 858 871 901 Dilingae
898 870 943 891 ex
969 859 1190 903 praescripto
1214 858 1354 892 concilii
1374 858 1557 892 tridentini
1584 857 1842 892 instituendum

84 912 277 958 quotannis
311 913 533 955 singulorum
560 912 763 945 reddituum
791 911 1117 945 ecclesiasticorum
1144 923 1228 956 pars
1253 912 1427 945 vicesima
1453 911 1700 945 contribuatur
1727 911 1784 953 (P.
1811 910 1843 947 3.

85 978 114 1000 c.
142 966 204 1006 23;
232 965 255 999 l.
274 977 304 1000 c.
323 965 429 1008 202);
454 966 491 998 in
520 965 802 1007 „declaratione“
832 967 952 998 tamen
980 965 1122 999 decreto
1148 965 1271 998 addita
1296 976 1335 999 se
1365 964 1520 1007 „minore
1546 965 1656 998 etiam
1681 964 1843 1009 portione

85 1020 291 1054 contentum
317 1018 412 1052 fore“
443 1018 602 1051 affirmat
630 1017 667 1061 (l.
695 1029 725 1051 c.
751 1017 848 1060 205).

203 1072 243 1106 In
269 1071 396 1116 synodi
422 1071 524 1112 actis,
559 1083 650 1115 quae
677 1070 818 1115 quidem
847 1071 962 1105 adhuc
990 1072 1135 1105 exstare
1161 1070 1332 1112 noverim,
1367 1070 1670 1116 „hypocaustum“
1701 1070 1843 1114 quidem

87 1125 230 1166 Canisii‚
264 1137 334 1158 non
368 1136 453 1159 vero
488 1126 565 1169 ipse
592 1124 759 1159 Canisius
793 1124 1001 1157 nominatim
1037 1127 1266 1158 memoratur.
1317 1125 1487 1158 Attamen
1522 1126 1599 1158 tum
1633 1135 1679 1158 ex
1712 1123 1844 1158 litteris

85 1190 196 1223 supra
222 1178 348 1222 positis
377 1178 427 1221 (V.
453 1189 562 1222 supra
588 1189 622 1222 p.
639 1178 705 1212 451
734 1177 804 1211 460
831 1178 899 1211 482
926 1177 1024 1219 etc.),
1051 1179 1126 1211 tum
1154 1189 1199 1211 ex
1221 1177 1366 1211 Flandri
1392 1177 1574 1217 relatione,
1609 1188 1716 1220 quam
1742 1176 1845 1211 modo

87 1231 237 1274 vulgavi
258 1231 383 1275 (supra
408 1243 442 1276 p.
462 1231 560 1274 635),
585 1234 662 1265 turn
682 1242 727 1264 ex
745 1230 899 1275 epistula
919 1230 1109 1264 cardinalis
1127 1230 1336 1269 Truchsess,
1363 1242 1469 1274 quam
1488 1230 1648 1275 proxime
1667 1230 1845 1274 proferam

91 1285 200 1327 (infra
225 1296 258 1329 p.
286 1284 384 1327 638),
419 1284 610 1328 colligitur,
646 1284 763 1329 ipsum
799 1284 833 1317 in
869 1283 1005 1328 synodo
1040 1295 1149 1317 unum
1185 1294 1231 1317 ex
1257 1283 1450 1317 cardinalis
1476 1283 1688 1318 consiliariis
1721 1284 1845 1317 fuisse.

88 1338 175 1372 Cum
203 1337 258 1371 his
285 1340 403 1372 autem
431 1337 648 1371 cardinalem
675 1338 718 1371 de
743 1337 850 1371 rebus
877 1336 1004 1382 synodi
1040 1337 1074 1370 in
1105 1336 1340 1379 „bibliotheca
1366 1337 1499 1370 uete1·i“
1534 1336 1846 1378 „deliberationem

87 1390 276 1425 habuisse“
315 1390 425 1424 semel
452 1392 561 1434 atque
587 1391 717 1424 iterum
753 1390 786 1424 in
815 1390 917 1423 Actis
943 1393 1128 1430 narratur;
1165 1390 1215 1423 ita
1250 1389 1463 1424 deliberavit
1497 1389 1530 1423 d.
1560 1390 1613 1423 17.
1642 1389 1732 1423 Iunii
1766 1392 1847 1434 post

88 1444 275 1489 prandium
305 1443 343 1487 (1.
370 1455 399 1478 c.
426 1444 452 1478 f.
474 1445 575 1487 14a);
615 1443 668 1477 18.
698 1443 788 1477 Iunii
816 1454 918 1476 sac-ro
954 1455 1017 1487 per
1042 1442 1259 1476 cardinalem
1294 1443 1329 1476 in
1355 1442 1437 1476 aula
1464 1442 1596 1476 maiore
1622 1453 1740 1476 coram
1767 1453 1846 1476 con·

89 1497 250 1540 gregatis
275 1497 372 1530 facto
402 1496 735 1539 „Reuerendissima
761 1499 797 1530 et
823 1495 1078 1530 Jllustrissima
1104 1495 1306 1529 Dominatio
1332 1507 1412 1529 cum
1438 1495 1513 1529 suis
1533 1495 1755 1541 Consiliarijs
1780 1496 1848 1530 iuit

88 1550 133 1584 ad
168 1550 429 1594 hypocaustum
458 1549 694 1584 bibliothecae
721 1550 855 1583 veteris
890 1561 952 1593 pro
979 1548 1233 1582 deliberatione
1267 1560 1519 1593 responsorum
1546 1548 1741 1582 dandorum
1776 1560 1846 1583 om-

87 1603 192 1637 nibus
219 1603 403 1637 Classibus
438 1603 631 1647 praedictis
667 1602 816 1647 reliquis
851 1602 1014 1636 omnibus
1050 1602 1093 1635 ad
1128 1602 1305 1646 synodum
1331 1602 1469 1635 vocatis
1505 1601 1540 1635 in
1574 1602 1649 1636 suis
1675 1601 1846 1636 sedilibus

87 1657 335 1691 manentibus“
360 1656 397 1699 (l.
418 1668 446 1690 c.
466 1657 490 1690 f.
508 1657 602 1699 14³³).
630 1656 681 1690 De
708 1656 838 1700 quibus
864 1654 1045 1699 responsis
1072 1654 1137 1688 hoc
1163 1658 1265 1689 noto:
1293 1654 1380 1688 Cum
1407 1655 1555 1689 abbates
1581 1655 1846 1700 praepositique

88 1709 274 1753 regulares
308 1709 442 1753 scripto
478 1710 731 1750 affirmassent,
767 1720 806 1742 se
841 1709 968 1752 synodi
1004 1708 1148 1742 decreta
1182 1708 1294 1742 salvis
1329 1707 1404 1742 suis
1429 1708 1631 1752 privilegiis
1657 1708 1847 1742 admittere

91 1763 130 1806 (l.
158 1774 186 1797 c.
214 1762 238 1796 f.
261 1763 346 1804 11³).
383 1763 575 1796 cardinalis
610 1762 703 1796 hanc
738 1761 980 1795 condicionem
1013 1773 1081 1795 non
1108 1761 1271 1801 admisit;
1307 1772 1389 1795 nam
1424 1761 1629 1805 pontificem
1664 1764 1700 1795 et
1726 1766 1847 1806 patres

89 1815 229 1850 concilii
255 1816 440 1850 tridentini
465 1819 627 1857 „coactos
646 1817 743 1849 esse‘
775 1826 817 1848 ea
842 1814 1032 1859 privilegia
1058 1814 1277 1855 imminuere,
1308 1815 1372 1856 „ad
1397 1814 1574 1848 tollendos
1601 1814 1733 1848 abusus
1758 1814 1848 1848 mul-

89 1871 155 1910 tos,
191 1868 251 1912 qui
286 1880 331 1902 ex
357 1869 559 1903 huiusmodi
586 1868 874 1913 exemptionibus
901 1867 1044 1911 sequuti
1079 1870 1163 1901 sunt
1189 1867 1373 1908 hactenus,
1409 1879 1474 1901 nec
1509 1867 1582 1900 illis
1607 1867 1694 1900 solis
1721 1868 1848 1901 minuit

90 1921 291 1967 priuilegia,
318 1933 442 1955 verum
470 1923 578 1955 etiam
605 1922 693 1966 ipsis
713 1921 973 1961 Cardinalibus,
991 1920 1290 1965 Archiepiscopis‚
1312 1920 1515 1965 Episcopis“
1535 1922 1601 1954 etc.
1620 1920 1658 1962 (l.
1673 1932 1702 1954 c.
1717 1921 1742 1954 f.
1760 1920 1847 1963 17³).

90 1975 156 2009 Die
177 1976 230 2009 19.
249 1975 340 2008 Iunii
368 1975 560 2009 cardinalis
586 1986 688 2008 sacro
715 1974 838 2008 eadem
865 1974 1013 2014 ratione,
1040 1976 1080 2007 ut
1106 1974 1218 2018 pridie
1244 1974 1321 2008 eius
1347 1973 1426 2015 diei,
1454 1973 1550 2007 facto
1576 1973 1645 2007 ivit
1669 1973 1703 2007 in
1727 1973 1848 2007 biblio-

89 2028 231 2062 thecam
257 2031 416 2062 veterem
447 2040 546 2070 „cum
574 2027 789 2072 consiliarijs
807 2030 844 2060 et
860 2026 1029 2072 notarijs“
1061 2027 1179 2070 ibique
1198 2026 1334 2070 aliquot
1352 2029 1648 2070 congregatorum
1668 2027 1850 2061 ordinibus

90 2081 274 2126 respondit
302 2081 339 2123 (l.
367 2092 395 2115 c.
423 2081 446 2114 f.
475 2081 685 2122 17b—18³);
720 2086 844 2125 postea
874 2081 994 2122 „venit
1027 2079 1069 2113 ad
1098 2080 1277 2124 Synodum
1311 2082 1346 2113 et
1373 2091 1490 2113 corani
1518 2080 1681 2114 omnibus
1708 2107 1716 2114 .
1736 2107 1743 2114 .
1763 2106 1770 2114 .
1797 2091 1849 2113 re-

91 2145 260 2179 sponsum
282 2134 379 2167 dedit
399 2133 552 2168 Decanis
578 2137 615 2167 et
633 2133 849 2178 Camerarijs
875 2133 1064 2174 ruralibus,
1091 2133 1228 2167 solenni
1255 2134 1407 2177 quadam
1435 2136 1471 2167 et
1496 2135 1701 2176 germanica
1726 2133 1851 2175 lingua

91 2187 269 2221 locutione
289 2190 404 2220 vtens.
514 2187 560 2220 Et
585 2186 739 2231 primum
766 2187 808 2220 de
836 2186 1072 2220 concubinatu
1100 2186 1259 2229 grauiter
1286 2186 1366 2220 illos
1392 2185 1655 2231 reprehendens
1675 2212 1682 2220 .
1699 2212 1706 2220 .
1723 2213 1729 2220 .
1749 2186 1849 2226 dixit,

92 2240 236 2274 decreta
262 2251 327 2273 sua
353 2240 551 2284 synodalia,
579 2239 727 2284 Concilij
755 2239 953 2273 Tridentini
980 2239 1144 2273 Decretis
1171 2240 1365 2274 conformia
1392 2250 1481 2280 esse,
1518 2251 1582 2273 nec
1618 2251 1762 2273 causam
1789 2239 1850 2272 ali-

92 2304 199 2337 quam
235 2293 393 2334 subesse,
429 2304 540 2336 quare
575 2293 644 2337 ipsi
679 2304 717 2326 se
744 2292 898 2326 decretis
925 2291 1073 2337 Concilij
1100 2292 1300 2326 Tridentini
1331 2292 1508 2337 subijcere
1534 2295 1709 2326 recusent.
1762 2291 1850 2326 Cum

93 2349 130 2380 et
163 2346 231 2391 ipsi
266 2357 406 2390 quoque
434 2346 652 2386 Cardinales,
678 2345 960 2390 Archiepiscopi,
998 2346 1174 2391 Episcopi,
1213 2347 1247 2380 in
1286 2346 1451 2380 omnibus
1488 2346 1609 2388 regnis
1646 2345 1850 2385 Catholicis,

94 2400 249 2433 maxime
276 2411 362 2432 vero
388 2399 564 2443 Hispania
591 2402 626 2432 et
644 2399 757 2433 Jtalia
784 2399 1072 2433 reformationem
1100 2400 1294 2433 secundum
1315 2399 1468 2433 Decreta
1488 2398 1636 2443 Concilij
1653 2398 1851 2432 Tridentini

94 2453 168 2497 pati
204 2456 386 2496 cogantur.
439 2451 506 2486 Sed
543 2457 576 2486 et
611 2453 687 2497 ipse
722 2464 864 2496 quoque
899 2452 1155 2487 Sanctissimus
1181 2453 1354 2487 Dominus
1380 2452 1535 2493 noste1·2,
1577 2464 1639 2496 pro
1674 2463 1739 2486 suo
1766 2463 1851 2495 erga

94 2506 283 2540 ecclesiam
311 2505 532 2540 Catholicam
560 2517 691 2546 amore,
726 2506 1015 2549 reformandique
1048 2517 1124 2539 eam
1152 2506 1327 2539 desiderio
1357 2517 1425 2538 non
1461 2505 1656 2549 respiciens
1691 2505 1734 2538 ad
1761 2505 1852 2538 bona

95 2558 216 2603 aliqua
242 2559 463 2603 temporalia,
490 2558 610 2601 libere,
638 2559 863 2602 libenterque
889 2570 930 2592 ea
957 2570 1048 2602 quae
1074 2559 1109 2592 in
1136 2558 1286 2593 concilio
1305 2558 1522 2598 Tridentino,
1549 2559 1644 2592 circa
1671 2558 1851 2602 dispensa-

95 2613 221 2653 tiones,
249 2612 397 2651 indulta,
425 2612 634 2645 collationes
660 2611 913 2645 beneficiorum
939 2615 975 2646 et
1000 2612 1071 2646 alia
1097 2612 1228 2645 similia
1254 2612 1449 2646 constituta
1474 2613 1567 2652 sunt,
1603 2611 1781 2650 obseruat‚
1808 2622 1853 2644 ex

96 2676 165 2709 quo
183 2665 259 2699 eius
277 2665 448 2706 redditus,
476 2676 564 2708 quos
590 2665 743 2707 singulis
761 2664 864 2699 annis
883 2664 1066 2709 percipere
1084 2664 1232 2706 solebat,
1260 2664 1365 2698 valde
1384 2664 1548 2698 diminuti
1574 2665 1677 2698 sunt“
1694 2677 1700 2704 ;
1728 2664 1853 2697 deinde

96 2729 211 2763 pauca
246 2718 316 2752 alia
343 2718 490 2751 addidit.
545 2718 632 2760 „His
665 2719 832 2762 peractis,
869 2719 1054 2761 ingressus
1090 2720 1145 2751 est
1179 2717 1294 2751 denuo
1320 2717 1655 2751 Reuerendissimus
1681 2716 1855 2751 Dominus

98 2771 299 2805 Cardinalis
326 2783 405 2805 cum
433 2770 648 2815 consiliarijs
684 2774 720 2804 et
745 2770 895 2816 notarijs
931 2771 965 2804 in
1001 2768 1253 2804 bibliothecam
1281 2769 1443 2816 Collegij,
1480 2774 1515 2803 et
1541 2769 1854 2804 Reuerendissima

97 2835 163 2859 sua
188 2824 392 2858 Dominatio
428 2824 642 2857 deliberauit
675 2835 783 2868 super
818 2823 1088 2865 grauaminibus
1123 2835 1143 2857 a
1181 2823 1340 2857 Dominis
1377 2823 1575 2857 Abbatibus
1611 2825 1646 2857 et
1672 2823 1752 2868 alijs
1780 2850 1786 2857 .
1813 2849 1820 2857 .
1847 2849 1854 2857 .

99 2877 310 2922 propositis“
336 2877 372 2919 (l.
392 2889 421 2910 c.
442 2878 464 2910 f.
488 2880 558 2919 18).
598 2878 649 2918 „A
676 2876 833 2920 prandio,
860 2876 946 2910 hora
972 2877 1139 2918 secunda,
1167 2877 1208 2910 ad
1236 2877 1377 2921 pulsum
1397 2888 1601 2921 campanae,
1628 2888 1723 2911 more
1749 2876 1855 2911 solito

98 2931 234 2975 synodo
269 2932 498 2972 congregata,
535 2957 542 2964 .
570 2956 577 2963 .
606 2956 613 2963 .
649 2929 836 2963 Cardinale
876 2941 955 2963 curn
991 2929 1213 2975 Consiliarijs
1251 2931 1287 2963 in
1324 2929 1400 2963 loco
1436 2929 1678 2964 Bibliothecae
1713 2929 1856 2963 Veteris

221 3037 231 3056 ¹
257 3036 491 3070 Salutationis
518 3035 702 3078 angelicae
729 3046 813 3079 pars
840 3037 1020 3080 postrema
1046 3036 1096 3069 ita
1124 3035 1265 3080 ponitur
1293 3036 1348 3077 (P.
1368 3036 1394 3077 I,
1422 3047 1450 3069 c.
1470 3035 1528 3078 9):
1560 3035 1712 3077 „Sancta
1730 3035 1855 3077 Maria,

100 3089 217 3122 Mater
252 3088 326 3129 Dei,
363 3100 424 3122 ora
459 3100 520 3133 pro
555 3088 657 3122 nobis
691 3088 831 3123 miseris
867 3088 1127 3132 peccatoribus,
1164 3090 1310 3122 Amen*
1368 3088 1530 3131 „Heilige
1557 3088 1682 3130 Maria,
1722 3090 1858 3123 Mutter

102 3140 239 3182 Gottes,
266 3142 334 3176 bitt
360 3142 417 3175 fiir
441 3152 509 3176 uns
535 3152 633 3174 arme
660 3140 808 3175 Siinder.
860 3141 992 3175 Amen‘
1025 3140 1390 3184 (Hartzlaeeim-Scholl
1415 3141 1438 3175 l.
1458 3152 1488 3175 c.
1510 3142 1604 3185 161).

221 3194 234 3214 ²
259 3194 294 3228 S.
321 3195 408 3228 Pius
427 3194 469 3228 V.
