2045 3471
394 200 489 235 Mon.
507 198 576 234 867
602 199 681 234 sive
706 198 776 235 litt.
796 198 886 244 (16).
925 199 957 234 A
984 211 1029 234 m.
1047 200 1179 234 Martio
1205 200 1250 234 ad
1276 199 1404 234 Iulium
1432 201 1533 235 1566.
1751 203 1835 244 809

78 314 194 359 magis
220 315 442 351 elaboratum
467 317 504 351 in
529 317 686 362 quinque
704 317 762 352 vel
788 329 853 352 sex
878 317 988 352 libros
1015 318 1244 352 distributum
1272 329 1440 363 paramus
1459 331 1466 353 :
1485 319 1520 352 iu
1547 330 1696 362 quorum
1722 318 1837 363 primo

76 367 142 402 tibi
167 379 291 402 sumus
317 369 435 404 daturi
454 370 493 404 B.
513 370 553 404 P.
571 369 753 405 Francisci
771 369 927 411 Xauieri,
954 371 984 405 si
1002 370 1080 405 fieri
1106 372 1236 416 potest,
1262 370 1434 415 epistolas
1451 383 1574 406 omnes
1592 385 1600 406 z
1618 371 1655 405 in
1680 371 1837 406 secundo

78 419 502 466 Goenses:1apanenses
527 424 563 457 et
588 422 757 458 Sinenses
788 423 823 457 in
858 423 965 458 tertio
985 437 993 458 ε
1012 423 1243 468 Aethiopieas
1269 424 1304 457 in
1331 426 1460 468 quarto
1486 425 1515 458 si
1552 424 1603 459 ita
1628 425 1836 459 videbitur:

75 473 113 507 in
139 473 263 517 quinto
288 475 537 515 Brasilienses,
564 476 641 510 siue
667 476 853 510 Americas
879 475 968 521 [sie-L
995 479 1122 511 sextus
1148 488 1209 511 eas
1235 476 1327 511 forte
1354 477 1549 512 continebit
1575 489 1665 522 quae
1691 490 1760 512 non
1787 478 1837 512 ita

76 527 258 561 commode
283 528 320 561 in
346 528 504 563 ordinem
530 529 726 563 secundum
751 529 992 564 narrationem
1017 529 1225 564 historicam
1252 530 1366 574 digeri
1391 533 1597 575 potuerunt.
1648 530 1760 573 Quem
1785 531 1837 565 la-

75 579 197 613 borem
224 592 264 614 eo
290 580 471 616 lubentius
496 581 532 616 in
558 584 656 616 tuam
683 583 837 626 gratiam
863 582 1091 628 suscipimus,
1126 583 1219 628 quod
1245 595 1315 617 non
1340 583 1450 617 alium
1477 584 1552 617 fere
1579 584 1736 618 ordinem
1763 596 1836 618 ser-

75 635 199 666 uatum
225 644 315 675 esse,
351 645 457 678 quam
484 646 554 679 quo
580 647 625 669 ex
651 635 751 669 India
777 638 942 680 receptae
967 639 1053 670 sunt
1086 637 1122 670 in
1156 638 1311 680 quatuor
1344 636 1415 670 illis
1450 637 1640 671 admodum
1675 637 1837 682 prolixis,

74 685 244 719 idiomate
269 685 394 721 Italico
420 687 633 732 conscriptis
658 689 776 729 tomis,
802 700 871 722 non
897 688 975 723 sine
1001 689 1095 723 tedio
1121 689 1374 724 aduertimus.“

193 744 345 779 Ioannes
370 745 430 780 ille
450 745 607 781 Rutilius
627 746 848 791 ffluttilius),
874 747 1118 790 brabantinus,
1145 748 1211 782 sub
1238 760 1268 782 a.
1291 749 1380 783 1563
1407 748 1574 792 Dilingae
1599 749 1635 782 in
1662 748 1836 783 universi·

75 798 151 830 tate
174 808 195 831 a
213 798 385 832 cardinali
403 798 637 834 Truchsessio
663 800 806 834 condita
832 801 1103 844 grammaticam
1131 801 1269 841 docuit;
1297 804 1421 846 postea
1440 803 1625 845 Augustae
1651 803 1686 836 in
1712 801 1836 836 schola

73 849 187 884 latina
211 851 386 886 ecclesiae
413 852 631 887 cathedralis
656 853 830 896 magister
854 854 925 888 fuit
950 856 986 888 et
1011 866 1042 890 a.
1064 854 1153 889 1587
1178 855 1255 889 vita
1281 855 1427 889 functus
1453 858 1509 889 est
1544 855 1650 898 (Ccm.
1678 856 1728 889 III
1754 856 1834 890 283.

77 904 202 947 Specht
234 903 257 938 1.
285 916 313 939 0.
349 906 411 939 451
444 906 535 948 462).
595 906 662 948 Qui
699 907 741 940 17
777 907 852 941 fere
887 907 986 952 ponit
1020 907 1195 952 epistulas
1231 907 1306 951 (vel
1340 908 1502 952 integras
1540 908 1599 942 vel
1635 921 1679 943 ex
1714 910 1832 954 parte)

75 967 208 1000 easque
242 957 334 991 inter
369 970 481 992 annos
520 959 610 993 1544
644 962 680 993 et
717 960 807 994 1560
841 972 862 994 a
897 960 1009 994 variis
1044 960 1234 995 Societatis
1268 961 1481 1001 hominibus,
1516 964 1555 996 ut
1591 961 1625 996 S.
1644 962 1836 996 Francisco

74 1008 247 1052 Xaverio,
286 1010 448 1056 Gasparo
491 1012 601 1046 Berse
640 1012 848 1056 (Barzaeo),
892 1013 1023 1048 Ioanne
1061 1014 1104 1048 de
1142 1014 1276 1059 Beyra,
1315 1015 1421 1048 Aerio
1460 1015 1641 1057 Brandao‚
1680 1015 1835 1050 Henrico

74 1061 252 1108 Enriques
281 1064 529 1109 (Henriquez),
565 1065 745 1100 Ludovico
771 1066 881 1108 Frois,
916 1066 1111 1101 Melchiore
1138 1067 1273 1107 Nufiez‚
1308 1068 1463 1102 Antonio
1494 1069 1537 1102 de
1564 1068 1736 1111 Quadros,
1769 1069 1836 1103 Ar-

74 1116 191 1150 muzia
218 1116 413 1161 (Ormucio‚
446 1117 605 1161 Ormus),
642 1118 771 1154 Cocino
800 1119 991 1162 (Cochim),
1027 1119 1114 1162 Goa,
1149 1121 1320 1155 Punica-le
1355 1121 1399 1155 ad
1426 1121 1460 1156 S.
1488 1122 1677 1166 Ignatium,
1713 1121 1836 1156 Socios

72 1169 261 1211 lusitanos,
288 1170 410 1206 Socios
436 1171 527 1205 alios
553 1172 667 1206 datas.
701 1171 859 1207 Rutilius
885 1175 1005 1207 autem
1023 1173 1111 1218 ipse,
1137 1176 1178 1208 ut
1194 1174 1282 1208 mihi
1300 1174 1443 1218 quidem
1462 1175 1616 1217 videtur,
1641 1175 1835 1218 significat,

73 1233 112 1256 se
137 1223 364 1267 potissimum
390 1224 510 1268 aliqua
536 1236 581 1258 ex
615 1224 687 1259 illis
722 1225 957 1270 epistularum
991 1226 1189 1261 indicarum
1215 1227 1457 1262 voluminibus
1491 1228 1708 1269 adhibuisse,
1744 1240 1836 1273 quae

72 1275 193 1310 italice
218 1277 354 1322 scripta
380 1276 543 1311 Venetiis
569 1289 601 1312 a.
622 1278 723 1318 1551,
753 1278 852 1319 1552,
882 1279 983 1320 1558,
1022 1280 1122 1322 1559,
1152 1280 1252 1322 1562,
1292 1281 1379 1315 1565
1407 1282 1442 1314 111
1477 1281 1594 1315 11108111
1628 1281 1837 1326 prodierant

75 1328 257 1371 („Diversi
292 1331 384 1364 avisi
418 1330 625 1375 particolari
660 1331 880 1366 dall'lndie“
911 1334 990 1374 etc„
1029 1332 1166 1375 „Nuovi
1201 1333 1326 1367 Avisi“
1365 1335 1453 1374 etc.;
1489 1334 1534 1368 cf.
1565 1335 1651 1369 Can.
1678 1334 1695 1368 I
1724 1335 1834 1375 1192;

72 1381 106 1415 II
133 1382 218 1416 206²
243 1383 347 1423 6912;
375 1383 425 1416 IV
451 1383 557 1427 983„
585 1395 673 1418 usus
692 1386 747 1418 est
764 1385 794 1418 is
813 1384 921 1419 etiam
943 1385 1137 1430 „Epistolis
1155 1386 1307 1421 Indicis“
1330 1386 1495 1431 Dilingae
1521 1399 1552 1421 a.
1574 1388 1663 1422 1563
1691 1387 1836 1422 excusis

73 1437 110 1468 et
134 1437 278 1480 praeter
311 1436 402 1470 alias
430 1437 576 1471 Barzaei
603 1437 778 1482 epistulas
805 1450 866 1472 eas
892 1450 1045 1483 quoque,
1081 1451 1172 1483 quae
1198 1440 1233 1473 in
1260 1439 1442 1483 dilingano
1468 1440 1648 1475 volumine
1678 1443 1834 1483 exstant,

72 1499 143 1522 una
177 1500 258 1523 cum
288 1488 502 1531 „paraenesi
536 1490 703 1525 Doctoris
737 1491 880 1525 Ioannis
906 1492 1095 1535 Agricolae
1122 1493 1321 1538 Ammonij⁴‘
1356 1493 1468 1527 eidem
1504 1494 1676 1528 volumini
1712 1494 1835 1528 addita

72 1541 203 1575 iterum
230 1542 376 1577 excudit
404 1543 465 1586 (cf.
489 1544 574 1578 Can.
600 1543 651 1577 IV
669 1544 894 1588 984—986);
922 1545 1077 1580 fortasse
1102 1545 1192 1580 alias
1219 1557 1359 1590 quoque
1385 1546 1559 1582 editiones
1583 1547 1643 1581 vel
1668 1548 1835 1593 exempla

71 1594 208 1639 aliquot
232 1607 340 1630 manu
366 1596 502 1641 scripta
526 1596 692 1631 habebat.

191 1654 361 1697 Rutilius,
388 1655 448 1699 qui
474 1655 617 1690 illorum
643 1658 845 1701 temporum
870 1668 948 1691 mos
974 1660 1062 1699 erat,
1098 1659 1133 1692 in
1160 1659 1345 1693 vertendis
1370 1658 1470 1693 hisce
1496 1659 1660 1704 epistulis
1686 1660 1833 1694 multam

72 1706 141 1741 sibi
166 1708 332 1742 sumebat
356 1708 573 1752 libertatem,
599 1711 708 1753 atque
735 1709 843 1744 etiam
869 1710 1027 1745 nimiam.
1077 1711 1253 1757 Exempla
1278 1723 1418 1757 ponam.

191 1766 310 1801 Primo
335 1767 413 1802 loco
438 1769 538 1813 ponit
562 1768 704 1803 litteras
730 1780 751 1802 a
777 1769 810 1803 S.
829 1769 1021 1804 Francisco
1046 1770 1202 1804 Xaverio
1230 1770 1385 1805 Cochino
1414 1772 1467 1805 15.
1486 1772 1642 1806 Ianuarii
1672 1772 1763 1807 1544
1788 1773 1833 1807 ad

73 1818 194 1854 Socios
220 1819 354 1854 Romae
380 1821 554 1863 degentes
580 1822 702 1862 datas;
739 1834 829 1866 quas
864 1822 967 1857 datas
1002 1834 1082 1857 esse
1116 1823 1274 1858 affirmat
1303 1824 1347 1858 ad
1374 1825 1555 1868 Ignatium
1590 1826 1833 1870 praepositum

73 1872 275 1915 generalem
307 1876 362 1916 „et
387 1874 534 1908 Fratres
560 1874 704 1916 Romae,
731 1875 885 1921 Patauij‚
911 1875 1073 1917 Parisiis,
1101 1876 1279 1918 Coloniae,
1297 1877 1498 1919 Valentiae,
1525 1880 1561 1912 et
1585 1879 1621 1913 in
1647 1878 1834 1913 Lusitania

71 1925 188 1959 literis
229 1938 373 1971 operam
416 1927 584 1968 dantes“;
628 1928 663 1962 id
705 1928 798 1972 quod
840 1928 956 1973 ipsum
994 1928 1195 1965 litterarum
1239 1931 1424 1964 exordium
1461 1931 1666 1975 legentibus
1703 1933 1832 1967 mirum

70 1978 185 2012 videri
211 1979 325 2013 debet.

190 2038 324 2072 Ponam
363 2039 457 2073 idem
495 2040 700 2082 exordium,
738 2042 778 2074 ut
813 2052 834 2074 a
867 2042 1024 2076 Xan-erio
1058 2041 1242 2087 hispanice
1277 2043 1451 2088 scriptum
1491 2046 1546 2078 est
1588 2044 1833 2087 (Monumenta

71 2090 278 2126 Xaveriana
296 2104 340 2126 ex
359 2092 593 2137 autographis
608 2093 665 2127 vel
684 2105 729 2127 ex
748 2094 1009 2138 antiquioribus
1028 2095 1203 2140 exemplis
1221 2096 1373 2131 collecta
1387 2097 1412 2138 I,
1432 2097 1570 2131 Mat-riti
1587 2098 1831 2140 1899-1900,

71 2144 288 2188 278-279),
315 2147 350 2179 81
375 2148 416 2179 ut
442 2157 462 2179 a
487 2145 622 2180 Rutilio
646 2146 757 2180 latine
783 2150 839 2180 est
864 2147 1042 2181 redditum
1071 2148 1270 2193 (Epistolae
1296 2149 1438 2184 Indicae
1464 2162 1497 2195 p.
1520 2151 1646 2195 1—2):

139 2227 208 2269 „La
227 2228 351 2270 gracia
368 2239 391 2271 y
410 2239 509 2261 amor
527 2227 570 2261 de
589 2227 732 2263 Christo
749 2231 895 2264 nuestro

72 2279 184 2314 Sefior
208 2291 271 2314 sea
305 2280 459 2325 siempre
485 2293 528 2314 en
555 2283 703 2315 nuestra
728 2282 846 2327 ayuda
871 2294 896 2328 y

72 2333 184 2367 fauor.
236 2334 361 2366 Amen.
412 2333 468 2367 Ha
503 2334 566 2368 dos
601 2337 688 2368 aiios
722 2347 746 2379 y
780 2346 895 2369 nueue

71 2397 189 2420 meses
215 2397 284 2429 que
309 2387 404 2430 parti
431 2386 473 2420 de
491 2386 674 2430 Portugal,
700 2399 724 2432 y
744 2387 897 2433 despues

71 2440 136 2472 aea
169 2450 208 2472 os
234 2450 252 2472 e
278 2439 408 2472 escrito
441 2441 516 2472 tres
551 2451 656 2473 vezes
691 2451 755 2474 con
791 2442 895 2475 esta:

70 2492 166 2525 solas
184 2503 273 2525 unas
292 2494 410 2525 cartas
427 2494 569 2526 uestras
586 2494 694 2536 teugo
712 2494 896 2528 recebidas

71 2544 224 2588 despues
251 2555 319 2587 que
344 2546 411 2578 aea
436 2546 538 2588 estoy
564 2557 607 2578 en
637 2545 671 2579 la
697 2546 807 2587 India,
842 2547 896 2582 las

71 2597 196 2641 quales
221 2597 346 2631 fueron
372 2598 524 2631 escritas
549 2609 570 2631 a
596 2598 636 2633 18
665 2599 752 2641 [alia
778 2600 897 2633 lectio:

75 2649 130 2694 13]
158 2650 201 2683 de
227 2649 368 2683 Henero
395 2650 437 2684 de
465 2650 566 2690 1542,
599 2663 623 2695 y
651 2663 714 2685 con
741 2652 831 2686 ellas
860 2652 896 2686 la

71 2702 293 2737 consolacion
309 2713 378 2746 que
392 2703 509 2737 recebi
523 2703 608 2738 Dios
626 2706 771 2738 nuestro
786 2704 897 2739 Sefior

71 2755 168 2790 sabe.
210 2755 318 2789 Estas
343 2757 463 2789 cartas
490 2767 545 2789 me
571 2756 692 2790 dieron
719 2760 805 2791 aura
832 2759 895 2793 dos

71 2819 207 2849 meses;
234 2820 258 2853 y
281 2808 443 2850 llegaron
469 2810 531 2842 tan
557 2810 658 2843 tarde
685 2812 705 2844 a
730 2810 765 2844 la
784 2811 895 2852 India,

71 2872 206 2905 porque
240 2861 275 2894 la
301 2872 392 2894 naue
419 2872 462 2895 en
489 2872 557 2905 que
583 2864 712 2896 venian
748 2864 894 2898 inuerno

71 2925 114 2947 811
140 2913 399 2958 Mocambique.
426 2914 538 2948 Micer
556 2914 678 2956 Paulo,
706 2916 894 2952 Francisco

71 2966 114 3000 de
141 2965 327 3001 Mansillas
353 2978 377 3011 y
403 2978 448 3011 yo
475 2969 631 3002 estamos
665 2980 730 3002 con
766 2970 895 3004 mucha

71 3018 205 3054 salud.“

1070 2230 1218 2273 „Gratia
1236 2237 1271 2266 et
1289 2244 1361 2277 pax
1378 2232 1461 2267 Iesu
1480 2233 1612 2267 Christi
1632 2233 1832 2269 Saluatoris

1003 2283 1115 2318 nostri
1150 2284 1198 2318 sit
1228 2296 1371 2330 semper
1402 2286 1597 2328 vobiscum,
1623 2289 1692 2322 etc.
1742 2287 1830 2322 Cum

1004 2336 1116 2381 elapsi
1142 2338 1211 2371 duo
1237 2339 1310 2372 sint
1335 2339 1429 2380 anni,
1456 2351 1568 2383 eoque
1592 2339 1745 2384 amplius
1770 2352 1830 2375 no-

1004 2400 1085 2423 uem
1111 2401 1263 2432 menses,
1289 2392 1382 2435 quod
1401 2403 1422 2426 a
1440 2391 1625 2426 Lusitania
1651 2393 1831 2437 petiturus

1003 2441 1141 2476 Indiam
1166 2444 1344 2486 soluerim‚
1371 2456 1413 2479 ac
1438 2451 1570 2487 ternas,
1605 2446 1687 2480 dum
1714 2447 1749 2480 in
1775 2447 1830 2480 In·

1005 2495 1062 2529 dia
1080 2507 1168 2537 sum,
1195 2496 1240 2531 ad
1258 2508 1324 2531 vos
1346 2498 1470 2532 literas
1489 2499 1662 2540 dederinn
1690 2510 1711 2533 a
1729 2500 1831 2534 vobis

1004 2560 1089 2582 vero
1108 2560 1198 2583 vnas
1217 2550 1394 2584 duntaxat
1420 2551 1626 2596 receperim,
1652 2563 1744 2596 quae
1763 2553 1830 2587 Idi-

1003 2601 1070 2635 bus
1089 2602 1219 2635 Ianuar
1238 2629 1244 2636 .
1265 2603 1380 2643 datae,
1399 2604 1482 2637 anni
1504 2604 1604 2639 1542.
1630 2605 1718 2638 mihi
1736 2617 1831 2640 nunc

1003 2654 1156 2698 primum
1182 2655 1319 2689 duobus
1345 2656 1388 2690 ab
1423 2656 1505 2691 hinc
1539 2658 1722 2691 mensibus
1747 2661 1831 2693 sunt

1003 2706 1162 2741 redditae
1181 2721 1188 2742 :
1208 2708 1342 2743 diutius
1367 2709 1453 2743 mihi
1471 2709 1647 2744 silendum
1673 2723 1742 2745 non
1768 2723 1830 2756 pu—

1004 2760 1099 2800 taui;
1135 2761 1220 2804 quin
1248 2762 1290 2795 de
1316 2763 1573 2807 propagatione
1599 2764 1692 2805 fidei,
1728 2766 1830 2799 cuius

1004 2812 1061 2846 1110
1104 2825 1235 2857 magna
1277 2815 1497 2850 incrementa
1514 2847 1519 2854 ,
1537 2816 1691 2860 largitur
1732 2818 1830 2852 Deus

1004 2865 1087 2910 Opt.
1106 2866 1202 2901 Max.
1222 2879 1263 2901 ac
1281 2869 1418 2902 ratione
1444 2868 1643 2903 instruendi
1669 2871 1830 2906 rudiores

1002 2918 1037 2952 in
1063 2919 1143 2959 fide,
1170 2931 1284 2964 pauca
1301 2921 1345 2954 ad
1364 2933 1428 2955 vos
1447 2922 1696 2957 describerem.
1738 2924 1829 2958 Scri-

1002 2972 1083 3006 bam
1110 2975 1228 3006 autem
1265 2973 1419 3017 ingenue
1453 2975 1496 3009 ad
1523 2987 1587 3010 vos
1614 2975 1758 3011 Fratres
1792 2978 1828 3011 in

1002 3024 1145 3059 Christo
1173 3026 1250 3060 lesu
1277 3026 1511 3068 dilectissimi,
1546 3039 1637 3072 quae
1664 3029 1829 3064 Christus

1001 3077 1173 3112 Dominus
1192 3079 1289 3113 hisce
1307 3080 1511 3114 nouissimis
1528 3083 1748 3127 temporibus
1765 3096 1830 3128 per

1001 3132 1144 3164 nostrae
1164 3130 1354 3167 Societatis
1371 3132 1499 3168 Patres
1517 3134 1685 3177 dignatus
1712 3139 1767 3170 est
1792 3138 1827 3170 iu

999 3183 1152 3218 salutem
1191 3184 1335 3219 humani
1378 3187 1519 3229 generis
1557 3189 1694 3232 operari
1734 3191 1825 3235 apud
