2045 3471
289 189 390 223 1435.
417 188 582 223 canisius
609 188 643 223 S.
661 188 852 223 Francisco
878 188 920 222 de
947 187 1088 231 Boi-gia.
1130 187 1277 231 Dilinga
1304 188 1334 222 1.
1354 187 1438 222 Maii
1469 188 1567 222 1567.
1729 190 1813 230 449

57 306 231 349 domoque
256 306 434 350 professa)
472 308 580 350 atque
607 305 819 348 lngolstadii
845 317 920 339 rem
947 305 1179 339 domesticam
1206 316 1350 339 curasse
1380 305 1484 350 (Epp.
1511 306 1633 339 Nadal
1659 305 1691 338 ΙΙ
1718 304 1815 348 530).

56 359 104 393 M.
132 359 232 392 Iunio
267 370 297 393 a.
328 359 417 393 1566
443 358 687 393 Alexandrum
724 371 769 392 ex
803 358 953 402 collegio
980 357 1252 401 ingolstadiensi
1280 359 1422 392 avocari
1453 368 1599 392 necesse
1625 357 1694 391 fuit
1720 357 1759 401 (l.
1787 369 1816 391 c.

56 412 107 446 III
138 411 238 455 168);
274 422 367 451 nam,
403 414 443 445 ut
468 413 612 445 Natalis
640 413 692 446 19.
720 412 799 445 Iulii
829 412 918 445 1566
952 411 1104 454 Borgiae
1140 411 1295 455 scripsit,
1336 411 1478 452 „siendo
1514 423 1597 445 coco
1632 423 1656 456 y
1691 410 1816 446 bueno.

55 468 175 499 tamen
211 465 370 507 segundo
405 464 436 498 el
474 465 576 498 modo
611 465 654 498 de
682 465 802 505 Roma,
839 466 963 509 queria
997 475 1082 498 vsar
1117 463 1323 498 demasiada
1359 464 1545 497 autoridad
1571 475 1615 498 611
1641 463 1694 497 105
1721 464 1818 497 otros

57 517 292 562 coadjutores,
327 529 350 562 y
386 519 465 551 ansi
494 529 533 551 se
558 517 735 551 turbauan
762 518 909 552 mucho“
942 517 980 561 (l.
1008 528 1036 551 0.
1064 517 1115 551 111
1143 516 1240 560 183).
1292 517 1331 550 ln
1358 516 1556 560 *Cataloyo
1582 517 1818 561 oenipontano

57 573 211 605 exeunte
246 582 276 604 a.
312 571 401 605 1566
437 571 638 615 conscripto
676 571 770 605 inter
811 570 1056 613 „coadiutores
1093 569 1329 614 temporales“
1373 572 1553 614 comparet
1596 569 1819 611 „Alexander

58 623 213 659 Celloius
241 652 247 658 .
276 652 282 658 .
311 651 318 658 .
354 625 389 658 in
425 624 527 658 artib.
566 624 771 667 coquinaria
806 627 842 658 et
876 623 1072 658 infirmaria
1105 625 1286 667 utcunque
1323 624 1563 657 exercitatus*
1596 622 1722 665 („GSC
1749 623 1812 657 66“

57 678 82 712 f.
108 678 325 727 413-5114).
376 676 428 711 De
463 689 503 711 eo
530 679 693 711 Lanoius
728 680 844 711 rector
880 678 923 711 ad
950 677 1118 720 Borgiam
1154 676 1324 710 *rettulit
1350 675 1549 721 Oeniponte
1577 677 1607 710 7.
1634 675 1819 709 Februarii

60 731 169 765 1567:
201 730 247 772 „E
275 733 370 764 stato
396 730 506 764 molto
524 730 618 763 male
637 733 672 763 et
690 742 753 775 per
771 731 935 774 maggior
953 731 1089 764 sicurta
1108 729 1227 763 lunedi
1245 729 1270 763 li
1290 729 1445 763 dessimo
1462 728 1645 763 l’estrema
1663 729 1818 768 vntione.

58 783 184 818 adesso
223 783 395 818 comincia
433 795 453 817 a
477 783 661 833 *risanarsi
700 783 789 828 dopo
825 783 934 817 molte
968 783 1173 828 purgationi
1209 782 1243 816 di
1279 782 1500 816 catiuissime
1538 782 1718 815 materie.“
1772 781 1818 814 Et

58 836 118 871 *5.
145 837 279 881 Aprilis
308 837 417 872 1567:
449 836 496 878 „E
523 837 702 881 superfluo
729 837 763 870 in
791 840 917 880 questo
945 836 1139 880 Collegio“,
1170 838 1300 879 ⁷‚mette
1327 838 1422 870 tutto
1447 835 1472 869 il
1499 835 1658 878 Collegio
1684 836 1719 868 in
1746 837 1817 868 ‘tur—

56 889 233 928 batione‘,
265 890 393 934 „piglio
421 890 591 933 raggione
617 890 650 923 di
677 890 835 924 turbarsi
859 890 1150 924 furiosamente“.
1189 889 1287 932 „Non
1306 889 1396 923 vedo
1415 888 1506 923 altro
1523 889 1683 929 rimedio,
1709 899 1819 922 senon

57 943 241 977 mandarlo
276 943 356 978 fuor
391 943 484 977 della
511 942 714 977 Germania.
764 943 932 977 Anchora
966 955 1034 977 non
1065 946 1123 977 sta
1150 943 1208 977 dal
1239 943 1333 976 tutto
1367 942 1524 976 risanato
1551 942 1584 976 di
1611 941 1730 986 quelle
1756 952 1819 975 sue

56 996 252 1042 turbationj
280 999 315 1031 et
349 1000 487 1030 mentre
522 996 587 1030 che
622 997 652 1030 si
687 996 829 1030 rimette
861 1008 969 1041 pocco
995 1009 1015 1031 a
1041 1008 1149 1041 pocco
1176 1008 1196 1030 a
1222 995 1393 1040 megliore
1420 995 1663 1040 dispositione,
1690 1000 1819 1040 speroa

58 1049 124 1084 che
149 1050 367 1084 riceueremo
394 1050 427 1083 le
452 1049 580 1083 lettere
607 1049 663 1083 del
682 1050 720 1084 P.
740 1050 965 1084 Prouinciale
988 1049 1017 1095 jl
1043 1049 1149 1094 quale
1175 1052 1278 1094 potra
1298 1049 1426 1083 vedere
1445 1050 1474 1082 si
1493 1049 1664 1093 potrebbe
1682 1049 1819 1082 aiutare

58 1102 210 1147 qualche
236 1103 327 1137 altro
353 1103 523 1146 Collegio.
551 1130 558 1137 .
588 1130 594 1136 .
623 1131 629 1137 .
681 1103 868 1137 Mandarlo
895 1103 928 1137 al
955 1103 994 1137 P.
1023 1102 1245 1136 Prouinciale
1272 1102 1386 1140 credo.
1414 1102 1478 1136 che
1504 1114 1574 1136 non
1600 1101 1749 1135 sarebbe
1775 1101 1818 1134 ad

58 1157 296 1202 propositum“
331 1157 390 1198 (ex
417 1157 669 1201 autographis;
703 1157 765 1199 „G.
793 1156 856 1201 Ep.
885 1156 989 1190 17111ιι
1020 1157 1044 1190 f.
1075 1156 1158 1190 171b
1188 1156 1433 1199 173¹›-174³).

61 1259 210 1297 1435.
308 1260 525 1296 CANISIUS
562 1258 826 1296 SANCTO
864 1258 1250 1295 FRANGISCO
1278 1258 1370 1295 DE
1399 1256 1684 1300 BORGIA,
1721 1269 1820 1302 prae-

250 1315 365 1359 posito
392 1313 552 1358 generali
580 1314 769 1348 Societatis
796 1314 887 1348 Iesu.
1331 1312 1476 1355 Dilinga
1505 1314 1535 1348 1.
1555 1311 1641 1346 Maii
1669 1311 1771 1346 1567.

180 1386 234 1419 Ex
260 1385 416 1429 imagine
441 1384 725 1430 photographica
754 1384 816 1428 (A)
844 1385 1046 1418 litterarum
1074 1383 1352 1428 archetyparum
1381 1384 1452 1424 (2⁰;
1481 1384 1547 1425 3³4
1576 1394 1653 1427 pp.;
1680 1382 1716 1415 in
1743 1394 1774 1427 p.
1798 1383 1820 1416 4

61 1439 167 1473 inser.
203 1441 238 1473 et
272 1438 444 1482 reliquiae
479 1438 576 1482 sig).
613 1449 704 1482 quae
740 1439 886 1471 exstant
921 1438 955 1471 in
990 1437 1047 1479 „E
1078 1436 1114 1471 C.
1141 1437 1193 1470 Il“
1224 1449 1257 1471 n.
1287 1435 1383 1480 [1J92
1412 1436 1496 1480 (259
1523 1436 1620 1479 260).
1672 1435 1820 1470 Praesto

61 1494 139 1526 erat
171 1492 278 1526 etiam
310 1491 557 1537 apographum
587 1492 645 1534 (Β)
680 1491 867 1535 antiquum
895 1490 1045 1534 (Romae
1072 1490 1194 1524 eodem
1220 1490 1296 1523 fere
1321 1492 1481 1534 tempore
1507 1489 1697 1534 scriptum)
1727 1491 1821 1533 post-

61 1546 148 1580 remi
183 1545 312 1590 capitis
346 1545 473 1579 harum
508 1545 709 1579 litterarum
740 1544 995 1587 („Benedictus
1022 1543 1128 1585 Deus,
1164 1544 1224 1587 qui
1261 1543 1482 1577 Catholicos“
1522 1545 1590 1576 etc.
1626 1554 1740 1586 usque
1776 1543 1819 1576 ad

65 1600 287 1641 „reuerentia
322 1598 417 1632 dicta
451 1597 579 1632 uelim“
619 1597 732 1639 incl),
768 1597 873 1641 idque
912 1597 1086 1640 (20111in.‚
1115 1597 1131 1631 1
1159 1597 1209 1641 p.)
1248 1596 1298 1630 ita
1332 1596 1564 1640 inscriptum:
1605 1595 1678 1637 „Ex
1707 1595 1822 1629 literis

61 1653 99 1687 P.
129 1651 262 1697 Canisij
288 1651 455 1695 Dilingae
482 1651 556 1686 Cal.
580 1651 665 1695 Maij
697 1652 817 1685 1567.“
865 1650 1056 1684 Praeterea
1083 1649 1228 1684 adhibui
1252 1649 1456 1684 litterarum
1483 1648 1728 1694 apographum
1748 1648 1821 1692 (C),

61 1706 152 1750 quod
179 1705 246 1740 sub
272 1716 302 1739 a.
332 1705 422 1739 1860
449 1716 469 1738 a
495 1704 535 1738 P.
555 1706 621 1738 Ios.
640 1705 755 1738 Boero
783 1703 816 1737 S.
836 1704 869 1738 J.
897 1715 941 1737 ex
968 1703 1164 1749 archetypo
1190 1703 1410 1748 exscriptum
1437 1705 1502 1736 est.
1546 1701 1710 1747 Epistula
1737 1713 1823 1736 usus

63 1761 118 1794 est
145 1759 352 1802 Sat-chinus,
381 1757 465 1792 Can.
493 1757 679 1791 238—239
707 1760 743 1791 et
769 1757 862 1791 Hist.
890 1756 924 1791 S.
952 1757 985 1791 J.
1014 1757 1072 1798 III,
1099 1756 1121 1791 l.
1149 1756 1180 1796 3,
1207 1768 1240 1790 n.
1271 1756 1347 1790 124.

181 1830 244 1863 Fr.
264 1830 407 1873 Neyner
434 1831 502 1862 vita
525 1833 643 1862 sancte
660 1829 810 1861 decessit.
849 1828 949 1869 Quod
975 1828 1022 1860 ad
1047 1828 1226 1871 colleqt'nnz
1244 1827 1483 1869 herbipolense
1500 1828 1633 1869 attinet,
1655 1827 1823 1860 Canlsz'us

61 1883 195 1916 iudicio
212 1883 367 1925 Boryiae
383 1882 488 1915 stabit
498 1895 511 1923 ;
537 1883 718 1924 episcopus
734 1885 846 1924 nryet,
873 1886 911 1913 at
929 1882 1152 1914 eonn'onator
1169 1881 1342 1913 mittatur.
1372 1880 1524 1913 Advenit
1542 1880 1606 1912 Fr.
1626 1880 1822 1923 Veyyianus

58 1936 319 1979 philosophiam
345 1936 558 1968 traditurus.
613 1935 777 1968 Oratort's
803 1934 929 1967 bavari
949 1936 1074 1977 pietas.
1119 1934 1181 1966 Fr.
1202 1934 1396 1966 Damerius
1421 1934 1468 1966 ad
1496 1934 1532 1966 P.
1553 1933 1716 1966 Natalem
1735 1944 1821 1975 pro-

59 1989 170 2031 fectus
203 1994 259 2022 est.
311 1989 350 2022 P.
382 1988 619 2021 Theodericus
647 1988 814 2020 Canisius
849 1989 1014 2021 continno
1050 1991 1238 2029 aeyrotans
1270 1987 1422 2029 fortasse
1456 1987 1495 2019 in
1515 1987 1677 2030 patriam
1705 1996 1823 2019 versus

62 2043 242 2083 mittetur&
274 2043 412 2075 interea
439 2042 573 2084 colleyil
601 2041 907 2084 universitatisque
932 2041 1138 2083 dillnyanae
1162 2045 1279 2074 rector
1305 2040 1566 2073 constituendas
1592 2050 1660 2073 esse
1684 2040 1823 2072 ridetur

62 2095 100 2129 P.
129 2096 258 2128 Bader.
313 2095 480 2128 canisius
506 2099 534 2127 et
560 2094 667 2128 haias
692 2096 745 2127 rei
771 2098 800 2126 et
825 2094 953 2136 synodi
975 2095 1097 2137 qratia
1123 2093 1291 2137 Dilinqae
1317 2094 1452 2126 diutins
1478 2092 1618 2126 mansit.
1669 2092 1821 2134 Colleyia

62 2149 227 2192 visitabit,
263 2149 396 2191 synodo
430 2148 604 2191 intererit,
631 2148 908 2190 Arqentoratnm
944 2152 974 2180 et
1002 2148 1246 2181 Constantiam
1276 2147 1348 2180 ibit.
1402 2147 1507 2179 Putat
1532 2156 1567 2178 se
1591 2145 1718 2188 synodi
1743 2155 1823 2178 con-

62 2203 266 2235 stantiensis
300 2212 407 2234 causa-
437 2211 460 2233 a
485 2201 668 2234 cardinali
692 2201 754 2234 illo
778 2205 951 2233 retentam
976 2202 1039 2233 iri.
1089 2201 1142 2234 De
1168 2200 1322 2242 colleyiis
1347 2201 1516 2242 episcopis
1541 2199 1824 2242 arqentor-acensi

64 2260 94 2288 et
119 2255 370 2288 constantiensi
396 2255 621 2288 concedendis
645 2256 767 2287 variae
797 2254 940 2287 Canis-io
967 2258 1159 2287 occurrant
1185 2254 1422 2296 difficultates.
1469 2253 1588 2285 Comes
1613 2253 1653 2284 de
1678 2252 1821 2293 Helfen-

62 2309 148 2342 stein
177 2320 220 2340 ea·
237 2308 512 2341 Lutheram'smo
537 2308 751 2340 sollemniter
776 2308 823 2340 ad
840 2307 1016 2340 eeclesiam
1035 2308 1199 2340 redactus
1215 2307 1411 2340 sacerdotes
1428 2306 1615 2338 catholicos
1634 2307 1668 2337 in
1689 2309 1820 2337 terram

63 2362 209 2395 reducit.
261 2361 331 2394 His
364 2365 402 2393 ut
429 2362 581 2403 Βονρὶαε
616 2361 797 2393 hominnm
823 2361 867 2393 ab
892 2361 1030 2394 haeresi
1056 2361 1345 2394 absolvendorum
1371 2362 1570 2403 potestatem
1599 2360 1766 2401 impetret,
1794 2362 1823 2390 et

65 2415 264 2448 cardinalis
303 2415 492 2447 Truehsess
527 2418 556 2446 et
594 2414 763 2447 Canisins
797 2417 928 2457 petunt.
989 2415 1104 2448 Sociis
1138 2414 1346 2456 ampliorem
1384 2412 1583 2445 absolvendi
1618 2411 1820 2453 facultatem

63 2468 177 2500 tribui
202 2471 336 2510 oportet
348 2480 360 2509 ‚·
386 2468 539 2510 episcopt
566 2478 672 2510 neque
697 2468 851 2500 ‚Indicem
881 2478 989 2510 neque
1015 2467 1159 2500 Bullam
1188 2467 1324 2500 Coenae
1343 2466 1585 2509 prownulyant.

236 2539 408 2581 Jhesus.
462 2538 556 2580 Pax
588 2538 746 2580 Christi
777 2538 1007 2580 admodum
1039 2537 1293 2579 Reuerende
1326 2537 1458 2578 Pater
1488 2538 1650 2578 noster.

183 2609 340 2664 Accepi
366 2623 391 2651 a
414 2610 459 2651 P.
484 2609 530 2651 T.
555 2608 740 2663 scriptas
763 2610 818 2650 22
841 2609 986 2663 Martij
1020 2612 1065 2651 et
1097 2611 1135 2651 5.
1159 2607 1322 2662 Aprilis
1354 2621 1449 2649 cum
1483 2606 1591 2660 aliis,
1626 2619 1735 2658 quae
1767 2605 1823 2647 ad

65 2675 294 2718 Rectorem
342 2675 638 2727 Dilingensem
691 2677 736 2716 et
786 2673 1102 2716 Prouincialem
1154 2673 1455 2715 Rhenenseml
1508 2671 1821 2714 scribebantur.

67 2740 303 2782 Praeterea
335 2739 386 2781 de
427 2739 566 2781 tribus
597 2739 640 2780 in
672 2738 842 2781 Christo
884 2739 1098 2781 defunctis
1141 2737 1390 2780 schedulam
1422 2736 1680 2790 accepimus.
1744 2735 1823 2776 His

66 2807 268 2858 quartum
299 2818 412 2846 nunc
445 2804 741 2856 adiungemus,
775 2803 957 2846 fratrem
988 2807 1184 2846 nostrum
1207 2802 1264 2845 M.
1289 2801 1670 2855 Christophorum2
1693 2799 1823 2842 Oeni-

66 2871 315 2923 pontanum‚
351 2868 422 2922 qui
444 2868 658 2922 Monachij
692 2868 828 2910 lector
850 2871 959 2919 erat,
993 2869 1214 2921 uitamque
1237 2881 1358 2909 suam
1383 2865 1645 2918 Religiosam
1672 2867 1822 2907 sancto

66 2935 151 2976 fine
183 2933 393 2976 conclusit
426 2935 493 2975 22.
518 2933 679 2975 Mensis
710 2931 886 2988 Aprilis,
949 2933 1032 2975 Pro
1073 2933 1146 2974 illo
1180 2931 1373 2986 cupimus
1413 2930 1504 2972 fieri
1537 2929 1822 2984 precationes.

186 3019 213 3050 a)
235 3025 323 3051 spera
343 3023 454 3051 autoyr.

190 3112 199 3132 ¹
225 3112 295 3146 PP.
322 3112 579 3147 Theodoricum
606 3112 787 3147 Canisium
813 3115 849 3147 et
877 3113 1067 3147 Antonium
1096 3112 1224 3146 Yinck.

189 3164 201 3184 ²
226 3165 388 3210 Neyner;
416 3166 497 3199 vide
523 3177 632 3210 supra
658 3177 692 3210 p.
718 3166 798 3200 444.

144 3228 452 3262 Braunsberger,
473 3229 584 3255 Canisii
604 3228 759 3262 Epistulae
780 3229 810 3255 et
824 3229 907 3255 Acta.
933 3229 966 3255 V.
1495 3223 1538 3256 29
