2077 3461
389 197 555 239 Augusta
581 195 849 230 Vindelicorum
876 195 969 229 inter
994 207 1039 229 m.
1066 195 1140 229 Ian.
1168 197 1201 229 ei
1229 196 1314 240 Apr.
1345 196 1445 230 1565.
1773 198 1826 238 29

70 319 113 359 et
144 315 391 358 libertatem
423 315 545 356 nobis
569 314 878 368 Euangelicam
902 314 1194 365 vendicamus,
1227 313 1384 356 idcirco
1409 316 1528 356 certo
1551 314 1829 357 statuendum

69 383 149 431 est,
191 381 228 422 si
266 379 434 434 superis
474 380 631 434 placet,
673 380 757 422 fide
798 379 935 423 iustos
976 382 1021 422 et
1052 379 1197 421 saluos
1230 393 1324 421 esse
1357 393 1435 421 nos
1469 381 1682 433 oportere.
1747 379 1831 420 Sed

69 446 174 487 haec
215 459 296 498 ego
337 444 468 486 missa
509 458 622 486 nunc
663 445 789 487 facio.
824 469 881 473 —
922 445 1007 486 Pro
1053 446 1124 497 „in
1163 447 1528 499 praesentiarum‘·
1575 443 1622 495 (l.
1657 459 1688 486 e.
1723 445 1831 495 273)

69 509 496 564 impraesentiarum,
539 512 588 551 vt
629 510 829 552 arbitror.
870 534 926 537 —
968 510 1053 551 Pro
1098 525 1174 561 „ex
1211 510 1402 562 fontibus
1442 509 1551 551 ’ἱίίὶείδ
1598 509 1645 559 (ἰ.
1680 510 1735 561 e.)
1777 523 1832 550 ex

70 575 206 617 vastis
228 575 312 616 illis
334 574 539 616 fontibus.
559 597 616 602 ——
638 577 748 616 Ante
773 574 1172 630 „operae-pretizc-m‘·
1197 572 1244 625 (l.
1261 575 1316 622 c.)
1335 576 1516 630 positum
1541 579 1598 616 est
1621 574 1755 615 nobis.
1775 598 1831 602 —

70 641 154 682 Pro
191 640 471 695 „perpendere
502 639 654 682 libeat“
690 637 737 690 (l.
769 655 800 682 e.
834 640 966 691 279).·
998 639 1231 693 expendas.
1265 663 1323 667 —
1355 640 1453 680 Post
1490 639 1826 694 „Hieronymus‘'

69 702 116 755 (l.
151 708 206 757 c.)
240 705 434 746 additum
467 704 519 745 de
552 718 655 745 vera
688 703 866 758 pietate.
892 729 947 732 -—
975 705 1060 746 Pro
1097 706 1326 757 „ozivm'rum
1360 705 1489 745 Paule·
1521 705 1660 745 instar
1692 705 1830 745 onmia

67 769 208 823 faetus
241 771 443 822 omnibus,
479 775 517 811 vt
548 783 687 811 onmes
719 771 765 810 in
800 770 963 811 Christo
997 768 1266 822 lucrifaeiat“
1302 769 1352 821 (l.
1386 769 1468 820 c.).·
1500 768 1598 809 dum
1633 767 1829 809 nimirum

70 834 193 876 Pauli
239 834 378 876 instar
425 834 568 876 omnia
614 834 759 875 factus
808 834 1026 882 omnibus,
1082 848 1230 876 omnes
1273 834 1316 875 in
1362 833 1531 875 Christo
1579 833 1834 875 lucrifacere

70 900 228 942 studet.
253 923 309 927 —
331 903 440 941 Ante
477 898 737 951 „oblectatiffi
776 898 823 950 (l.
856 900 910 951 e.)
938 902 1122 953 positum
1158 905 1213 940 est
1245 899 1425 952 piorum.
1450 922 1507 926 —
1529 899 1663 940 Verba
1702 913 1834 951 „eom—

69 970 361 1018 «memorentur,
405 980 511 1020 quae
551 964 684 1006 lzmzc‘·
733 978 862 1019 usque
904 965 961 1005 acl
1006 963 1280 1012 „videantur“
1328 966 1374 1015 (l.
1416 963 1472 1016 e.)
1513 965 1572 1005 ita
1617 966 1833 1004 ionmutata

70 1034 190 1070 sunt:
212 1043 322 1082 quae
345 1029 442 1082 plus
464 1028 742 1071 obscuritatis
765 1043 894 1082 quam
919 1029 1128 1070 commodi
1152 1029 1387 1079 adferrent,
1412 1042 1606 1082 quaeque
1628 1029 1834 1071 lectorem

70 1107 256 1147 grauare
297 1093 441 1148 potius
482 1108 532 1135 ac
573 1093 794 1148 impedire,
838 1108 967 1147 quam
1009 1093 1158 1135 iuuare
1195 1107 1322 1148 posse
1354 1093 1626 1136 videbantur.
1661 1117 1718 1122 —
1748 1093 1834 1135 Pro

74 1159 288 1211 „antidoto
330 1160 494 1212 muniti,
537 1158 771 1201 aduersus“
808 1158 856 1210 (l.
892 1159 972 1211 c.):
1013 1158 1209 1201 antidoto
1250 1158 1463 1208 instructi,
1506 1172 1601 1200 sese
1642 1158 1835 1211 aliosque

71 1223 279 1273 muniant,
314 1223 537 1267 aduersus
562 1248 616 1251 —
641 1225 725 1266 Pro
762 1238 876 1277 „sese
909 1226 1094 1278 aliosque
1127 1226 1170 1265 in
1192 1238 1300 1265 εανια
1335 1229 1370 1265 et
1395 1224 1608 1265 Ccctlzoliea
1643 1225 1834 1264 doctrina

72 1288 390 1342 confirmare22t“
427 1288 475 1340 (l.
511 1289 590 1336 e.):
621 1288 664 1330 in
697 1303 804 1330 sana
836 1302 940 1330 vero
974 1288 1282 1341 Catholicaque
1315 1288 1511 1330 doctrina
1542 1287 1703 1330 rectius
1737 1301 1837 1329 con-

71 1354 307 1395 firmentur.
351 1377 407 1381 ——
450 1354 534 1395 Pro
580 1353 857 1409 „perpetuus“
902 1352 950 1404 (l.
985 1354 1064 1406 c.).·
1105 1356 1314 1407 perpetuo
1356 1353 1619 1395 retinendus.
1653 1374 1712 1379 —
1753 1353 1836 1394 Pro

75 1419 252 1471 „ritibus
292 1418 577 1473 coinprobe7zt“
614 1421 660 1471 (l.
696 1419 776 1471 e.).·
817 1418 971 1460 ritibus
1013 1422 1056 1461 et
1095 1418 1314 1461 Catholico
1356 1432 1476 1460 more
1516 1419 1747 1460 testentur.
1782 1443 1835 1447 -—

71 1483 189 1524 Inter
221 1483 452 1539 ,‚i729enis‘,
487 1489 522 1526 et
553 1483 821 1536 ‚‚doct›·inae“
848 1484 895 1535 (l.
921 1484 976 1536 c.)
1000 1486 1156 1526 inserta
1181 1489 1278 1526 sunt
1300 1485 1450 1525 verba:
1483 1483 1583 1536 quid
1606 1485 1837 1536 quantum-

73 1562 166 1600 que.
199 1572 258 1577 —
289 1549 374 1590 Pro
412 1550 607 1604 „pulchre
639 1548 824 1604 semper“
861 1549 909 1599 (l.
940 1550 1020 1600 e.).·
1052 1549 1229 1603 pulchre
1263 1549 1446 1602 quidem.
1480 1573 1537 1577 —-
1569 1549 1704 1589 Verba
1743 1549 1837 1600 „de-

72 1612 280 1656 litescere“
310 1628 439 1669 usque
472 1615 531 1655 ad
556 1615 618 1667 „O
646 1614 800 1667 fbelioe⁴¹
830 1616 926 1657 πεί.
951 1612 997 1666 (l.
1022 1615 1075 1661 e.)
1109 1616 1169 1656 'ita
1202 1617 1421 1656 {inmutata
1455 1618 1576 1655 sunt.-
1608 1612 1835 1662 delitescit,

74 1678 283 1731 simulque
315 1680 408 1721 toto
441 1679 532 1720 fere
564 1680 721 1720 mundo
755 1679 969 1730 discurrit,
1004 1693 1143 1732 neque
1175 1679 1266 1721 sine
1289 1678 1541 1733 Apostolica
1563 1678 1835 1720 solicitudine

75 1746 118 1786 et
149 1743 374 1794 industria,
407 1746 474 1787 tot
507 1744 665 1787 Christi
696 1745 914 1786 Ecclesias
946 1744 1107 1795 inuisit,
1142 1745 1319 1795 salutat,
1353 1746 1575 1798 repurgat,
1610 1744 1836 1785 confirmat

75 1810 205 1861 atque
245 1811 386 1851 sanat.
420 1835 478 1839 —
518 1810 604 1851 Pro
651 1810 766 1863 „fere
808 1809 1015 1852 dixerim“
1060 1812 1108 1860 (l.
1143 1810 1226 1862 e.).·
1266 1809 1358 1851 fere
1400 1809 1610 1851 dixeram.
1652 1833 1709 1836 —
1750 1809 1836 1850 Pro

78 1874 140 1925 „O
172 1875 435 1916 admiranda
470 1880 504 1916 et
529 1874 755 1917 seetandci“
782 1874 830 1926 (l.
856 1890 886 1920 c.
908 1875 1040 1927 280):
1072 1874 1225 1927 Neque
1258 1874 1397 1916 minus
1430 1873 1682 1916 admiranda
1716 1873 1836 1915 nobis

76 1941 119 1980 et
159 1939 366 1980 sectanda
404 1939 536 1982 venit.
570 1965 625 1970 —
660 1941 745 1982 Pro
781 1941 943 1993 „Porro
984 1941 1049 1982 hic
1090 1941 1176 1981 icem
1217 1939 1426 1995 ·requiret“
1470 1938 1518 1991 (l.
1553 1940 1633 1992 c.).·
1675 1939 1835 1980 Verum

75 2003 143 2045 hio
175 2003 261 2045 iam
301 2004 422 2046 nobis
465 2007 674 2048 occurret.
709 2028 764 2034 —
798 2007 882 2048 Pro
919 2021 995 2058 „ex
1026 2004 1185 2047 solitis“
1220 2007 1268 2056 (Z.
1303 2006 1382 2053 e.):
1423 2019 1478 2046 ex
1519 2004 1745 2058 prioribus.
1779 2028 1835 2034 —

79 2069 161 2110 Pro
187 2075 398 2122 „nostram
425 2070 474 2112 de
497 2071 792 2112 Rotterodamo
815 2072 1076 2121 sententiam,
1110 2070 1207 2125 (ῃιιἮ
1234 2072 1282 2120 (Z.
1306 2071 1385 2124 e.).·
1417 2073 1613 2112 nostram
1645 2068 1836 2122 requiret

77 2133 129 2176 de
161 2134 342 2176 Erasino
375 2135 650 2186 sententiam,
684 2139 733 2178 vt
766 2135 850 2189 qui.
882 2160 941 2165 —
972 2136 1090 2178 Inter
1124 2134 1373 2187 „edifisseffl
1412 2141 1445 2176 et
1480 2133 1662 2188 „solunst‘
1700 2134 1747 2185 (l.
1783 2134 1837 2185 e.)

76 2200 253 2253 positum
287 2205 344 2241 est-
376 2199 460 2242 ille.
501 2225 552 2230 -—
584 2201 669 2242 Pro
705 2201 862 2253 „Nemo
894 2202 1010 2242 illius
1042 2199 1266 2242 laudibzcs“
1303 2199 1351 2251 (l.
1386 2201 1464 2252 c.).·
1496 2199 1634 2241 Nemo
1668 2198 1838 2240 Erasini

80 2263 358 2306 Roterodami
389 2265 601 2308 laudibus.
625 2290 683 2295 -——
706 2266 790 2307 Pro
827 2265 1128 2318 „candidiorffl
1165 2263 1213 2316 (C.
1238 2266 1318 2317 e.).·
1351 2264 1600 2307 candidiori.
1624 2290 1681 2293 -—
1704 2263 1835 2305 Verba

79 2388 279 2421 Vallarsius
306 2388 366 2430 (cf.
393 2390 523 2432 Mi9ne‚
559 2388 599 2422 Ρ.
625 2387 687 2422 lat.
714 2387 816 2421 XXII
846 2388 965 2430 1:205).
1009 2389 1128 2432 Atque
1160 2388 1326 2422 Canisius
1351 2388 1443 2421 hanc
1469 2386 1684 2421 sententiani
1714 2386 1837 2420 iisdem

78 2451 224 2484 prorsus
250 2440 381 2482 verbis,
415 2445 524 2485 atque
550 2440 732 2482 Erasmus,
758 2441 961 2486 proposuit;
999 2441 1067 2476 nisi
1093 2441 1186 2485 quod
1213 2441 1361 2475 verbum
1393 2441 1575 2483 „interim‘
1606 2439 1659 2473 illi
1690 2439 1840 2473 inseruit

80 2495 115 2526 et
140 2504 203 2538 pro
226 2496 427 2538 „quaeque“
451 2494 568 2539 posuit
599 2495 749 2539 „pene“;
778 2495 839 2538 qui
857 2496 977 2528 tamen
1003 2494 1038 2528 in
1065 2495 1140 2539 ipso
1167 2494 1248 2528 libri
1268 2506 1424 2538 corpore,
1451 2493 1510 2526 ubi
1533 2492 1723 2537 epistulam
1751 2492 1838 2526 inte-

80 2557 181 2589 gram
207 2547 315 2591 ponit,
343 2549 379 2580 et
399 2547 582 2590 „interim“
612 2547 756 2588 omittit,
784 2549 820 2581 et
850 2548 1066 2592 „quaeque“,
1093 2559 1163 2581 non
1186 2548 1315 2592 „pene“
1337 2546 1462 2580 scribit
1483 2545 1680 2589 (lslpistolae
1698 2546 1737 2579 B.
1757 2545 1839 2578 Hie-

80 2599 229 2644 ronymi,
249 2599 414 2643 Dilingae
436 2600 536 2641 1562,
555 2600 642 2640 436;
673 2600 854 2645 Epistolae
873 2600 912 2634 B.
932 2601 1152 2645 Hieronymi,
1172 2600 1337 2643 Dilingae
1360 2600 1460 2639 1:365,
1481 2600 1502 2632 f.
1525 2599 1637 2641 164¹).
1674 2598 1840 2633 Ceterum

83 2652 168 2686 haec
195 2653 239 2686 ad
266 2652 468 2687 Celanciam
497 2653 651 2697 epistula
677 2654 712 2687 in
739 2653 875 2697 aliquot
901 2654 1041 2698 quidem
1070 2653 1251 2687 codicibus
1276 2653 1484 2697 Hieronymi
1511 2652 1698 2693 vaticanis,
1726 2652 1840 2696 iisque

82 2705 236 2740 saeculis
262 2705 340 2740 XII.
366 2706 444 2740 XV.
471 2706 566 2740 XVI.
593 2707 738 2751 scriptis
774 2709 896 2741 exstat
924 2708 1069 2749 (Hm-tel
1094 2707 1116 2740 l.
1144 2718 1174 2740 c.
1201 2705 1354 2748 XVIIII)
1385 2709 1420 2739 et
1446 2708 1521 2739 tum
1549 2716 1569 2738 a
1596 2705 1738 2739 Canisio
1764 2708 1840 2739 tuni

83 2757 126 2792 ab
153 2758 232 2793 aliis
258 2771 320 2804 pro
346 2758 617 2804 hieronymiana
645 2759 859 2797 ducebaturz
888 2760 949 2793 sed
978 2771 1055 2793 cani
1082 2759 1290 2803 Hieronymi
1319 2770 1387 2792 non
1414 2770 1503 2795 esse.
1532 2760 1567 2792 et
1593 2758 1736 2792 saeculo
1762 2758 1840 2792 XII.

87 2812 201 2855 Gedyo
229 2812 253 2846 I.
281 2812 516 2847 Cartusianus
545 2812 691 2856 (Missae,
726 2812 765 2847 P.
793 2812 855 2847 lat.
883 2813 992 2847 CLIII
1028 2813 1124 2855 593),
1160 2815 1195 2845 et
1232 2812 1331 2845 initio
1366 2811 1501 2845 saeculi
1536 2811 1631 2846 XVI.
1667 2813 1841 2846 Erasmus

87 2863 124 2907 (l.
151 2876 179 2898 c.
215 2864 296 2908 108)
333 2867 552 2899 monuerant.
604 2867 721 2909 Atque
756 2865 812 2899 hic
848 2877 925 2899 eam
958 2865 991 2899 S,
1019 2865 1161 2899 ,Paulini
1193 2864 1321 2898 Nolani
1357 2876 1436 2898 esse
1471 2865 1713 2907 coniectabat3
1750 2876 1840 2909 quae

85 2917 287 2952 coniectura
313 2918 420 2952 etiam
457 2918 536 2952 aliis
563 2918 707 2962 placuit,
744 2921 783 2952 ut
810 2920 963 2952 Via-torio
993 2918 1029 2959 (l.
1058 2918 1104 2959 c.)
1142 2921 1178 2951 et
1204 2920 1245 2961 ei,
1281 2918 1340 2961 qui
1369 2918 1500 2952 Canisii
1537 2918 1664 2953 librum
1692 2918 1842 2952 Parisiis

84 2970 322 3005 recudendum
354 2972 495 3006 curavit
523 2971 581 3015 (D.
608 2971 815 3016 Hieronymi
850 2972 1032 3016 Epistolae
1066 2971 1233 3011 selectae,
1269 2982 1376 3016 opera
1402 2971 1444 3006 D.
1471 2971 1569 3006 Petri
1596 2972 1739 3017 Canisij,
1778 2972 1842 3005 Pa-

85 3022 180 3057 risiis
208 3024 308 3065 1583,
334 3025 358 3059 f.
385 3025 498 3068 2392).
549 3024 680 3058 Postea
705 3036 748 3057 ne
776 3024 914 3058 Paulini
942 3024 1082 3068 quidem
1119 3023 1310 3068 epistulam
1337 3036 1416 3058 esse
1448 3025 1684 3067 affirmarunt,
1719 3036 1841 3069 quam-

87 3085 202 3118 quam,
228 3079 268 3110 ut
293 3078 472 3121 Remiqius
501 3079 642 3112 Ceillter
668 3076 708 3111 O.
736 3077 770 3111 S.
797 3077 836 3111 B.
870 3077 1019 3116 notavit,
1055 3077 1178 3110 eadem
1206 3076 1445 3121 pulcherrima
1479 3078 1674 3121 solidisque
1710 3078 1842 3111 referta

87 3128 255 3163 doctrinis
281 3130 429 3173 ideoque
457 3133 492 3164 et
518 3131 736 3175 Hieronymo
764 3133 799 3163 et
818 3130 967 3163 Paulino
995 3130 1101 3172 digna
1129 3132 1183 3163 est
1212 3130 1386 3169 (Histoire
1413 3131 1579 3173 generale
1607 3132 1668 3165 des
1688 3133 1842 3164 Auteurs

87 3184 207 3215 sacres
234 3185 312 3223 etc,
339 3182 433 3224 VIII,
461 3183 562 3228 chap.
589 3184 621 3224 9,
649 3195 678 3217 a.
706 3184 737 3224 4,
766 3195 798 3216 n.
827 3184 876 3226 2).
