2077 3461
230 201 311 242 102
757 199 858 233 1246.
885 199 1036 233 Ioannes
1062 199 1104 233 de
1131 198 1286 232 Polaneo
1313 198 1466 232 Canisio.

345 316 511 350 Ceterum
548 327 592 350 ex
629 316 783 360 epistula
809 315 955 350 Polanci
982 315 1095 350 Roma
1129 317 1183 350 14.
1211 315 1378 350 Octobris
1406 315 1495 349 1565
1523 315 1565 349 ad
1594 314 1775 349 Canisium
1810 315 1893 348 data
1917 313 1984 349 hoc

225 369 467 411 intellegitur:
502 369 736 410 Facultatem,
772 380 863 413 quae
888 381 952 414 per
977 369 1042 403 has
1068 369 1208 403 litteras
1235 368 1377 402 Canisio
1403 368 1622 412 reliquisque
1654 368 1703 402 ita
1729 368 1909 408 tribuitur,
1945 369 1985 401 ut

226 422 357 465 singuli
393 433 470 455 eam
507 433 585 456 cum
614 422 634 456 2
660 422 742 457 aliis
768 422 1030 456 communicare
1066 421 1214 466 possint,
1247 433 1326 455 cum
1352 422 1445 455 4-5
1480 421 1561 455 aliis
1596 421 1846 455 communicari
1882 431 1986 465 posse

227 475 313 509 Pius
327 475 386 509 IV.
407 475 549 509 Canisio
569 475 728 516 dixerat3
748 478 856 519 atque
874 475 965 509 hanc
983 475 1249 509 concessionem
1263 474 1385 508 verbis
1402 475 1537 508 factam
1555 474 1590 508 in
1614 473 1708 515 „foro
1723 473 1981 508 conscientiae“

227 527 339 562 Sociis
365 528 532 562 sufficere
557 528 708 571 Borgias
735 528 914 562 censebat.

345 580 422 615 Hae
440 581 580 624 gratiae
599 593 639 615 eo
657 581 802 615 maioris
821 583 923 615 erant
941 580 1138 621 faciendae,
1165 592 1234 624 quo
1253 580 1434 625 parciores
1452 580 1487 613 in
1510 580 1553 614 iis
1572 580 1769 613 tribuendis
1788 579 1987 613 cardinales

227 634 456 678 inquisitores
481 637 567 668 tunc
593 637 705 668 erant.
748 635 924 668 Polancus
943 633 1133 668 Societatis
1159 633 1375 667 secretarius
1393 633 1564 667 mandatu
1583 632 1616 666 S.
1635 632 1816 666 Francisci
1834 632 1986 676 Borgiae

227 686 340 721 Roma
357 688 412 722 25.
433 687 617 721 Februarii
638 688 727 722 1565
745 687 784 721 P.
799 687 955 721 Martino
970 686 1205 721 Stevordiano
1220 687 1254 721 S.
1270 686 1302 720 J.
1321 686 1556 720 contionatori
1572 686 1777 720 monacensi
1795 685 1985 730 *scripsitz

227 739 330 774 Nella
353 740 519 782 „lettione
546 740 602 774 dei
627 740 709 774 libri
735 740 903 784 prohibiti
924 768 931 774 .
953 767 960 773 .
980 767 986 774 .
1006 751 1092 774 sono
1117 741 1186 783 qua
1211 739 1435 773 strettissimi
1454 738 1573 783 questi
1590 738 1730 781 Signori
1748 738 1987 773 Illustrissimi

227 793 308 827 dela
333 793 574 837 anuisitione
600 794 659 837 piu
685 793 719 826 di
746 792 864 836 quello
891 792 956 827 che
989 794 1020 827 si
1047 793 1162 838 potria
1197 792 1403 827 facilmente
1438 792 1602 826 credere“
1634 793 1694 835 (ex
1727 803 1848 836 apogr,
1875 791 1987 826 eiusd.

226 848 355 890 temp.;
386 846 526 888 „Germ
554 847 618 880 65⁴⁴
649 846 672 879 f.
700 846 813 889 229³).

228 966 380 1004 1246.
485 967 545 1002 P.
583 965 881 1003 IOANNES
918 965 1010 1002 DE
1046 965 1380 1010 POLANCO,
1417 967 1634 1002 secretarius
1670 966 1860 1002 Societatis
1895 967 1986 1009 Iesu,

368 1021 539 1055 mandatu
566 1020 602 1055 S.
630 1020 813 1055 Francisci
838 1021 991 1064 Borgiae
1017 1020 1213 1065 praepositi
1240 1020 1432 1064 generalis,
1459 1019 1659 1054 CANISIO.

1365 1073 1477 1108 Roma
1504 1074 1560 1107 29.
1588 1073 1808 1118 Septembris
1838 1074 1939 1108 1565.

324 1145 377 1178 Ex
413 1145 619 1190 apographo
655 1145 813 1179 eiusdem
848 1145 1038 1190 temporis3
1076 1145 1110 1178 in
1145 1145 1318 1187 margine,
1351 1145 1472 1178 eadem
1506 1155 1633 1178 manu:
1672 1144 1834 1186 „Ricordi
1869 1155 1932 1188 per
1964 1143 1988 1177 il

229 1198 345 1232 Padre
381 1198 557 1239 Canisio¹‘‚
593 1198 677 1233 Cod.
717 1198 890 1241 „Decreta
924 1201 959 1232 et
994 1198 1177 1233 Instructi.
1216 1198 1467 1233 1540-1573“
1506 1199 1530 1232 f.
1558 1197 1789 1231 216‘=—217¹³.
1840 1197 1988 1231 Litteris

228 1263 314 1286 usus
340 1263 419 1285 sum
446 1263 639 1295 earumque
665 1254 788 1296 partes
815 1251 954 1296 aliquas
980 1251 1184 1294 germanice
1209 1262 1335 1285 versas
1360 1251 1460 1296 posui
1489 1251 1523 1284 in
1544 1249 1757 1295 „Stimmenss
1784 1250 1807 1284 l.
1826 1262 1855 1284 c.
1875 1249 1987 1284 LXXI

350 1376 494 1409 Canislo
522 1378 559 1408 in
581 1377 812 1409 Germaniam
838 1377 1001 1409 redeunti
1018 1377 1121 1408 rart'a
1142 1377 1310 1408 mandata
1330 1380 1359 1408 et
1384 1376 1570 1417 facultates
1587 1376 1669 1407 dat:
1696 1375 1732 1408 P.
1754 1375 1989 1408 Theodoricns

231 1429 398 1463 (lanistas
415 1430 651 1462 instituendus
667 1427 1024 1472 7,riceprom'ncialis“.
1055 1430 1092 1462 P.
1108 1429 1277 1462 Peltanns
1294 1430 1483 1471 Oeniponte
1500 1430 1658 1472 primum
1678 1429 1847 1471 minister,
1865 1428 1989 1460 deinde

229 1487 344 1515 rector
376 1483 535 1524 futurus.
586 1483 820 1525 Maydalenae
854 1483 1119 1515 archidncc‘ssac
1154 1483 1296 1525 eiusque
1325 1483 1508 1515 sororibus
1536 1482 1825 1524 persuadendmn
1859 1486 1917 1524 est,
1951 1485 1990 1514 ut

230 1536 312 1568 boni
329 1537 514 1569 consulant
532 1536 653 1569 Socios
670 1538 758 1578 ipsis
776 1536 896 1577 officia
909 1540 1133 1578 praestantes
1150 1537 1189 1568 inr
1209 1536 1391 1568 societatis
1409 1536 1550 1578 collegio
1568 1535 1738 1568 habitare.
1766 1535 1804 1568 P.
1825 1535 1989 1577 Dyrsz'us.

233 1589 400 1622 Canisins
426 1590 569 1632 eollvyia
604 1589 766 1622 rhenana
794 1587 993 1631 ‚misitabit“
1021 1590 1247 1631 consolando,
1282 1589 1471 1632 hortando,
1508 1589 1672 1631 notando,
1707 1590 1740 1621 st?
1765 1599 1854 1631 qnae
1879 1599 1989 1620 emen-

230 1642 351 1674 danda
368 1644 449 1675 sint.
493 1643 545 1675 De
570 1643 758 1684 beanisnzo,
783 1642 1040 1675 haereticorum
1059 1643 1106 1675 ad
1121 1642 1258 1685 gradus
1271 1642 1501 1685 promotione,
1527 1643 1769 1674 muter-sitatis
1786 1641 1990 1683 dilinyanae

231 1695 374 1738 reyzdz's,
403 1696 613 1728 valetudinis
631 1706 719 1728 cura
738 1700 796 1728 etc.
819 1696 912 1728 alias
929 1696 1208 1738 respondebitur.
1248 1695 1301 1728 De
1319 1696 1431 1728 Sociis
1449 1695 1657 1738 quibusdam
1676 1695 1724 1726 ad
1735 1695 1987 1737 professionem

231 1752 262 1780 et
296 1752 372 1781 rota
407 1749 652 1781 coadiutormn
687 1750 927 1790 formatorum
963 1749 1199 1781 admittendis.
1253 1746 1538 1792 „P2·0bat50›2e3“,
1574 1758 1661 1790 quas
1690 1748 1884 1780 Germania
1919 1758 1986 1780 non

227 1802 310 1844 fert,
336 1803 375 1834 in
400 1803 493 1834 alias
519 1803 729 1835 commutari
749 1807 909 1845 possunt.
960 1803 1138 1835 Promote'o
1164 1802 1211 1834 ad
1243 1803 1386 1834 ordines
1409 1812 1540 1835 sacros.
1592 1801 1731 1833 Noviee'i
1757 1801 1941 1834 Monacln'z‘
1967 1811 1987 1832 a

231 1855 384 1897 colleqiis
417 1856 639 1888 sustentandi
649 1868 662 1896 ‚·
700 1856 830 1898 reliqui
867 1857 904 1887 inv
931 1857 1024 1888 alias
1058 1861 1174 1888 terras
1200 1856 1368 1888 mittendi.
1422 1852 1650 1898 „Missiones“
1680 1854 1804 1886 breves.
1855 1855 1991 1886 Domus

226 1909 389 1950 professa
416 1910 666 1941 constituenda.
710 1908 850 1941 Not-icit
876 1919 963 1951 quas
989 1912 1083 1941 artes
1108 1909 1250 1947 discere,
1278 1919 1362 1951 quos
1387 1909 1496 1941 libros
1521 1908 1629 1950 leyere
1653 1908 1798 1949 possint.
1850 1907 1988 1940 Studia.

231 1961 402 1994 Facultas
420 1962 571 1994 novicios
596 1966 625 1994 et
642 1962 865 1995 scholasticos
890 1973 932 1995 ea:
951 1963 1120 1995 Societate
1137 1962 1347 1994 dimittendi.
1393 1961 1528 1995 Cursus
1546 1962 1678 1993 artimn
1698 1960 1835 1993 bret-ior
1852 1960 1992 1992 institui

228 2018 349 2057 potest.
399 2015 561 2048 Ber-tores
587 2016 828 2048 catechismum
855 2016 1008 2048 doceant.
1061 2016 1188 2048 Stmlia
1218 2017 1446 2048 noviciorum.
1498 2014 1648 2047 Illasica.
1700 2013 1825 2046 Socius
1854 2013 1991 2046 Canisit'

232 2068 375 2110 colleqz'a
399 2069 583 2101 visitantis.
618 2069 790 2110 Episcopo
816 2069 1051 2111 herbipolensi
1077 2069 1255 2111 colleyz'nm
1276 2068 1565 2111 promittendam.
1604 2067 1780 2109 Gemi-sius,
1808 2077 1895 2109 qnae
1913 2077 1991 2098 car-

232 2122 350 2154 dinali
376 2122 521 2154 Amulio
547 2122 698 2154 scribere
731 2124 890 2165 voluerit,
926 2123 1080 2164 Boryz‘ac
1113 2123 1238 2155 mittat.
1289 2121 1412 2154 Eidem
1439 2125 1589 2154 rectores
1614 2130 1701 2153 nova
1727 2121 1878 2162 mittant,
1915 2130 1989 2152 cnm

232 2174 451 2211 Borromaeo
478 2179 536 2208 etc.
557 2176 860 2208 communicanda.

351 2245 542 2287 Tornato
575 2245 618 2286 in
652 2245 882 2287 Germania
914 2248 1051 2288 metta
1083 2245 1127 2286 in
1159 2244 1427 2287 essecutione
1459 2244 1485 2285 l'
1505 2244 1653 2285 ordine
1685 2244 1817 2285 dato1
1850 2243 1891 2284 di
1923 2242 1990 2284 far

232 2309 577 2364 Viceprouincial
617 2310 647 2351 il
686 2310 823 2351 Padre
865 2310 1130 2352 Theodorico
1172 2323 1248 2351 suo
1294 2309 1467 2352 fratello
1513 2323 1592 2350 con
1633 2307 1823 2350 autorita
1863 2307 1989 2361 piena

234 2374 310 2416 che
344 2374 549 2416 conuiene
589 2389 668 2429 per
706 2375 736 2415 il
777 2388 967 2428 gouerno
1010 2375 1050 2415 di
1082 2376 1201 2416 tutta
1233 2388 1310 2415 sua
1351 2373 1573 2427 prouincia
1605 2376 1649 2415 et
1681 2386 1727 2414 se
1759 2371 1989 2423 ragionara

234 2452 312 2479 con
336 2439 478 2480 alcuni
499 2439 671 2482 Rettori
693 2439 735 2481 di
758 2453 855 2481 essa
877 2439 907 2480 11
929 2439 1022 2480 dira
1044 2439 1212 2481 faccino
1236 2438 1397 2479 ricorso
1421 2440 1446 2479 a
1470 2438 1588 2480 detto
1611 2436 1904 2478 Prouincialea
1927 2433 1986 2489 [P]

233 2502 276 2544 in
308 2505 424 2546 tutto
449 2538 457 2545 .
483 2506 527 2545 et
558 2506 583 2545 a
616 2504 745 2556 quelli
778 2506 803 2545 a
836 2503 902 2545 chi
925 2518 1010 2545 non
1033 2504 1205 2557 parlera
1227 2503 1355 2556 glielo
1378 2502 1474 2544 fara
1496 2502 1719 2544 intendere
1741 2515 1818 2555 per
1839 2501 1987 2542 letere.

353 2568 580 2610 Visitando
612 2569 641 2610 11
665 2568 854 2621 Collegio
885 2569 923 2609 d'
943 2568 1130 2622 Jspruch
1162 2568 1273 2609 ueda
1306 2567 1347 2608 di
1380 2567 1572 2609 animare
1604 2566 1632 2608 il
1656 2566 1795 2608 Padre
1818 2564 1988 2606 Dirsi02

236 2635 279 2673 et
312 2632 556 2686 disponerlo
589 2635 614 2675 a
647 2634 727 2675 ben
765 2633 969 2674 instruire
1001 2633 1030 2674 11
1063 2631 1337 2674 successoreb
1379 2631 1456 2673 che
1488 2645 1588 2673 sara
1618 2631 1647 2672 il
1680 2631 1730 2672 D.
1765 2629 1988 2670 Theodoro

236 2696 418 2739 Peltano
444 2733 451 2740 .
476 2698 646 2750 quando
691 2712 786 2740 esso
819 2698 865 2740 P.
892 2697 1033 2739 Dirsio
1076 2697 1111 2738 si
1152 2697 1316 2750 partira
1360 2696 1412 2737 de
1443 2696 1627 2749 Jspruch
1654 2729 1661 2737 .
1686 2696 1730 2736 et
1761 2693 1803 2734 in
1836 2696 1988 2746 questo

236 2775 354 2803 mezo
387 2764 512 2816 potra
543 2763 612 2804 far
643 2763 669 2803 l'
689 2763 830 2805 officio
864 2763 905 2804 di
927 2761 1122 2803 ministro
1157 2762 1276 2804 detto
1300 2761 1438 2802 Padre
1470 2774 1547 2814 per
1578 2759 1800 2801 intendere
1832 2757 1988 2810 meglio

237 2825 276 2866 le
309 2840 407 2867 cose
441 2827 481 2868 di
514 2841 616 2869 casa
648 2831 692 2870 et
714 2828 850 2870 anche
881 2829 1008 2882 potra
1040 2827 1217 2880 leggere
1250 2826 1393 2878 quella
1425 2825 1605 2867 lettione
1627 2822 1888 2875 Theologica
1911 2821 1988 2863 che

238 2893 260 2931 0
292 2890 419 2933 solita
451 2892 609 2944 legersi
640 2892 683 2934 in
715 2892 915 2946 Jspruch.

355 2975 383 3001 a)
405 2976 467 3006 Sim
487 2977 668 3001 scribendum
689 2978 782 3007 fnisse.
806 2978 923 3002 videtur
942 2975 1212 3009 Viceprouinciale.
1303 2974 1333 3005 b)
1355 2976 1412 2999 ΓΓ.
1433 2972 1577 2998 instruire
1597 2971 1617 2997 il
1638 2978 1813 2996 successore
1833 2980 1849 2996 (ι
1871 2972 1936 2996 libr.
1959 2972 1985 2995 in

237 3023 328 3047 margy.
348 3017 451 3040 addim
470 3021 544 3041 sunt.

360 3125 369 3144 ¹
395 3123 446 3157 De
472 3123 538 3156 hoc
564 3123 645 3157 vide
671 3124 764 3157 infra
790 3135 881 3157 mon.
909 3135 1019 3166 germ.
1047 3123 1069 3157 1.
1100 3122 1164 3165 (2).

356 3177 369 3197 ²
395 3176 433 3210 P.
460 3176 626 3210 Ioannem
653 3175 831 3220 Dyrsium‚
859 3175 999 3219 collegii
1024 3179 1219 3215 rectorem;
1246 3174 1327 3207 vide
1353 3184 1461 3217 supra
1486 3183 1519 3217 p.
1546 3172 1590 3205 45
1617 3172 1671 3206 39.
