<?xml version="1.0" encoding="UTF-8"?>
<!DOCTYPE html PUBLIC "-//W3C//DTD XHTML 1.0 Transitional//EN"
    "http://www.w3.org/TR/xhtml1/DTD/xhtml1-transitional.dtd">
<html xmlns="http://www.w3.org/1999/xhtml" xml:lang="en" lang="en">
 <head>
  <title>
</title>
<meta http-equiv="Content-Type" content="text/html;charset=utf-8" />
  <meta name='ocr-system' content='tesseract 3.04.00' />
  <meta name='ocr-capabilities' content='ocr_page ocr_carea ocr_par ocr_line ocrx_word'/>
</head>
<body>
  <div class='ocr_page' id='page_1' title='image "beatipetricanisi05cani_0165.png"; bbox 0 0 2077 3461; ppageno 0'>
   <div class='ocr_carea' id='block_1_1' title="bbox 434 194 1824 241">
    <p class='ocr_par' dir='ltr' id='par_1_1' title="bbox 434 194 1824 241">
     <span class='ocr_line' id='line_1_1' title="bbox 434 194 1824 241; baseline -0.003 -10"><span class='ocrx_word' id='word_1_1' title='bbox 434 197 547 231; x_wconf 85' lang='lat' dir='ltr'>Roma</span> <span class='ocrx_word' id='word_1_2' title='bbox 572 198 665 231; x_wconf 87' lang='lat' dir='ltr'>inter</span> <span class='ocrx_word' id='word_1_3' title='bbox 691 209 737 231; x_wconf 93' lang='lat' dir='ltr'>m.</span> <span class='ocrx_word' id='word_1_4' title='bbox 755 197 890 231; x_wconf 85' lang='lat' dir='ltr'>Maium</span> <span class='ocrx_word' id='word_1_5' title='bbox 917 198 952 230; x_wconf 86' lang='lat' dir='ltr'>et</span> <span class='ocrx_word' id='word_1_6' title='bbox 978 195 1223 241; x_wconf 80' lang='lat' dir='ltr'>Septembrem</span> <span class='ocrx_word' id='word_1_7' title='bbox 1253 195 1341 229; x_wconf 83' lang='lat'>1565</span> <span class='ocrx_word' id='word_1_8' title='bbox 1357 194 1420 238; x_wconf 63' lang='lat'>(52).</span> <span class='ocrx_word' id='word_1_9' title='bbox 1771 196 1824 236; x_wconf 80' lang='grc'>79</span> 
     </span>
    </p>
   </div>
   <div class='ocr_carea' id='block_1_2' title="bbox 45 313 1834 2962">
    <p class='ocr_par' dir='ltr' id='par_1_2' title="bbox 68 313 1827 689">
     <span class='ocr_line' id='line_1_2' title="bbox 186 313 1827 369; baseline -0.001 -13"><span class='ocrx_word' id='word_1_10' title='bbox 186 315 265 366; x_wconf 82' lang='lat' dir='ltr'>Qui</span> <span class='ocrx_word' id='word_1_11' title='bbox 307 329 484 369; x_wconf 89' lang='lat' dir='ltr'>corpore</span> <span class='ocrx_word' id='word_1_12' title='bbox 525 315 638 356; x_wconf 89' lang='lat' dir='ltr'>male</span> <span class='ocrx_word' id='word_1_13' title='bbox 678 315 840 357; x_wconf 84' lang='lat' dir='ltr'>habent</span> <span class='ocrx_word' id='word_1_14' title='bbox 879 314 922 356; x_wconf 91' lang='lat' dir='ltr'>in</span> <span class='ocrx_word' id='word_1_15' title='bbox 954 314 1071 356; x_wconf 89' lang='lat' dir='ltr'>Vrbe</span> <span class='ocrx_word' id='word_1_16' title='bbox 1105 313 1320 364; x_wconf 81' lang='lat' dir='ltr'>Germani,</span> <span class='ocrx_word' id='word_1_17' title='bbox 1364 316 1408 356; x_wconf 89' lang='lat' dir='ltr'>et</span> <span class='ocrx_word' id='word_1_18' title='bbox 1450 313 1504 355; x_wconf 91' lang='lat' dir='ltr'>ad</span> <span class='ocrx_word' id='word_1_19' title='bbox 1544 313 1689 367; x_wconf 87' lang='lat' dir='ltr'>ptisim</span> <span class='ocrx_word' id='word_1_20' title='bbox 1727 327 1827 366; x_wconf 90' lang='lat' dir='ltr'>pro-</span> 
     </span>
     <span class='ocr_line' id='line_1_3' title="bbox 68 377 1826 435; baseline -0.002 -13"><span class='ocrx_word' id='word_1_21' title='bbox 68 381 315 435; x_wconf 83' lang='lat' dir='ltr'>pensionem</span> <span class='ocrx_word' id='word_1_22' title='bbox 357 380 563 430; x_wconf 86' lang='lat' dir='ltr'>sentiunt‚</span> <span class='ocrx_word' id='word_1_23' title='bbox 605 380 649 421; x_wconf 91' lang='lat' dir='ltr'>in</span> <span class='ocrx_word' id='word_1_24' title='bbox 690 383 885 434; x_wconf 88' lang='lat' dir='ltr'>tempore</span> <span class='ocrx_word' id='word_1_25' title='bbox 926 379 995 420; x_wconf 91' lang='lat' dir='ltr'>uel</span> <span class='ocrx_word' id='word_1_26' title='bbox 1037 379 1121 420; x_wconf 90' lang='lat' dir='ltr'>alio</span> <span class='ocrx_word' id='word_1_27' title='bbox 1163 378 1217 420; x_wconf 92' lang='lat' dir='ltr'>ad</span> <span class='ocrx_word' id='word_1_28' title='bbox 1250 378 1392 420; x_wconf 89' lang='lat' dir='ltr'>vicina</span> <span class='ocrx_word' id='word_1_29' title='bbox 1434 377 1629 431; x_wconf 88' lang='lat' dir='ltr'>collegia,</span> <span class='ocrx_word' id='word_1_30' title='bbox 1673 378 1742 419; x_wconf 91' lang='lat' dir='ltr'>uel</span> <span class='ocrx_word' id='word_1_31' title='bbox 1783 378 1826 418; x_wconf 94' lang='lat' dir='ltr'>in</span> 
     </span>
     <span class='ocr_line' id='line_1_4' title="bbox 69 442 1827 498; baseline -0.003 -10"><span class='ocrx_word' id='word_1_32' title='bbox 69 445 344 488; x_wconf 83' lang='lat' dir='ltr'>Germaniam</span> <span class='ocrx_word' id='word_1_33' title='bbox 386 444 669 494; x_wconf 78' lang='lat' dir='ltr'>destinentur,</span> <span class='ocrx_word' id='word_1_34' title='bbox 712 445 788 486; x_wconf 91' lang='lat' dir='ltr'>sed</span> <span class='ocrx_word' id='word_1_35' title='bbox 829 458 925 486; x_wconf 91' lang='lat' dir='ltr'>cum</span> <span class='ocrx_word' id='word_1_36' title='bbox 957 443 1259 498; x_wconf 73' lang='lat' dir='ltr'>explicatione,</span> <span class='ocrx_word' id='word_1_37' title='bbox 1302 443 1453 496; x_wconf 87' lang='lat' dir='ltr'>quales</span> <span class='ocrx_word' id='word_1_38' title='bbox 1485 443 1649 484; x_wconf 84' lang='lat' dir='ltr'>Romae</span> <span class='ocrx_word' id='word_1_39' title='bbox 1687 456 1734 484; x_wconf 92' lang='lat' dir='ltr'>se</span> <span class='ocrx_word' id='word_1_40' title='bbox 1765 442 1827 483; x_wconf 91' lang='lat' dir='ltr'>illi</span> 
     </span>
     <span class='ocr_line' id='line_1_5' title="bbox 68 507 1825 564; baseline -0.002 -12"><span class='ocrx_word' id='word_1_41' title='bbox 68 509 357 564; x_wconf 79' lang='lat' dir='ltr'>praebuerint,</span> <span class='ocrx_word' id='word_1_42' title='bbox 392 512 436 551; x_wconf 89' lang='lat' dir='ltr'>et</span> <span class='ocrx_word' id='word_1_43' title='bbox 469 509 589 551; x_wconf 91' lang='lat' dir='ltr'>cuius</span> <span class='ocrx_word' id='word_1_44' title='bbox 622 509 939 563; x_wconf 79' lang='lat' dir='ltr'>expectationis</span> <span class='ocrx_word' id='word_1_45' title='bbox 961 522 1056 550; x_wconf 89' lang='lat' dir='ltr'>esse</span> <span class='ocrx_word' id='word_1_46' title='bbox 1078 508 1320 551; x_wconf 88' lang='lat' dir='ltr'>uideantur.</span> <span class='ocrx_word' id='word_1_47' title='bbox 1364 507 1603 561; x_wconf 86' lang='lat' dir='ltr'>Expediret</span> <span class='ocrx_word' id='word_1_48' title='bbox 1624 507 1825 557; x_wconf 81' lang='lat' dir='ltr'>fortasse,</span> 
     </span>
     <span class='ocr_line' id='line_1_6' title="bbox 69 572 1826 623; baseline -0.002 -6"><span class='ocrx_word' id='word_1_49' title='bbox 69 575 328 617; x_wconf 82' lang='lat' dir='ltr'>Germanum</span> <span class='ocrx_word' id='word_1_50' title='bbox 352 574 515 616; x_wconf 87' lang='lat' dir='ltr'>Romae</span> <span class='ocrx_word' id='word_1_51' title='bbox 537 574 700 615; x_wconf 91' lang='lat' dir='ltr'>nullum</span> <span class='ocrx_word' id='word_1_52' title='bbox 725 574 840 616; x_wconf 88' lang='lat' dir='ltr'>ultra</span> <span class='ocrx_word' id='word_1_53' title='bbox 862 573 1078 615; x_wconf 84' lang='lat' dir='ltr'>biennium</span> <span class='ocrx_word' id='word_1_54' title='bbox 1102 577 1176 616; x_wconf 90' lang='lat' dir='ltr'>aut</span> <span class='ocrx_word' id='word_1_55' title='bbox 1205 575 1251 615; x_wconf 92' lang='lat' dir='ltr'>ut</span> <span class='ocrx_word' id='word_1_56' title='bbox 1273 572 1473 623; x_wconf 82' lang='lat' dir='ltr'>maxime,</span> <span class='ocrx_word' id='word_1_57' title='bbox 1508 572 1561 613; x_wconf 91' lang='lat' dir='ltr'>ad</span> <span class='ocrx_word' id='word_1_58' title='bbox 1594 572 1826 614; x_wconf 88' lang='lat' dir='ltr'>triennium</span> 
     </span>
     <span class='ocr_line' id='line_1_7' title="bbox 68 637 1676 689; baseline -0.002 -8"><span class='ocrx_word' id='word_1_59' title='bbox 68 638 262 689; x_wconf 84' lang='lat' dir='ltr'>detineri,</span> <span class='ocrx_word' id='word_1_60' title='bbox 305 652 359 680; x_wconf 93' lang='lat' dir='ltr'>ne</span> <span class='ocrx_word' id='word_1_61' title='bbox 392 638 611 680; x_wconf 86' lang='lat' dir='ltr'>Romanus</span> <span class='ocrx_word' id='word_1_62' title='bbox 643 652 719 680; x_wconf 90' lang='lat' dir='ltr'>aer</span> <span class='ocrx_word' id='word_1_63' title='bbox 750 638 933 688; x_wconf 87' lang='lat' dir='ltr'>illorum,</span> <span class='ocrx_word' id='word_1_64' title='bbox 976 640 1024 680; x_wconf 85' lang='lat' dir='ltr'>ut</span> <span class='ocrx_word' id='word_1_65' title='bbox 1054 639 1116 689; x_wconf 88' lang='lat' dir='ltr'>fit,</span> <span class='ocrx_word' id='word_1_66' title='bbox 1150 637 1443 680; x_wconf 89' lang='lat' dir='ltr'>valetudinem</span> <span class='ocrx_word' id='word_1_67' title='bbox 1476 637 1676 678; x_wconf 82' lang='lat' dir='ltr'>offendat.</span> 
     </span>
    </p>

    <p class='ocr_par' dir='ltr' id='par_1_3' title="bbox 68 700 1826 810">
     <span class='ocr_line' id='line_1_8' title="bbox 185 700 1826 756; baseline -0.002 -12"><span class='ocrx_word' id='word_1_68' title='bbox 185 703 430 745; x_wconf 86' lang='lat' dir='ltr'>Arceantur</span> <span class='ocrx_word' id='word_1_69' title='bbox 470 705 514 745; x_wconf 92' lang='lat' dir='ltr'>et</span> <span class='ocrx_word' id='word_1_70' title='bbox 546 705 803 745; x_wconf 89' lang='lat' dir='ltr'>reuocentur</span> <span class='ocrx_word' id='word_1_71' title='bbox 844 716 869 744; x_wconf 91' lang='lat' dir='ltr'>a</span> <span class='ocrx_word' id='word_1_72' title='bbox 909 703 1047 745; x_wconf 90' lang='lat' dir='ltr'>multa</span> <span class='ocrx_word' id='word_1_73' title='bbox 1087 702 1335 756; x_wconf 82' lang='lat' dir='ltr'>scriptione,</span> <span class='ocrx_word' id='word_1_74' title='bbox 1378 715 1488 755; x_wconf 91' lang='lat' dir='ltr'>quae</span> <span class='ocrx_word' id='word_1_75' title='bbox 1522 700 1747 743; x_wconf 84' lang='lat' dir='ltr'>Germanis</span> <span class='ocrx_word' id='word_1_76' title='bbox 1784 700 1826 741; x_wconf 92' lang='lat' dir='ltr'>in</span> 
     </span>
     <span class='ocr_line' id='line_1_9' title="bbox 68 767 1046 810; baseline 0 0"><span class='ocrx_word' id='word_1_77' title='bbox 68 769 184 810; x_wconf 86' lang='lat' dir='ltr'>Vrbe</span> <span class='ocrx_word' id='word_1_78' title='bbox 216 768 398 809; x_wconf 91' lang='lat' dir='ltr'>multum</span> <span class='ocrx_word' id='word_1_79' title='bbox 431 767 687 809; x_wconf 85' lang='lat' dir='ltr'>discriminis</span> <span class='ocrx_word' id='word_1_80' title='bbox 719 767 830 808; x_wconf 89' lang='lat' dir='ltr'>solet</span> <span class='ocrx_word' id='word_1_81' title='bbox 862 767 1046 810; x_wconf 86' lang='lat' dir='ltr'>adferre.</span> 
     </span>
    </p>

    <p class='ocr_par' dir='ltr' id='par_1_4' title="bbox 67 830 1828 1274">
     <span class='ocr_line' id='line_1_10' title="bbox 186 830 1826 886; baseline -0.002 -12"><span class='ocrx_word' id='word_1_82' title='bbox 186 832 439 875; x_wconf 83' lang='lat' dir='ltr'>Scholastici</span> <span class='ocrx_word' id='word_1_83' title='bbox 485 832 687 874; x_wconf 84' lang='lat' dir='ltr'>Germani</span> <span class='ocrx_word' id='word_1_84' title='bbox 731 831 886 885; x_wconf 86' lang='lat' dir='ltr'>studijs</span> <span class='ocrx_word' id='word_1_85' title='bbox 930 831 1137 874; x_wconf 87' lang='lat' dir='ltr'>Romanis</span> <span class='ocrx_word' id='word_1_86' title='bbox 1182 830 1427 886; x_wconf 90' lang='lat' dir='ltr'>applicandi</span> <span class='ocrx_word' id='word_1_87' title='bbox 1478 845 1561 872; x_wconf 92' lang='lat' dir='ltr'>non</span> <span class='ocrx_word' id='word_1_88' title='bbox 1612 830 1826 877; x_wconf 85' lang='lat' dir='ltr'>uidentur,</span> 
     </span>
     <span class='ocr_line' id='line_1_11' title="bbox 67 894 1828 950; baseline -0.002 -12"><span class='ocrx_word' id='word_1_89' title='bbox 67 897 149 938; x_wconf 90' lang='lat' dir='ltr'>nisi</span> <span class='ocrx_word' id='word_1_90' title='bbox 181 897 252 950; x_wconf 89' lang='lat' dir='ltr'>qui</span> <span class='ocrx_word' id='word_1_91' title='bbox 283 897 326 938; x_wconf 88' lang='lat' dir='ltr'>in</span> <span class='ocrx_word' id='word_1_92' title='bbox 351 897 645 939; x_wconf 88' lang='lat' dir='ltr'>Grammatica</span> <span class='ocrx_word' id='word_1_93' title='bbox 678 900 722 939; x_wconf 90' lang='lat' dir='ltr'>et</span> <span class='ocrx_word' id='word_1_94' title='bbox 743 895 978 938; x_wconf 83' lang='lat' dir='ltr'>Rhetorica</span> <span class='ocrx_word' id='word_1_95' title='bbox 1005 896 1090 938; x_wconf 87' lang='lat' dir='ltr'>sint</span> <span class='ocrx_word' id='word_1_96' title='bbox 1122 899 1340 949; x_wconf 90' lang='lat' dir='ltr'>utcunque</span> <span class='ocrx_word' id='word_1_97' title='bbox 1372 895 1548 945; x_wconf 87' lang='lat' dir='ltr'>uersati,</span> <span class='ocrx_word' id='word_1_98' title='bbox 1582 898 1629 938; x_wconf 84' lang='lat' dir='ltr'>ut</span> <span class='ocrx_word' id='word_1_99' title='bbox 1660 894 1828 949; x_wconf 84' lang='lat' dir='ltr'>possint</span> 
     </span>
     <span class='ocr_line' id='line_1_12' title="bbox 69 959 1826 1016; baseline -0.001 -13"><span class='ocrx_word' id='word_1_100' title='bbox 69 962 180 1015; x_wconf 90' lang='lat' dir='ltr'>quod</span> <span class='ocrx_word' id='word_1_101' title='bbox 213 964 280 1004; x_wconf 92' lang='lat' dir='ltr'>est</span> <span class='ocrx_word' id='word_1_102' title='bbox 311 962 590 1004; x_wconf 90' lang='lat' dir='ltr'>uehementer</span> <span class='ocrx_word' id='word_1_103' title='bbox 623 961 871 1016; x_wconf 88' lang='lat' dir='ltr'>optandum,</span> <span class='ocrx_word' id='word_1_104' title='bbox 914 961 958 1002; x_wconf 90' lang='lat' dir='ltr'>in</span> <span class='ocrx_word' id='word_1_105' title='bbox 990 961 1172 1003; x_wconf 71' lang='lat' dir='ltr'>Latino¹³</span> <span class='ocrx_word' id='word_1_106' title='bbox 1205 959 1266 1015; x_wconf 70' lang='lat' dir='ltr'>[P]</span> <span class='ocrx_word' id='word_1_107' title='bbox 1309 961 1534 1002; x_wconf 88' lang='lat' dir='ltr'>scribendo</span> <span class='ocrx_word' id='word_1_108' title='bbox 1573 963 1618 1002; x_wconf 87' lang='lat' dir='ltr'>et</span> <span class='ocrx_word' id='word_1_109' title='bbox 1649 959 1826 1002; x_wconf 88' lang='lat' dir='ltr'>dicendo</span> 
     </span>
     <span class='ocr_line' id='line_1_13' title="bbox 67 1024 1826 1081; baseline -0.002 -13"><span class='ocrx_word' id='word_1_110' title='bbox 67 1028 163 1081; x_wconf 90' lang='lat' dir='ltr'>plus</span> <span class='ocrx_word' id='word_1_111' title='bbox 186 1041 314 1080; x_wconf 90' lang='lat' dir='ltr'>quam</span> <span class='ocrx_word' id='word_1_112' title='bbox 336 1026 584 1076; x_wconf 80' lang='lat' dir='ltr'>mediocres,</span> <span class='ocrx_word' id='word_1_113' title='bbox 609 1024 723 1081; x_wconf 80' lang='lat' dir='ltr'>[se]b</span> <span class='ocrx_word' id='word_1_114' title='bbox 748 1025 808 1080; x_wconf 67' lang='lat' dir='ltr'>[P]</span> <span class='ocrx_word' id='word_1_115' title='bbox 828 1028 1065 1080; x_wconf 85' lang='lat' dir='ltr'>praestare.</span> <span class='ocrx_word' id='word_1_116' title='bbox 1099 1026 1302 1079; x_wconf 88' lang='lat' dir='ltr'>Alioquin</span> <span class='ocrx_word' id='word_1_117' title='bbox 1324 1025 1415 1067; x_wconf 88' lang='lat' dir='ltr'>fieri</span> <span class='ocrx_word' id='word_1_118' title='bbox 1439 1026 1665 1075; x_wconf 86' lang='lat' dir='ltr'>cernimus,</span> <span class='ocrx_word' id='word_1_119' title='bbox 1690 1028 1737 1067; x_wconf 91' lang='lat' dir='ltr'>ut</span> <span class='ocrx_word' id='word_1_120' title='bbox 1756 1025 1826 1077; x_wconf 91' lang='lat' dir='ltr'>qui</span> 
     </span>
     <span class='ocr_line' id='line_1_14' title="bbox 68 1090 1827 1146; baseline -0.002 -12"><span class='ocrx_word' id='word_1_121' title='bbox 68 1095 237 1134; x_wconf 88' lang='lat' dir='ltr'>tantum</span> <span class='ocrx_word' id='word_1_122' title='bbox 269 1092 312 1133; x_wconf 91' lang='lat' dir='ltr'>in</span> <span class='ocrx_word' id='word_1_123' title='bbox 335 1091 612 1146; x_wconf 83' lang='lat' dir='ltr'>Philosophia</span> <span class='ocrx_word' id='word_1_124' title='bbox 642 1091 832 1133; x_wconf 89' lang='lat' dir='ltr'>instituti</span> <span class='ocrx_word' id='word_1_125' title='bbox 864 1105 919 1133; x_wconf 85' lang='lat' dir='ltr'>ex</span> <span class='ocrx_word' id='word_1_126' title='bbox 936 1091 1053 1133; x_wconf 85' lang='lat' dir='ltr'>Vrbe</span> <span class='ocrx_word' id='word_1_127' title='bbox 1087 1091 1276 1141; x_wconf 87' lang='lat' dir='ltr'>ueniunt,</span> <span class='ocrx_word' id='word_1_128' title='bbox 1311 1105 1388 1133; x_wconf 89' lang='lat' dir='ltr'>nec</span> <span class='ocrx_word' id='word_1_129' title='bbox 1411 1090 1539 1144; x_wconf 88' lang='lat' dir='ltr'>loqui,</span> <span class='ocrx_word' id='word_1_130' title='bbox 1573 1105 1652 1132; x_wconf 90' lang='lat' dir='ltr'>nec</span> <span class='ocrx_word' id='word_1_131' title='bbox 1675 1090 1827 1132; x_wconf 85' lang='lat' dir='ltr'>docere</span> 
     </span>
     <span class='ocr_line' id='line_1_15' title="bbox 68 1155 1827 1212; baseline -0.002 -13"><span class='ocrx_word' id='word_1_132' title='bbox 68 1157 235 1212; x_wconf 87' lang='lat' dir='ltr'>possint</span> <span class='ocrx_word' id='word_1_133' title='bbox 265 1156 310 1198; x_wconf 90' lang='lat' dir='ltr'>in</span> <span class='ocrx_word' id='word_1_134' title='bbox 334 1157 577 1207; x_wconf 86' lang='lat' dir='ltr'>Germania,</span> <span class='ocrx_word' id='word_1_135' title='bbox 611 1157 682 1198; x_wconf 89' lang='lat' dir='ltr'>vbi</span> <span class='ocrx_word' id='word_1_136' title='bbox 717 1157 784 1198; x_wconf 91' lang='lat' dir='ltr'>uel</span> <span class='ocrx_word' id='word_1_137' title='bbox 815 1156 1049 1210; x_wconf 87' lang='lat' dir='ltr'>praecipua</span> <span class='ocrx_word' id='word_1_138' title='bbox 1079 1156 1330 1199; x_wconf 88' lang='lat' dir='ltr'>eruditionis</span> <span class='ocrx_word' id='word_1_139' title='bbox 1361 1156 1456 1197; x_wconf 87' lang='lat' dir='ltr'>laus</span> <span class='ocrx_word' id='word_1_140' title='bbox 1489 1159 1534 1197; x_wconf 90' lang='lat' dir='ltr'>et</span> <span class='ocrx_word' id='word_1_141' title='bbox 1565 1155 1706 1210; x_wconf 88' lang='lat' dir='ltr'>opinio</span> <span class='ocrx_word' id='word_1_142' title='bbox 1740 1155 1827 1196; x_wconf 88' lang='lat' dir='ltr'>col-</span> 
     </span>
     <span class='ocr_line' id='line_1_16' title="bbox 68 1221 1059 1274; baseline -0.002 -9"><span class='ocrx_word' id='word_1_143' title='bbox 68 1223 238 1264; x_wconf 88' lang='lat' dir='ltr'>locatur</span> <span class='ocrx_word' id='word_1_144' title='bbox 268 1221 312 1262; x_wconf 87' lang='lat' dir='ltr'>in</span> <span class='ocrx_word' id='word_1_145' title='bbox 344 1221 514 1263; x_wconf 91' lang='lat' dir='ltr'>homine</span> <span class='ocrx_word' id='word_1_146' title='bbox 547 1221 707 1263; x_wconf 89' lang='lat' dir='ltr'>diserto</span> <span class='ocrx_word' id='word_1_147' title='bbox 742 1225 786 1264; x_wconf 90' lang='lat' dir='ltr'>et</span> <span class='ocrx_word' id='word_1_148' title='bbox 818 1221 1059 1274; x_wconf 88' lang='lat' dir='ltr'>eloquente.</span> 
     </span>
    </p>

    <p class='ocr_par' dir='ltr' id='par_1_5' title="bbox 69 1284 1828 1600">
     <span class='ocr_line' id='line_1_17' title="bbox 187 1284 1826 1339; baseline -0.002 -11"><span class='ocrx_word' id='word_1_149' title='bbox 187 1286 414 1339; x_wconf 86' lang='lat' dir='ltr'>Plaerique</span> <span class='ocrx_word' id='word_1_150' title='bbox 463 1286 664 1329; x_wconf 85' lang='lat' dir='ltr'>Germani</span> <span class='ocrx_word' id='word_1_151' title='bbox 710 1300 797 1327; x_wconf 91' lang='lat' dir='ltr'>non</span> <span class='ocrx_word' id='word_1_152' title='bbox 843 1287 951 1328; x_wconf 90' lang='lat' dir='ltr'>satis</span> <span class='ocrx_word' id='word_1_153' title='bbox 997 1285 1163 1328; x_wconf 89' lang='lat' dir='ltr'>habiles</span> <span class='ocrx_word' id='word_1_154' title='bbox 1210 1285 1412 1327; x_wconf 89' lang='lat' dir='ltr'>uidentur</span> <span class='ocrx_word' id='word_1_155' title='bbox 1459 1285 1513 1326; x_wconf 88' lang='lat' dir='ltr'>ad</span> <span class='ocrx_word' id='word_1_156' title='bbox 1560 1284 1826 1328; x_wconf 87' lang='lat' dir='ltr'>subtiliorem</span> 
     </span>
     <span class='ocr_line' id='line_1_18' title="bbox 70 1349 1825 1405; baseline -0.002 -12"><span class='ocrx_word' id='word_1_157' title='bbox 70 1351 402 1405; x_wconf 89' lang='lat' dir='ltr'>Philosophiam.</span> <span class='ocrx_word' id='word_1_158' title='bbox 466 1351 590 1393; x_wconf 90' lang='lat' dir='ltr'>Vnde</span> <span class='ocrx_word' id='word_1_159' title='bbox 630 1365 814 1404; x_wconf 87' lang='lat' dir='ltr'>magnus</span> <span class='ocrx_word' id='word_1_160' title='bbox 851 1351 1015 1393; x_wconf 83' lang='lat' dir='ltr'>Romae</span> <span class='ocrx_word' id='word_1_161' title='bbox 1057 1351 1250 1392; x_wconf 85' lang='lat' dir='ltr'>delectus</span> <span class='ocrx_word' id='word_1_162' title='bbox 1288 1349 1437 1391; x_wconf 88' lang='lat' dir='ltr'>haberi</span> <span class='ocrx_word' id='word_1_163' title='bbox 1478 1363 1626 1391; x_wconf 90' lang='lat' dir='ltr'>eorum</span> <span class='ocrx_word' id='word_1_164' title='bbox 1666 1351 1825 1403; x_wconf 80' lang='lat' dir='ltr'>posset,</span> 
     </span>
     <span class='ocr_line' id='line_1_19' title="bbox 70 1413 1827 1469; baseline -0.002 -12"><span class='ocrx_word' id='word_1_165' title='bbox 70 1416 142 1469; x_wconf 88' lang='lat' dir='ltr'>qui</span> <span class='ocrx_word' id='word_1_166' title='bbox 183 1416 236 1458; x_wconf 85' lang='lat' dir='ltr'>acl</span> <span class='ocrx_word' id='word_1_167' title='bbox 279 1417 460 1457; x_wconf 89' lang='lat' dir='ltr'>classem</span> <span class='ocrx_word' id='word_1_168' title='bbox 492 1415 838 1469; x_wconf 87' lang='lat' dir='ltr'>Philosophicam</span> <span class='ocrx_word' id='word_1_169' title='bbox 879 1416 1181 1458; x_wconf 85' lang='lat' dir='ltr'>admittuntur.</span> <span class='ocrx_word' id='word_1_170' title='bbox 1245 1415 1314 1456; x_wconf 89' lang='lat' dir='ltr'>Ex</span> <span class='ocrx_word' id='word_1_171' title='bbox 1347 1415 1463 1456; x_wconf 89' lang='lat' dir='ltr'>Vrbe</span> <span class='ocrx_word' id='word_1_172' title='bbox 1495 1427 1656 1468; x_wconf 87' lang='lat' dir='ltr'>paucos</span> <span class='ocrx_word' id='word_1_173' title='bbox 1688 1413 1827 1455; x_wconf 89' lang='lat' dir='ltr'>redire</span> 
     </span>
     <span class='ocr_line' id='line_1_20' title="bbox 71 1480 1828 1534; baseline -0.002 -12"><span class='ocrx_word' id='word_1_174' title='bbox 71 1481 295 1532; x_wconf 88' lang='lat' dir='ltr'>cernimus,</span> <span class='ocrx_word' id='word_1_175' title='bbox 339 1481 411 1534; x_wconf 93' lang='lat' dir='ltr'>qui</span> <span class='ocrx_word' id='word_1_176' title='bbox 451 1481 506 1523; x_wconf 89' lang='lat' dir='ltr'>ad</span> <span class='ocrx_word' id='word_1_177' title='bbox 539 1481 706 1523; x_wconf 87' lang='lat' dir='ltr'>Graeca</span> <span class='ocrx_word' id='word_1_178' title='bbox 748 1484 792 1523; x_wconf 89' lang='lat' dir='ltr'>et</span> <span class='ocrx_word' id='word_1_179' title='bbox 823 1480 1060 1523; x_wconf 81' lang='lat' dir='ltr'>Rhetorica</span> <span class='ocrx_word' id='word_1_180' title='bbox 1100 1480 1356 1534; x_wconf 87' lang='lat' dir='ltr'>profitenda,</span> <span class='ocrx_word' id='word_1_181' title='bbox 1399 1493 1579 1532; x_wconf 89' lang='lat' dir='ltr'>quorum</span> <span class='ocrx_word' id='word_1_182' title='bbox 1620 1493 1722 1520; x_wconf 88' lang='lat' dir='ltr'>usus</span> <span class='ocrx_word' id='word_1_183' title='bbox 1761 1482 1828 1520; x_wconf 89' lang='lat' dir='ltr'>est</span> 
     </span>
     <span class='ocr_line' id='line_1_21' title="bbox 69 1545 1330 1600; baseline -0.001 -13"><span class='ocrx_word' id='word_1_184' title='bbox 69 1547 113 1587; x_wconf 92' lang='lat' dir='ltr'>in</span> <span class='ocrx_word' id='word_1_185' title='bbox 147 1546 378 1588; x_wconf 90' lang='lat' dir='ltr'>Germania</span> <span class='ocrx_word' id='word_1_186' title='bbox 410 1545 637 1596; x_wconf 87' lang='lat' dir='ltr'>maximus,</span> <span class='ocrx_word' id='word_1_187' title='bbox 670 1546 803 1600; x_wconf 89' lang='lat' dir='ltr'>probe</span> <span class='ocrx_word' id='word_1_188' title='bbox 834 1545 1037 1587; x_wconf 87' lang='lat' dir='ltr'>instructi</span> <span class='ocrx_word' id='word_1_189' title='bbox 1069 1546 1291 1587; x_wconf 86' lang='lat' dir='ltr'>accedant.</span> <span class='ocrx_word' id='word_1_190' title='bbox 1318 1565 1330 1572; x_wconf 81' lang='lat'>-</span> 
     </span>
    </p>

    <p class='ocr_par' dir='ltr' id='par_1_6' title="bbox 45 1608 1827 1795">
     <span class='ocr_line' id='line_1_22' title="bbox 189 1608 1827 1662; baseline -0.003 -9"><span class='ocrx_word' id='word_1_191' title='bbox 189 1611 268 1661; x_wconf 83' lang='lat' dir='ltr'>Qui</span> <span class='ocrx_word' id='word_1_192' title='bbox 309 1625 363 1653; x_wconf 86' lang='lat' dir='ltr'>ex</span> <span class='ocrx_word' id='word_1_193' title='bbox 386 1611 503 1653; x_wconf 88' lang='lat' dir='ltr'>Vrbe</span> <span class='ocrx_word' id='word_1_194' title='bbox 543 1611 788 1661; x_wconf 88' lang='lat' dir='ltr'>mittuntur,</span> <span class='ocrx_word' id='word_1_195' title='bbox 830 1611 936 1652; x_wconf 92' lang='lat' dir='ltr'>nulli</span> <span class='ocrx_word' id='word_1_196' title='bbox 968 1613 1086 1652; x_wconf 86' lang='lat' dir='ltr'>certo</span> <span class='ocrx_word' id='word_1_197' title='bbox 1120 1610 1376 1652; x_wconf 87' lang='lat' dir='ltr'>addicantur</span> <span class='ocrx_word' id='word_1_198' title='bbox 1408 1608 1558 1659; x_wconf 81' lang='lat' dir='ltr'>offitio,</span> <span class='ocrx_word' id='word_1_199' title='bbox 1603 1608 1715 1661; x_wconf 90' lang='lat' dir='ltr'>quod</span> <span class='ocrx_word' id='word_1_200' title='bbox 1746 1608 1827 1662; x_wconf 88' lang='lat' dir='ltr'>ipsi</span> 
     </span>
     <span class='ocr_line' id='line_1_23' title="bbox 71 1673 1827 1730; baseline -0.002 -13"><span class='ocrx_word' id='word_1_201' title='bbox 71 1676 241 1730; x_wconf 89' lang='lat' dir='ltr'>quidem</span> <span class='ocrx_word' id='word_1_202' title='bbox 270 1676 530 1730; x_wconf 83' lang='lat' dir='ltr'>intelligant,</span> <span class='ocrx_word' id='word_1_203' title='bbox 564 1676 639 1717; x_wconf 84' lang='lat' dir='ltr'>sed</span> <span class='ocrx_word' id='word_1_204' title='bbox 669 1678 925 1717; x_wconf 88' lang='lat' dir='ltr'>moneantur</span> <span class='ocrx_word' id='word_1_205' title='bbox 957 1678 1075 1718; x_wconf 90' lang='lat' dir='ltr'>stare</span> <span class='ocrx_word' id='word_1_206' title='bbox 1106 1675 1261 1717; x_wconf 89' lang='lat' dir='ltr'>iudicio</span> <span class='ocrx_word' id='word_1_207' title='bbox 1295 1688 1468 1716; x_wconf 88' lang='lat' dir='ltr'>suorum</span> <span class='ocrx_word' id='word_1_208' title='bbox 1502 1687 1607 1726; x_wconf 89' lang='lat' dir='ltr'>quos</span> <span class='ocrx_word' id='word_1_209' title='bbox 1639 1673 1827 1714; x_wconf 87' lang='lat' dir='ltr'>habituri</span> 
     </span>
     <span class='ocr_line' id='line_1_24' title="bbox 45 1740 835 1795; baseline -0.003 -12"><span class='ocrx_word' id='word_1_210' title='bbox 45 1744 170 1784; x_wconf 76' lang='lat' dir='ltr'>sunt</span> <span class='ocrx_word' id='word_1_211' title='bbox 200 1741 245 1782; x_wconf 91' lang='lat' dir='ltr'>in</span> <span class='ocrx_word' id='word_1_212' title='bbox 278 1740 521 1791; x_wconf 89' lang='lat' dir='ltr'>Germania,</span> <span class='ocrx_word' id='word_1_213' title='bbox 555 1740 835 1795; x_wconf 87' lang='lat' dir='ltr'>superiorum.</span> 
     </span>
    </p>

    <p class='ocr_par' dir='ltr' id='par_1_7' title="bbox 72 1802 1829 2174">
     <span class='ocr_line' id='line_1_25' title="bbox 190 1802 1826 1859; baseline -0.002 -12"><span class='ocrx_word' id='word_1_214' title='bbox 190 1805 487 1859; x_wconf 86' lang='lat' dir='ltr'>Cuiuscunque</span> <span class='ocrx_word' id='word_1_215' title='bbox 516 1805 603 1848; x_wconf 84' lang='lat' dir='ltr'>sint</span> <span class='ocrx_word' id='word_1_216' title='bbox 624 1805 812 1848; x_wconf 90' lang='lat' dir='ltr'>nationis</span> <span class='ocrx_word' id='word_1_217' title='bbox 834 1805 1040 1855; x_wconf 89' lang='lat' dir='ltr'>homines,</span> <span class='ocrx_word' id='word_1_218' title='bbox 1074 1805 1116 1846; x_wconf 91' lang='lat' dir='ltr'>in</span> <span class='ocrx_word' id='word_1_219' title='bbox 1141 1804 1416 1846; x_wconf 87' lang='lat' dir='ltr'>Germaniam</span> <span class='ocrx_word' id='word_1_220' title='bbox 1448 1802 1567 1844; x_wconf 85' lang='lat' dir='ltr'>missi</span> <span class='ocrx_word' id='word_1_221' title='bbox 1598 1802 1659 1844; x_wconf 89' lang='lat' dir='ltr'>illi</span> <span class='ocrx_word' id='word_1_222' title='bbox 1692 1805 1735 1844; x_wconf 91' lang='lat' dir='ltr'>et</span> <span class='ocrx_word' id='word_1_223' title='bbox 1767 1816 1826 1851; x_wconf 86' lang='lat' dir='ltr'>se,</span> 
     </span>
     <span class='ocr_line' id='line_1_26' title="bbox 72 1867 1828 1925; baseline -0.003 -13"><span class='ocrx_word' id='word_1_224' title='bbox 72 1873 116 1913; x_wconf 88' lang='lat' dir='ltr'>et</span> <span class='ocrx_word' id='word_1_225' title='bbox 147 1870 255 1912; x_wconf 87' lang='lat' dir='ltr'>alios</span> <span class='ocrx_word' id='word_1_226' title='bbox 288 1871 414 1913; x_wconf 83' lang='lat' dir='ltr'>facile</span> <span class='ocrx_word' id='word_1_227' title='bbox 455 1871 771 1925; x_wconf 89' lang='lat' dir='ltr'>perturbabunt</span> <span class='ocrx_word' id='word_1_228' title='bbox 803 1884 825 1911; x_wconf 90' lang='lat' dir='ltr'>e</span> <span class='ocrx_word' id='word_1_229' title='bbox 858 1870 1030 1920; x_wconf 72' lang='lat' dir='ltr'>nostris,</span> <span class='ocrx_word' id='word_1_230' title='bbox 1073 1869 1109 1910; x_wconf 93' lang='lat' dir='ltr'>si</span> <span class='ocrx_word' id='word_1_231' title='bbox 1143 1869 1254 1911; x_wconf 91' lang='lat' dir='ltr'>male</span> <span class='ocrx_word' id='word_1_232' title='bbox 1286 1869 1475 1919; x_wconf 90' lang='lat' dir='ltr'>ualeant,</span> <span class='ocrx_word' id='word_1_233' title='bbox 1517 1882 1567 1910; x_wconf 90' lang='lat' dir='ltr'>ac</span> <span class='ocrx_word' id='word_1_234' title='bbox 1602 1867 1828 1908; x_wconf 90' lang='lat' dir='ltr'>diuturnas</span> 
     </span>
     <span class='ocr_line' id='line_1_27' title="bbox 72 1933 1828 1990; baseline -0.003 -12"><span class='ocrx_word' id='word_1_235' title='bbox 72 1936 327 1990; x_wconf 87' lang='lat' dir='ltr'>praesertim</span> <span class='ocrx_word' id='word_1_236' title='bbox 370 1935 663 1989; x_wconf 82' lang='lat' dir='ltr'>aegritudines</span> <span class='ocrx_word' id='word_1_237' title='bbox 703 1935 938 1989; x_wconf 86' lang='lat' dir='ltr'>patiantur,</span> <span class='ocrx_word' id='word_1_238' title='bbox 981 1949 1031 1976; x_wconf 88' lang='lat' dir='ltr'>ac</span> <span class='ocrx_word' id='word_1_239' title='bbox 1072 1934 1173 1976; x_wconf 88' lang='lat' dir='ltr'>alibi</span> <span class='ocrx_word' id='word_1_240' title='bbox 1213 1934 1323 1975; x_wconf 84' lang='lat' dir='ltr'>firmi</span> <span class='ocrx_word' id='word_1_241' title='bbox 1361 1947 1446 1975; x_wconf 90' lang='lat' dir='ltr'>non</span> <span class='ocrx_word' id='word_1_242' title='bbox 1483 1933 1644 1974; x_wconf 84' lang='lat' dir='ltr'>fuerint</span> <span class='ocrx_word' id='word_1_243' title='bbox 1675 1934 1718 1973; x_wconf 90' lang='lat' dir='ltr'>in</span> <span class='ocrx_word' id='word_1_244' title='bbox 1750 1945 1828 1973; x_wconf 84' lang='lat' dir='ltr'>sua</span> 
     </span>
     <span class='ocr_line' id='line_1_28' title="bbox 72 1997 1829 2054; baseline -0.003 -12"><span class='ocrx_word' id='word_1_245' title='bbox 72 2000 312 2051; x_wconf 87' lang='lat' dir='ltr'>vocatione,</span> <span class='ocrx_word' id='word_1_246' title='bbox 356 2001 424 2042; x_wconf 91' lang='lat' dir='ltr'>uel</span> <span class='ocrx_word' id='word_1_247' title='bbox 465 2014 624 2054; x_wconf 88' lang='lat' dir='ltr'>graues</span> <span class='ocrx_word' id='word_1_248' title='bbox 661 2000 869 2053; x_wconf 90' lang='lat' dir='ltr'>quasdam</span> <span class='ocrx_word' id='word_1_249' title='bbox 902 1999 1167 2042; x_wconf 85' lang='lat' dir='ltr'>tentationes</span> <span class='ocrx_word' id='word_1_250' title='bbox 1199 1998 1493 2053; x_wconf 83' lang='lat' dir='ltr'>experiantur.</span> <span class='ocrx_word' id='word_1_251' title='bbox 1557 1997 1697 2047; x_wconf 80' lang='lat' dir='ltr'>Quare</span> <span class='ocrx_word' id='word_1_252' title='bbox 1730 2010 1829 2038; x_wconf 90' lang='lat' dir='ltr'>con-</span> 
     </span>
     <span class='ocr_line' id='line_1_29' title="bbox 73 2062 1828 2117; baseline -0.003 -9"><span class='ocrx_word' id='word_1_253' title='bbox 73 2066 232 2108; x_wconf 88' lang='lat' dir='ltr'>sultum</span> <span class='ocrx_word' id='word_1_254' title='bbox 264 2080 350 2107; x_wconf 91' lang='lat' dir='ltr'>non</span> <span class='ocrx_word' id='word_1_255' title='bbox 382 2065 477 2116; x_wconf 81' lang='lat' dir='ltr'>erit,</span> <span class='ocrx_word' id='word_1_256' title='bbox 522 2065 764 2107; x_wconf 87' lang='lat' dir='ltr'>istiusmodi</span> <span class='ocrx_word' id='word_1_257' title='bbox 804 2065 978 2108; x_wconf 83' lang='lat' dir='ltr'>mittere</span> <span class='ocrx_word' id='word_1_258' title='bbox 1010 2064 1052 2106; x_wconf 90' lang='lat' dir='ltr'>in</span> <span class='ocrx_word' id='word_1_259' title='bbox 1084 2065 1191 2106; x_wconf 90' lang='lat' dir='ltr'>haec</span> <span class='ocrx_word' id='word_1_260' title='bbox 1222 2064 1418 2117; x_wconf 85' lang='lat' dir='ltr'>collegia,</span> <span class='ocrx_word' id='word_1_261' title='bbox 1453 2077 1562 2116; x_wconf 88' lang='lat' dir='ltr'>quae</span> <span class='ocrx_word' id='word_1_262' title='bbox 1594 2063 1690 2117; x_wconf 84' lang='lat' dir='ltr'>plus</span> <span class='ocrx_word' id='word_1_263' title='bbox 1722 2062 1828 2104; x_wconf 84' lang='lat' dir='ltr'>satis</span> 
     </span>
     <span class='ocr_line' id='line_1_30' title="bbox 74 2130 600 2174; baseline -0.002 0"><span class='ocrx_word' id='word_1_264' title='bbox 74 2130 363 2174; x_wconf 86' lang='lat' dir='ltr'>tentationum</span> <span class='ocrx_word' id='word_1_265' title='bbox 395 2130 600 2173; x_wconf 88' lang='lat' dir='ltr'>sentiunt.</span> 
     </span>
    </p>

    <p class='ocr_par' dir='ltr' id='par_1_8' title="bbox 75 2194 1830 2641">
     <span class='ocr_line' id='line_1_31' title="bbox 192 2194 1830 2249; baseline -0.003 -12"><span class='ocrx_word' id='word_1_266' title='bbox 192 2195 313 2245; x_wconf 78' lang='lat' dir='ltr'>Quod</span> <span class='ocrx_word' id='word_1_267' title='bbox 353 2196 408 2237; x_wconf 90' lang='lat' dir='ltr'>ad</span> <span class='ocrx_word' id='word_1_268' title='bbox 448 2195 609 2237; x_wconf 86' lang='lat' dir='ltr'>viatica</span> <span class='ocrx_word' id='word_1_269' title='bbox 649 2195 850 2249; x_wconf 81' lang='lat' dir='ltr'>pertinet,</span> <span class='ocrx_word' id='word_1_270' title='bbox 893 2195 1220 2236; x_wconf 88' lang='lat' dir='ltr'>desiderandum</span> <span class='ocrx_word' id='word_1_271' title='bbox 1263 2208 1366 2236; x_wconf 88' lang='lat' dir='ltr'>sane</span> <span class='ocrx_word' id='word_1_272' title='bbox 1407 2194 1600 2243; x_wconf 88' lang='lat' dir='ltr'>videtur,</span> <span class='ocrx_word' id='word_1_273' title='bbox 1643 2195 1689 2234; x_wconf 90' lang='lat' dir='ltr'>ut</span> <span class='ocrx_word' id='word_1_274' title='bbox 1731 2205 1830 2245; x_wconf 88' lang='lat' dir='ltr'>pro-</span> 
     </span>
     <span class='ocr_line' id='line_1_32' title="bbox 75 2257 1830 2314; baseline -0.003 -11"><span class='ocrx_word' id='word_1_275' title='bbox 75 2261 315 2303; x_wconf 86' lang='lat' dir='ltr'>ficiscentes</span> <span class='ocrx_word' id='word_1_276' title='bbox 355 2260 493 2302; x_wconf 88' lang='lat' dir='ltr'>nostri</span> <span class='ocrx_word' id='word_1_277' title='bbox 534 2261 682 2302; x_wconf 87' lang='lat' dir='ltr'>uiuant</span> <span class='ocrx_word' id='word_1_278' title='bbox 723 2260 975 2314; x_wconf 83' lang='lat' dir='ltr'>frugaliter,</span> <span class='ocrx_word' id='word_1_279' title='bbox 1018 2263 1066 2302; x_wconf 89' lang='lat' dir='ltr'>ut</span> <span class='ocrx_word' id='word_1_280' title='bbox 1107 2260 1339 2302; x_wconf 84' lang='lat' dir='ltr'>obseruent</span> <span class='ocrx_word' id='word_1_281' title='bbox 1379 2260 1498 2312; x_wconf 86' lang='lat' dir='ltr'>leges</span> <span class='ocrx_word' id='word_1_282' title='bbox 1540 2257 1830 2312; x_wconf 87' lang='lat' dir='ltr'>praescriptas</span> 
     </span>
     <span class='ocr_line' id='line_1_33' title="bbox 75 2322 1829 2381; baseline -0.004 -13"><span class='ocrx_word' id='word_1_283' title='bbox 75 2325 451 2381; x_wconf 88' lang='lat' dir='ltr'>peregrinantibus</span> <span class='ocrx_word' id='word_1_284' title='bbox 466 2327 491 2376; x_wconf 85' lang='lat'>1,</span> <span class='ocrx_word' id='word_1_285' title='bbox 515 2328 563 2367; x_wconf 89' lang='lat' dir='ltr'>ut</span> <span class='ocrx_word' id='word_1_286' title='bbox 585 2325 814 2378; x_wconf 86' lang='lat' dir='ltr'>aliquando</span> <span class='ocrx_word' id='word_1_287' title='bbox 838 2325 923 2367; x_wconf 87' lang='lat' dir='ltr'>sint</span> <span class='ocrx_word' id='word_1_288' title='bbox 945 2325 1093 2368; x_wconf 81' lang='lat' dir='ltr'>vestiti</span> <span class='ocrx_word' id='word_1_289' title='bbox 1115 2325 1350 2375; x_wconf 89' lang='lat' dir='ltr'>honestius,</span> <span class='ocrx_word' id='word_1_290' title='bbox 1374 2339 1428 2366; x_wconf 88' lang='lat' dir='ltr'>ne</span> <span class='ocrx_word' id='word_1_291' title='bbox 1450 2338 1626 2378; x_wconf 83' lang='lat' dir='ltr'>prorsus</span> <span class='ocrx_word' id='word_1_292' title='bbox 1650 2322 1829 2363; x_wconf 88' lang='lat' dir='ltr'>mendici</span> 
     </span>
     <span class='ocr_line' id='line_1_34' title="bbox 76 2387 1828 2444; baseline -0.002 -11"><span class='ocrx_word' id='word_1_293' title='bbox 76 2392 318 2433; x_wconf 90' lang='lat' dir='ltr'>uideantur.</span> <span class='ocrx_word' id='word_1_294' title='bbox 390 2390 503 2432; x_wconf 88' lang='lat' dir='ltr'>Nam</span> <span class='ocrx_word' id='word_1_295' title='bbox 541 2390 638 2431; x_wconf 89' lang='lat' dir='ltr'>hinc</span> <span class='ocrx_word' id='word_1_296' title='bbox 679 2404 846 2443; x_wconf 90' lang='lat' dir='ltr'>quoque</span> <span class='ocrx_word' id='word_1_297' title='bbox 890 2390 1020 2432; x_wconf 90' lang='lat' dir='ltr'>uitari</span> <span class='ocrx_word' id='word_1_298' title='bbox 1064 2393 1212 2444; x_wconf 89' lang='lat' dir='ltr'>posset</span> <span class='ocrx_word' id='word_1_299' title='bbox 1256 2389 1557 2431; x_wconf 87' lang='lat' dir='ltr'>offendiculum</span> <span class='ocrx_word' id='word_1_300' title='bbox 1602 2387 1828 2440; x_wconf 79' lang='lat' dir='ltr'>quoddam.</span> 
     </span>
     <span class='ocr_line' id='line_1_35' title="bbox 78 2451 1830 2510; baseline -0.003 -12"><span class='ocrx_word' id='word_1_301' title='bbox 78 2471 161 2510; x_wconf 85' lang='lat' dir='ltr'>quo</span> <span class='ocrx_word' id='word_1_302' title='bbox 195 2456 396 2498; x_wconf 88' lang='lat' dir='ltr'>Germani</span> <span class='ocrx_word' id='word_1_303' title='bbox 437 2469 463 2497; x_wconf 89' lang='lat' dir='ltr'>a</span> <span class='ocrx_word' id='word_1_304' title='bbox 494 2455 653 2498; x_wconf 85' lang='lat' dir='ltr'>nostris</span> <span class='ocrx_word' id='word_1_305' title='bbox 686 2456 825 2508; x_wconf 84' lang='lat' dir='ltr'>magis</span> <span class='ocrx_word' id='word_1_306' title='bbox 857 2455 1094 2497; x_wconf 87' lang='lat' dir='ltr'>abalienari</span> <span class='ocrx_word' id='word_1_307' title='bbox 1129 2455 1342 2505; x_wconf 89' lang='lat' dir='ltr'>videntur,</span> <span class='ocrx_word' id='word_1_308' title='bbox 1386 2468 1482 2496; x_wconf 88' lang='lat' dir='ltr'>cum</span> <span class='ocrx_word' id='word_1_309' title='bbox 1515 2456 1686 2495; x_wconf 86' lang='lat' dir='ltr'>nostros</span> <span class='ocrx_word' id='word_1_310' title='bbox 1720 2451 1830 2492; x_wconf 88' lang='lat' dir='ltr'>male</span> 
     </span>
     <span class='ocr_line' id='line_1_36' title="bbox 78 2516 1829 2573; baseline -0.004 -10"><span class='ocrx_word' id='word_1_311' title='bbox 78 2523 282 2571; x_wconf 84' lang='lat' dir='ltr'>moratos,</span> <span class='ocrx_word' id='word_1_312' title='bbox 307 2523 382 2562; x_wconf 90' lang='lat' dir='ltr'>aut</span> <span class='ocrx_word' id='word_1_313' title='bbox 405 2520 574 2562; x_wconf 90' lang='lat' dir='ltr'>omnino</span> <span class='ocrx_word' id='word_1_314' title='bbox 597 2534 813 2573; x_wconf 89' lang='lat' dir='ltr'>pannosos</span> <span class='ocrx_word' id='word_1_315' title='bbox 835 2520 984 2563; x_wconf 91' lang='lat' dir='ltr'>uident</span> <span class='ocrx_word' id='word_1_316' title='bbox 1006 2523 1295 2570; x_wconf 83' lang='lat' dir='ltr'>transeuntes,</span> <span class='ocrx_word' id='word_1_317' title='bbox 1324 2519 1425 2561; x_wconf 88' lang='lat' dir='ltr'>licet</span> <span class='ocrx_word' id='word_1_318' title='bbox 1447 2519 1501 2560; x_wconf 88' lang='lat' dir='ltr'>ad</span> <span class='ocrx_word' id='word_1_319' title='bbox 1524 2516 1829 2571; x_wconf 81' lang='lat' dir='ltr'>experiundam</span> 
     </span>
     <span class='ocr_line' id='line_1_37' title="bbox 77 2585 887 2641; baseline -0.001 -12"><span class='ocrx_word' id='word_1_320' title='bbox 77 2588 378 2641; x_wconf 86' lang='lat' dir='ltr'>paupertatem</span> <span class='ocrx_word' id='word_1_321' title='bbox 412 2585 472 2627; x_wconf 89' lang='lat' dir='ltr'>illi</span> <span class='ocrx_word' id='word_1_322' title='bbox 504 2599 588 2626; x_wconf 91' lang='lat' dir='ltr'>non</span> <span class='ocrx_word' id='word_1_323' title='bbox 621 2585 887 2628; x_wconf 87' lang='lat' dir='ltr'>emittantur.</span> 
     </span>
    </p>

    <p class='ocr_par' dir='ltr' id='par_1_9' title="bbox 78 2648 1834 2962">
     <span class='ocr_line' id='line_1_38' title="bbox 197 2648 1832 2704; baseline -0.003 -12"><span class='ocrx_word' id='word_1_324' title='bbox 197 2651 449 2704; x_wconf 88' lang='lat' dir='ltr'>Priusquam</span> <span class='ocrx_word' id='word_1_325' title='bbox 482 2652 559 2692; x_wconf 90' lang='lat' dir='ltr'>fiat</span> <span class='ocrx_word' id='word_1_326' title='bbox 591 2650 773 2692; x_wconf 86' lang='lat' dir='ltr'>mutatio</span> <span class='ocrx_word' id='word_1_327' title='bbox 810 2664 1106 2704; x_wconf 87' lang='lat' dir='ltr'>personarum,</span> <span class='ocrx_word' id='word_1_328' title='bbox 1149 2648 1403 2703; x_wconf 88' lang='lat' dir='ltr'>praesertim</span> <span class='ocrx_word' id='word_1_329' title='bbox 1438 2661 1617 2700; x_wconf 90' lang='lat' dir='ltr'>quarum</span> <span class='ocrx_word' id='word_1_330' title='bbox 1650 2660 1832 2699; x_wconf 82' lang='lat' dir='ltr'>magnus</span> 
     </span>
     <span class='ocr_line' id='line_1_39' title="bbox 79 2711 1833 2769; baseline -0.003 -11"><span class='ocrx_word' id='word_1_331' title='bbox 79 2717 122 2758; x_wconf 91' lang='lat' dir='ltr'>in</span> <span class='ocrx_word' id='word_1_332' title='bbox 154 2716 220 2757; x_wconf 92' lang='lat' dir='ltr'>his</span> <span class='ocrx_word' id='word_1_333' title='bbox 252 2715 445 2769; x_wconf 87' lang='lat' dir='ltr'>collegijs</span> <span class='ocrx_word' id='word_1_334' title='bbox 477 2717 545 2757; x_wconf 86' lang='lat' dir='ltr'>est</span> <span class='ocrx_word' id='word_1_335' title='bbox 576 2729 691 2764; x_wconf 89' lang='lat' dir='ltr'>usus,</span> <span class='ocrx_word' id='word_1_336' title='bbox 726 2714 830 2756; x_wconf 90' lang='lat' dir='ltr'>nihil</span> <span class='ocrx_word' id='word_1_337' title='bbox 864 2715 1028 2756; x_wconf 84' lang='lat' dir='ltr'>Romae</span> <span class='ocrx_word' id='word_1_338' title='bbox 1060 2717 1315 2764; x_wconf 77' lang='lat' dir='ltr'>statuatur⁰,</span> <span class='ocrx_word' id='word_1_339' title='bbox 1351 2716 1610 2765; x_wconf 82' lang='lat' dir='ltr'>nostraeque</span> <span class='ocrx_word' id='word_1_340' title='bbox 1642 2711 1833 2753; x_wconf 79' lang='lat' dir='ltr'>rationes</span> 
     </span>
     <span class='ocr_line' id='line_1_40' title="bbox 78 2777 1833 2833; baseline -0.003 -11"><span class='ocrx_word' id='word_1_341' title='bbox 78 2781 390 2833; x_wconf 86' lang='lat' dir='ltr'>intelligantur.</span> <span class='ocrx_word' id='word_1_342' title='bbox 453 2780 511 2822; x_wconf 85' lang='lat' dir='ltr'>Et</span> <span class='ocrx_word' id='word_1_343' title='bbox 551 2779 751 2832; x_wconf 88' lang='lat' dir='ltr'>quoniam</span> <span class='ocrx_word' id='word_1_344' title='bbox 792 2780 1051 2833; x_wconf 86' lang='lat' dir='ltr'>permultum</span> <span class='ocrx_word' id='word_1_345' title='bbox 1094 2779 1212 2821; x_wconf 88' lang='lat' dir='ltr'>ualet</span> <span class='ocrx_word' id='word_1_346' title='bbox 1253 2792 1399 2819; x_wconf 84' lang='lat' dir='ltr'>eorum</span> <span class='ocrx_word' id='word_1_347' title='bbox 1435 2777 1505 2829; x_wconf 88' lang='lat' dir='ltr'>qui</span> <span class='ocrx_word' id='word_1_348' title='bbox 1541 2777 1701 2818; x_wconf 76' lang='lat' dir='ltr'>Romae</span> <span class='ocrx_word' id='word_1_349' title='bbox 1733 2780 1833 2817; x_wconf 88' lang='lat' dir='ltr'>sunt</span> 
     </span>
     <span class='ocr_line' id='line_1_41' title="bbox 81 2842 1834 2900; baseline -0.003 -13"><span class='ocrx_word' id='word_1_350' title='bbox 81 2845 293 2900; x_wconf 85' lang='lat' dir='ltr'>primarij,</span> <span class='ocrx_word' id='word_1_351' title='bbox 337 2845 579 2887; x_wconf 87' lang='lat' dir='ltr'>authoritas</span> <span class='ocrx_word' id='word_1_352' title='bbox 621 2844 675 2886; x_wconf 86' lang='lat' dir='ltr'>ad</span> <span class='ocrx_word' id='word_1_353' title='bbox 717 2857 786 2885; x_wconf 92' lang='lat' dir='ltr'>res</span> <span class='ocrx_word' id='word_1_354' title='bbox 830 2843 1109 2886; x_wconf 87' lang='lat' dir='ltr'>Germanicas</span> <span class='ocrx_word' id='word_1_355' title='bbox 1151 2842 1311 2885; x_wconf 90' lang='lat' dir='ltr'>rectius</span> <span class='ocrx_word' id='word_1_356' title='bbox 1352 2842 1688 2896; x_wconf 86' lang='lat' dir='ltr'>promouendas‚</span> <span class='ocrx_word' id='word_1_357' title='bbox 1733 2854 1834 2882; x_wconf 91' lang='lat' dir='ltr'>con-</span> 
     </span>
     <span class='ocr_line' id='line_1_42' title="bbox 81 2906 1831 2962; baseline -0.003 -10"><span class='ocrx_word' id='word_1_358' title='bbox 81 2911 290 2952; x_wconf 89' lang='lat' dir='ltr'>firmanda</span> <span class='ocrx_word' id='word_1_359' title='bbox 323 2913 366 2952; x_wconf 84' lang='lat' dir='ltr'>et</span> <span class='ocrx_word' id='word_1_360' title='bbox 398 2910 597 2962; x_wconf 90' lang='lat' dir='ltr'>augenda</span> <span class='ocrx_word' id='word_1_361' title='bbox 628 2909 800 2950; x_wconf 83' lang='lat' dir='ltr'>videtur</span> <span class='ocrx_word' id='word_1_362' title='bbox 832 2922 937 2961; x_wconf 87' lang='lat' dir='ltr'>erga</span> <span class='ocrx_word' id='word_1_363' title='bbox 970 2909 1206 2950; x_wconf 82' lang='lat' dir='ltr'>Germanos</span> <span class='ocrx_word' id='word_1_364' title='bbox 1238 2907 1539 2948; x_wconf 88' lang='lat' dir='ltr'>beneuolentia</span> <span class='ocrx_word' id='word_1_365' title='bbox 1573 2906 1691 2950; x_wconf 82' lang='lat' dir='ltr'>Pont.</span> <span class='ocrx_word' id='word_1_366' title='bbox 1715 2906 1831 2948; x_wconf 69' lang='lat' dir='ltr'>MaX.</span> 
     </span>
    </p>
   </div>
   <div class='ocr_carea' id='block_1_3' title="bbox 83 2992 1832 3070">
    <p class='ocr_par' dir='ltr' id='par_1_10' title="bbox 83 2992 1832 3070">
     <span class='ocr_line' id='line_1_43' title="bbox 201 2992 1832 3028; baseline -0.003 -7"><span class='ocrx_word' id='word_1_367' title='bbox 201 3000 228 3026; x_wconf 87' lang='lat' dir='ltr'>a)</span> <span class='ocrx_word' id='word_1_368' title='bbox 254 2997 302 3022; x_wconf 86' lang='lat' dir='ltr'>Sic</span> <span class='ocrx_word' id='word_1_369' title='bbox 326 3000 455 3028; x_wconf 77' lang='lat' dir='ltr'>autoy›·.;</span> <span class='ocrx_word' id='word_1_370' title='bbox 480 2996 529 3021; x_wconf 79' lang='lat' dir='ltr'>sed</span> <span class='ocrx_word' id='word_1_371' title='bbox 556 2995 707 3020; x_wconf 65' lang='lat' dir='ltr'>Canis-ium</span> <span class='ocrx_word' id='word_1_372' title='bbox 731 2995 856 3019; x_wconf 68' lang='lat' dir='ltr'>scribere</span> <span class='ocrx_word' id='word_1_373' title='bbox 886 2995 1006 3019; x_wconf 67' lang='lat' dir='ltr'>voluisse</span> <span class='ocrx_word' id='word_1_374' title='bbox 1032 2997 1117 3025; x_wconf 70' lang='lat' dir='ltr'>puta:</span> <span class='ocrx_word' id='word_1_375' title='bbox 1144 2992 1260 3019; x_wconf 78' lang='lat' dir='ltr'>Latino.</span> <span class='ocrx_word' id='word_1_376' title='bbox 1334 2992 1362 3025; x_wconf 89' lang='lat' dir='ltr'>b)</span> <span class='ocrx_word' id='word_1_377' title='bbox 1391 2993 1589 3024; x_wconf 58' lang='lat' dir='ltr'>supplendum</span> <span class='ocrx_word' id='word_1_378' title='bbox 1615 3000 1675 3018; x_wconf 66' lang='lat' dir='ltr'>esse</span> <span class='ocrx_word' id='word_1_379' title='bbox 1696 2996 1777 3024; x_wconf 65' lang='lat' dir='ltr'>puto,</span> <span class='ocrx_word' id='word_1_380' title='bbox 1805 2997 1832 3016; x_wconf 70' lang='grc' dir='ltr'>ι’(</span> 
     </span>
     <span class='ocr_line' id='line_1_44' title="bbox 83 3035 1163 3070; baseline -0.005 -7"><span class='ocrx_word' id='word_1_381' title='bbox 83 3047 184 3070; x_wconf 63' lang='lat' dir='ltr'>snpra,</span> <span class='ocrx_word' id='word_1_382' title='bbox 205 3039 272 3062; x_wconf 76' lang='lat' dir='ltr'>adn.</span> <span class='ocrx_word' id='word_1_383' title='bbox 293 3046 319 3062; x_wconf 85' lang='grc' dir='ltr'>α.</span> <span class='ocrx_word' id='word_1_384' title='bbox 395 3040 420 3069; x_wconf 85' lang='lat' dir='ltr'>c)</span> <span class='ocrx_word' id='word_1_385' title='bbox 441 3039 577 3062; x_wconf 60' lang='lat' dir='ltr'>kbrtassa</span> <span class='ocrx_word' id='word_1_386' title='bbox 597 3038 642 3061; x_wconf 68' lang='lat' dir='ltr'>hie</span> <span class='ocrx_word' id='word_1_387' title='bbox 662 3037 738 3061; x_wconf 58' lang='lat' dir='ltr'>&lt;least</span> <span class='ocrx_word' id='word_1_388' title='bbox 761 3037 873 3067; x_wconf 65' lang='lat' dir='ltr'>aliquid</span> <span class='ocrx_word' id='word_1_389' title='bbox 895 3035 1070 3067; x_wconf 77' lang='lat' dir='ltr'>(antequam</span> <span class='ocrx_word' id='word_1_390' title='bbox 1091 3038 1163 3064; x_wconf 59' lang='lat' dir='ltr'>eta).</span> 
     </span>
    </p>
   </div>
   <div class='ocr_carea' id='block_1_4' title="bbox 85 3128 1833 3229">
    <p class='ocr_par' dir='ltr' id='par_1_11' title="bbox 85 3128 1833 3229">
     <span class='ocr_line' id='line_1_45' title="bbox 206 3128 1833 3177; baseline -0.002 -11"><span class='ocrx_word' id='word_1_391' title='bbox 206 3134 215 3152; x_wconf 84' lang='lat'>¹</span> <span class='ocrx_word' id='word_1_392' title='bbox 241 3131 331 3166; x_wconf 87' lang='lat' dir='ltr'>Vide</span> <span class='ocrx_word' id='word_1_393' title='bbox 356 3132 396 3166; x_wconf 78' lang='lat' dir='ltr'>P.</span> <span class='ocrx_word' id='word_1_394' title='bbox 422 3132 630 3177; x_wconf 83' lang='lat' dir='ltr'>Hieronymi</span> <span class='ocrx_word' id='word_1_395' title='bbox 656 3131 796 3165; x_wconf 82' lang='lat' dir='ltr'>Natalis</span> <span class='ocrx_word' id='word_1_396' title='bbox 823 3130 1020 3164; x_wconf 76' lang='lat' dir='ltr'>visitatoris</span> <span class='ocrx_word' id='word_1_397' title='bbox 1051 3129 1347 3171; x_wconf 72' lang='lat' dir='ltr'>„Instructiones“</span> <span class='ocrx_word' id='word_1_398' title='bbox 1377 3129 1454 3163; x_wconf 86' lang='lat' dir='ltr'>sive</span> <span class='ocrx_word' id='word_1_399' title='bbox 1480 3129 1624 3172; x_wconf 87' lang='lat' dir='ltr'>regulas</span> <span class='ocrx_word' id='word_1_400' title='bbox 1654 3128 1726 3171; x_wconf 88' lang='lat' dir='ltr'>„De</span> <span class='ocrx_word' id='word_1_401' title='bbox 1752 3129 1833 3162; x_wconf 70' lang='lat' dir='ltr'>inis·</span> 
     </span>
     <span class='ocr_line' id='line_1_46' title="bbox 85 3182 1543 3229; baseline -0.001 -10"><span class='ocrx_word' id='word_1_402' title='bbox 85 3185 262 3220; x_wconf 76' lang='lat' dir='ltr'>sionibus“</span> <span class='ocrx_word' id='word_1_403' title='bbox 292 3188 328 3219; x_wconf 87' lang='lat' dir='ltr'>et</span> <span class='ocrx_word' id='word_1_404' title='bbox 357 3185 428 3227; x_wconf 86' lang='lat' dir='ltr'>„De</span> <span class='ocrx_word' id='word_1_405' title='bbox 454 3186 522 3219; x_wconf 85' lang='lat' dir='ltr'>iter</span> <span class='ocrx_word' id='word_1_406' title='bbox 547 3185 771 3228; x_wconf 69' lang='lat' dir='ltr'>agentibus-⁴,</span> <span class='ocrx_word' id='word_1_407' title='bbox 798 3184 885 3229; x_wconf 90' lang='lat' dir='ltr'>Epp.</span> <span class='ocrx_word' id='word_1_408' title='bbox 912 3184 1032 3217; x_wconf 70' lang='lat' dir='ltr'>Nudae</span> <span class='ocrx_word' id='word_1_409' title='bbox 1058 3183 1107 3216; x_wconf 73' lang='lat' dir='ltr'>[V</span> <span class='ocrx_word' id='word_1_410' title='bbox 1134 3183 1320 3217; x_wconf 70' lang='lat'>503-505</span> <span class='ocrx_word' id='word_1_411' title='bbox 1346 3182 1543 3217; x_wconf 75' lang='lat'>556—557.</span> 
     </span>
    </p>
   </div>
  </div>
 </body>
</html>
