2045 3471
62 200 163 236 1312.
191 200 390 243 Margarita
411 200 532 235 Austr.
553 199 808 234 Archiducissa
828 198 912 233 Can.
950 197 1149 242 Oeniponte
1167 208 1213 230 m.
1233 196 1317 240 Apr.
1338 197 1372 230 et
1389 207 1435 229 m.
1454 195 1549 229 Maio
1568 194 1669 229 1566.
1737 195 1820 237 229

179 317 311 352 Canisii
336 317 478 351 litterae
498 318 633 362 perisse
652 317 828 351 videntur.
870 316 924 350 Ex
942 314 1081 349 Natalis
1096 316 1215 348 autem
1236 313 1400 358 epistulis
1423 313 1459 353 (l.
1475 324 1504 347 c.
1525 311 1664 348 70—72
1684 312 1822 346 74—76

59 371 119 414 83)
156 371 245 405 haec
279 370 550 414 intelliguntur:
588 370 787 414 Oeniponte
822 369 916 403 inter
941 367 1204 410 Magdalenam,
1232 366 1479 409 Margaritam,
1507 365 1682 399 Helenam
1709 364 1821 398 archi-

60 424 221 458 ducissas
234 435 304 457 non
319 423 554 457 conveniebat
569 423 610 457 de
622 423 862 457 confessariis.
882 421 1119 465 Magdalenae
1134 420 1228 454 enim
1242 419 1476 453 deliberatum
1489 421 1566 452 erat
1579 430 1648 452 non
1659 417 1822 452 confiteri

59 476 96 512 P.
124 476 286 510 Hermeti
312 475 499 521 Halbpaur
525 475 559 510 S.
578 477 631 517 J.;
657 476 816 520 reliquae
844 487 929 509 vero
955 474 1125 508 nolebant
1150 472 1311 507 confiteri
1338 471 1556 506 confessario
1576 470 1821 514 Magdalenae,

58 529 118 574 qui
153 531 231 563 erat
256 529 296 563 P.
323 529 473 563 Ioannes
500 529 652 574 Dyrsius
688 528 831 571 collegii
866 527 1094 572 oenipontani
1130 529 1257 560 rector.
1307 524 1432 569 Neque
1468 535 1550 569 spes
1577 526 1655 558 erat
1681 524 1756 557 fore
1782 526 1823 556 ut

57 582 322 617 archiducissae
347 583 424 616 sive
455 582 655 625 „reginae“,
691 593 781 626 quas
807 581 996 621 vocabant,
1032 592 1052 614 a
1078 578 1270 625 propositis
1296 580 1562 612 revocarentur.
1614 577 1653 610 P.
1680 575 1821 610 Natalis

58 638 177 669 autem
204 647 224 669 a
251 634 429 669 Societate
464 646 573 669 unum
608 637 749 669 tantum
785 634 1056 675 confessarium,
1093 634 1154 678 qui
1187 632 1303 666 tribus
1330 631 1465 675 reginis
1491 629 1688 664 communis
1715 630 1821 669 esset,

57 689 320 723 concedendum
355 700 434 723 esse
470 688 650 729 censebat,
686 688 793 732 idque
828 688 890 728 ita,
925 689 966 721 ut
998 687 1039 727 si⁷
1075 685 1319 730 compluribus
1351 683 1541 718 Societatis
1575 683 1822 718 sacerdotibus

56 742 260 786 propositis,
286 741 321 775 in
347 741 524 775 neminem
551 741 815 781 convenissent,
852 751 955 774 nemo
982 740 1137 774 daretur.
1190 738 1307 780 Quare
1334 738 1373 772 P.
1401 736 1609 771 Hermetem
1635 735 1822 780 Halbpaur

57 795 270 837 Augustam,
297 797 338 828 ut
362 805 425 838 pro
444 792 585 828 Canisio
612 793 888 834 contionaretur,
916 791 1083 826 evocavit
1109 791 1204 825 etde
1224 791 1262 824 P.
1281 789 1428 824 Nicolao
1447 789 1590 830 Lanoio,
1616 786 1821 832 provinciae

58 847 259 880 austriacae
294 846 509 892 praeposito,
537 845 773 890 Oenipontem
809 845 852 879 ad
879 856 1009 878 munus
1045 844 1132 878 illud
1160 843 1360 878 obeundum
1386 841 1600 876 arcessendo
1627 840 1821 884 cogitabat.

57 900 234 934 Ferebant
259 900 376 941 etiam,
412 900 557 942 reginas
583 899 618 932 id
645 910 763 942 agere,
790 900 830 932 ut
855 897 1055 943 Oeniponte
1085 897 1342 931 monasterium
1369 895 1403 930 S.
1431 895 1566 936 Crucis,
1594 894 1686 939 quod
1712 893 1821 927 Fran-

56 952 279 987 ciscanorum
317 955 405 993 erat,
444 952 480 986 in
515 952 771 986 monasterium
809 951 991 994 virginum
1025 952 1236 990 mutaretur,
1272 949 1308 983 in
1344 949 1437 992 quod
1472 948 1617 992 reginae
1653 949 1689 981 et
1722 946 1822 991 ipsae

56 1006 375 1049 transmigrarent;
410 1005 591 1040 castitatis
617 1006 711 1039 enim
737 1008 861 1039 votum
888 1004 960 1038 iam
992 1004 1196 1038 emiserant.
1247 1003 1302 1037 Ex
1328 1002 1443 1037 altera
1469 1013 1553 1036 vero
1580 1003 1683 1046 parte
1710 998 1822 1034 Sociis

56 1062 287 1104 praeceptum
322 1062 419 1094 erat:
458 1058 557 1101 „Non
592 1058 724 1093 debent
759 1070 879 1092 curam
909 1085 915 1091 .
945 1085 951 1091 .
981 1084 988 1091 .
1017 1057 1206 1091 mulierum
1244 1055 1494 1099 religiosarum
1522 1081 1530 1089 .
1557 1082 1564 1089 .
1593 1081 1601 1089 .
1628 1053 1820 1098 suscipere,

56 1114 96 1146 ut
133 1112 310 1146 ordinarie
344 1112 488 1146 illarum
524 1112 769 1146 confessiones
805 1112 955 1146 audiant
989 1110 1047 1144 vel
1083 1110 1180 1155 ipsas
1216 1110 1365 1153 regant“
1396 1108 1696 1152 (constitutiones
1724 1107 1757 1141 S.
1786 1106 1819 1140 J.

57 1165 95 1199 P.
124 1166 154 1205 6,
182 1177 211 1200 c.
239 1166 269 1207 3,
296 1178 329 1200 n.
356 1166 406 1209 5).
451 1165 637 1199 Iudicabat
663 1165 807 1209 quidem
834 1164 986 1205 Natalis,
1013 1162 1256 1208 praepositum
1283 1162 1489 1206 generalem
1515 1162 1551 1195 in
1578 1173 1620 1195 ea
1645 1160 1725 1204 lege
1752 1159 1820 1194 dis-

57 1230 208 1263 pensare
242 1230 365 1264 posse3
402 1219 509 1252 simul
544 1221 665 1252 tamen
701 1229 831 1262 magna
858 1217 1022 1251 cautione
1049 1228 1137 1260 opus
1165 1227 1244 1250 esse
1270 1215 1523 1259 intellegebat;
1560 1215 1631 1248 iam
1658 1214 1750 1248 enim
1778 1213 1821 1247 de

56 1272 262 1315 reginarum
287 1273 431 1315 negotio
457 1283 619 1306 rumores
644 1271 738 1305 haud
765 1272 816 1305 ita
843 1270 938 1315 grati
964 1270 1199 1310 exstiterant;
1227 1281 1269 1304 ac
1287 1268 1458 1303 Societati
1476 1280 1495 1302 a
1510 1267 1757 1302 Maximiliano
1776 1266 1820 1300 II.

56 1325 271 1370 imperatore
298 1328 334 1360 et
359 1337 380 1360 a
397 1325 621 1359 Ferdinando
640 1325 684 1359 11.
712 1324 904 1359 archiduce
924 1344 966 1348 ——
986 1326 1138 1367 uterque
1165 1323 1368 1366 reginarum
1398 1325 1475 1356 erat
1501 1322 1614 1355 frater
1634 1340 1677 1344 —-
1695 1320 1820 1354 timen-

58 1379 141 1413 dum
167 1382 253 1413 erat.

177 1432 328 1475 Borgias
356 1431 498 1466 Canisio
525 1431 713 1476 respondit
740 1432 793 1466 16.
821 1430 907 1464 Maii
936 1431 1038 1465 1566.

59 1553 201 1590 1312.
252 1552 679 1589 MARGARITA
702 1551 1055 1589 AUSTRIAE
1075 1548 1596 1587 ARCHIDUCISSA
1618 1548 1820 1583 CANISIO.

669 1606 870 1652 Oeniponte
897 1608 1051 1640 exeunte
1076 1617 1123 1640 m.
1151 1604 1268 1650 Aprili
1294 1608 1330 1638 et
1354 1604 1457 1638 initio
1483 1615 1530 1637 m.
1557 1602 1643 1636 Maii
1671 1602 1773 1637 1566.

176 1672 230 1706 Ex
256 1672 296 1705 P.
323 1671 464 1705 Natalis
490 1670 624 1705 litteris
651 1671 868 1716 archetypis,
897 1682 988 1715 quae
1014 1672 1159 1705 exstant
1195 1670 1231 1703 in
1258 1668 1341 1703 Cod.
1374 1668 1474 1710 „EN‘
1505 1679 1538 1702 n.
1569 1668 1633 1702 125
1664 1667 1703 1711 (f.
1731 1666 1819 1710 92³).

57 1725 215 1759 Litterae
250 1724 391 1759 Natalis
418 1725 581 1768 integrae
617 1736 662 1758 ex
698 1725 894 1769 archetypo
931 1724 1082 1769 primum
1119 1723 1289 1767 vulgatae
1325 1724 1409 1757 sunt
1444 1722 1479 1756 in
1506 1721 1595 1766 Epp.
1622 1723 1745 1755 Nadal
1769 1721 1821 1755 ΙΙΙ

176 1844 298 1885 Instat,
327 1848 362 1876 nt
388 1843 427 1876 Ρ.
446 1843 639 1886 Hulbpam·
664 1844 904 1885 confes-surius
928 1854 1014 1876 setus
1042 1844 1203 1886 Aicyec.st‹c
1235 1841 1460 1884 Oenipontem
1487 1842 1699 1873 remittatur.

176 1903 212 1936 P.
241 1903 483 1946 Hieronymus
509 1903 651 1935 Natalis
678 1903 862 1936 Soeessetatc's
898 1903 1058 1935 visitator
1084 1903 1246 1945 Anyusta
1275 1903 1329 1934 11.
1357 1900 1451 1933 Maia·
1481 1902 1571 1933 1566
1597 1900 1745 1933 Romam
1772 1900 1819 1932 ad

58 1957 93 1990 S.
122 1956 355 1988 Frmwiscecm
390 1956 430 1988 de
457 1956 591 1999 Βωῃία
610 1958 858 1999 praepositum
892 1955 1091 1999 yeneralem
1121 1955 1205 1988 haec
1232 1954 1365 1987 rettulit
1400 1953 1441 1986 (Ze
1469 1953 1674 1996 Marqarz'ta
1703 1953 1818 1985 archi-

57 2010 207 2053 ducz‘ssa,
242 2020 330 2052 quae
357 2008 395 2042 P.
422 2009 617 2042 Hermetem
644 2009 838 2052 Halhpam·
872 2010 1129 2050 confessarimn
1164 2019 1267 2041 secum
1298 2007 1487 2050 Oeneponte
1516 2009 1711 2048 Auyustsmz
1747 2016 1819 2039 eco-

57 2068 171 2096 catum
197 2073 268 2095 esse
294 2065 342 2103 (v.
368 2073 482 2105 supra
510 2064 547 2095 in
575 2074 607 2095 η.
634 2063 740 2099 1311)
768 2073 871 2105 (ceyre
904 2062 1040 2103 ferebat
1067 2073 1175 2104 neque
1200 2062 1240 2094 P.
1268 2061 1399 2094 Ioanni
1424 2060 1558 2102 Dgsrsc'o
1586 2060 1820 2101 Maydalensae

55 2117 191 2149 sororis
217 2116 434 2157 confessario
460 2116 618 2157 confiteri
654 2116 805 2149 colebat:
842 2116 917 2159 „Lo
943 2116 984 2148 <Ze
1010 2116 1182 2159 Jnsprzcc,
1209 2115 1339 2158 Padre,
1366 2114 1441 2146 Γαῖ’
1469 2124 1550 2156 may
1577 2112 1717 2155 diffie-il,
1748 2122 1819 2154 por

57 2180 121 2213 que
147 2173 217 2202 esta
243 2169 278 2201 Za
298 2169 513 2212 Maydalena
540 2180 622 2212 misy
648 2169 892 2202 determinada
919 2169 960 2202 <le
987 2180 1031 2202 no
1057 2169 1273 2210 confessarse
1299 2178 1361 2200 con.
1390 2167 1448 2210 H„
1474 2178 1496 2210 y
1516 2167 1732 2209 Maryctrz'ta,
1760 2175 1817 2208 no,

57 2233 118 2256 con
148 2224 192 2255 D.
218 2235 239 2265 gl
266 2227 337 2255 esta
364 2232 408 2255 no
433 2221 520 2254 haze
544 2223 623 2255 sino
649 2224 804 2255 escreuir
830 2227 950 2255 cartas
975 2220 1142 2263 femrtesf‘

174 2292 409 2335 Margaritam
445 2294 507 2325 aut
540 2291 606 2325 soli
634 2291 787 2333 Cauisio,
813 2296 885 2333 aut,
921 2292 950 2326 si
978 2291 1099 2326 Natali
1127 2292 1282 2336 scripsit,
1320 2291 1428 2325 etiam
1456 2289 1599 2323 Canisio
1626 2288 1816 2333 scripsisse

55 2346 143 2380 satis
170 2348 306 2380 certum
334 2347 388 2379 est
416 2357 460 2378 ex
487 2344 530 2379 iis
556 2356 647 2389 quae
672 2345 790 2390 posita
817 2348 901 2379 sunt
927 2357 1035 2390 supra
1061 2357 1094 2390 p.
1122 2345 1201 2379 223.
1242 2344 1295 2378 Cf.
1324 2345 1431 2379 etiam
1462 2345 1548 2377 Can.
1577 2343 1624 2376 IV
1650 2342 1718 2376 228
1737 2341 1815 2376 768.

174 2400 318 2433 Natalis
354 2399 396 2432 ad
425 2409 478 2436 ea,
511 2409 602 2442 quae
635 2409 744 2443 supra
770 2399 882 2443 posui,
918 2399 1007 2433 haec
1034 2399 1190 2433 addidit:
1230 2397 1422 2440 „Nosotros
1449 2397 1552 2431 hasta
1579 2396 1661 2439 aqui
1688 2406 1732 2428 no
1758 2406 1816 2428 au-

57 2464 154 2487 emos
189 2453 320 2488 escrito
356 2451 429 2486 alla
464 2453 542 2485 otra
577 2463 671 2493 cosa,
707 2452 784 2486 sino
821 2463 889 2496 que
915 2453 1073 2486 Maestro
1101 2452 1252 2486 Hermes
1279 2463 1317 2486 es
1343 2451 1481 2485 Venido
1507 2462 1594 2495 para
1620 2449 1756 2494 ayudar
1782 2448 1816 2482 al

56 2506 169 2540 Padre
196 2506 348 2547 Canisi0‚
382 2517 407 2550 y
442 2504 638 2539 realmente
669 2516 730 2539 era
755 2505 970 2547 necessario,
1007 2517 1106 2540 como
1132 2516 1171 2539 se
1207 2505 1253 2539 ha
1279 2505 1374 2539 visto
1400 2516 1420 2538 a
1448 2504 1481 2537 la
1508 2503 1727 2548 esperiencia
1753 2513 1817 2546 por

54 2558 108 2593 los
133 2560 301 2603 negocios
327 2570 395 2603 que
414 2557 538 2591 hemos
564 2557 684 2591 tenido
710 2570 734 2602 y
761 2560 921 2593 tenemos
948 2561 1049 2592 entre
1075 2570 1218 2598 manos:
1245 2570 1269 2602 y
1297 2558 1402 2591 hasta
1428 2569 1489 2591 ora
1509 2569 1552 2590 no
1571 2556 1692 2590 hemos
1712 2554 1814 2589 dicho

55 2612 94 2654 si,
122 2613 167 2653 ni,
194 2625 249 2654 no,
277 2613 320 2647 de
346 2624 387 2646 su
415 2611 583 2645 tornada“
617 2610 655 2654 (l.
683 2613 741 2654 c.).

174 2666 340 2701 Canisius
366 2665 588 2708 Margaritae
616 2663 800 2708 respondit
827 2665 881 2698 11.
910 2664 996 2698 Maii
1026 2665 1126 2699 1566.

56 2785 198 2823 1313.
250 2789 318 2822 PP.
336 2788 653 2823 HIERONYML'S
673 2787 886 2828 NATALIS,
908 2787 1090 2822 PETRUS
1111 2786 1338 2826 CANlSlL'S,
1359 2786 1560 2821 IACOBUS
1581 2785 1813 2827 LEDESMA,

220 2841 253 2875 S.
275 2842 319 2880 J„
347 2841 605 2877 CARDINALI
638 2838 880 2875 IOANNI
908 2838 1294 2875 FRANCISCG
1324 2836 1811 2881 COMMENDONO,

220 2895 398 2937 pontificis
423 2896 458 2929 in
486 2895 639 2929 comitiis
665 2893 803 2938 imperii
830 2893 965 2927 romani
993 2893 1123 2936 legato.
1180 2893 1414 2934 (Litterae
1442 2893 1647 2937 primae.)

738 2948 903 2989 Augusta
929 2946 1034 2980 Vind.
1062 2946 1154 2979 inter
1181 2947 1236 2979 24.
1265 2946 1400 2990 Aprilis
1427 2949 1463 2979 et
1488 2946 1519 2980 5.
1548 2945 1632 2979 Maii
1662 2946 1763 2981 1566.

174 3018 226 3051 Ex
253 3018 407 3062 imagine
433 3017 716 3063 photographica
742 3017 943 3050 litterarum
971 3015 1248 3060 archetyparum
1278 3015 1354 3058 (V),
1391 3027 1481 3060 quae
1508 3019 1652 3051 exstant
1679 3016 1811 3050 Romae

56 3069 90 3103 in
117 3071 261 3105 archivo
288 3072 463 3109 vaticano,
495 3072 621 3113 „Cone
649 3072 683 3105 di
710 3071 853 3110 Treuto,
880 3082 913 3103 n.
944 3070 1029 3104 149“
1061 3070 1084 3103 f.
1104 3070 1182 3103 272.
1227 3068 1384 3103 Litterae
1414 3069 1480 3110 (2⁰2
1513 3071 1577 3112 1¹:⁵¹2
1604 3070 1677 3115 pp.)
1705 3081 1811 3104 manu

57 3121 94 3156 P.
121 3123 246 3158 Didaci
281 3125 441 3159 Jimenez
480 3124 680 3166 (Ximenez)
711 3124 743 3158 S.
772 3124 802 3157 J.
840 3124 996 3167 scriptae
1034 3125 1128 3163 sunt,
1165 3125 1308 3167 praeter
1344 3122 1557 3167 particulam
1594 3126 1810 3168 postremam

173 3200 199 3229 a)
223 3200 266 3224 Ita
289 3200 316 3224 ἰη
338 3201 444 3226 [trehet.
466 3205 622 3225 &orreorum
644 3204 685 3226 est
707 3208 742 3225 ex
764 3208 796 3230 iu,
819 3200 891 3231 qnod
913 3200 969 3223 iam
992 3200 1048 3231 leyi
1070 3207 1123 3223 non
1141 3203 1243 3230 potes-s.
