2077 3461
225 185 306 226 160
505 181 605 216 1276.
633 180 799 216 Canisius
825 181 972 216 Senatui
998 182 1199 228 populoque
1225 182 1442 227 reipublicae
1468 182 1691 218 coloniensis.

221 301 422 354 reperiat,
465 303 509 342 et
550 300 781 342 crabrones
822 302 936 343 ultro
968 301 1206 342 irritentur.
1270 300 1424 353 Neque
1457 315 1561 343 sane
1593 315 1690 343 mea
1721 315 1789 343 me
1821 301 1978 343 fefellit

222 366 385 419 opinio:
425 365 539 418 quod
571 365 754 406 uerebar
786 367 942 408 euenit.
1006 366 1073 408 Ita
1106 378 1245 418 neque
1275 378 1433 406 nomen
1463 365 1655 407 studiose
1686 380 1976 421 suppressum,

223 444 361 482 neque
392 433 568 472 seruata
600 429 757 483 ubique
779 430 869 472 stili
890 430 1102 472 modestia
1116 431 1143 479 1,
1178 443 1274 471 cum
1306 443 1437 483 saepe
1470 430 1744 472 aduersarios
1774 430 1979 473 insectari

221 494 472 549 potuissem,
506 495 681 548 profuit,
716 495 940 548 quominus
967 495 1076 536 clam
1109 494 1253 548 palam
1286 494 1410 536 huius
1442 495 1602 537 laboris
1624 509 1727 548 ergo
1760 495 1981 538 morderer

223 562 354 612 atque
386 560 727 614 proscinderer2‚
761 560 929 602 Christo
952 559 1124 601 interim
1149 559 1248 613 Opt.
1272 559 1390 602 MaX.
1415 559 1487 613 qui
1519 563 1563 602 et
1594 560 1686 614 ipse
1712 575 1805 603 curn
1830 564 1981 614 ageret

224 625 407 678 optime,
452 624 618 667 audiuit
663 639 687 666 a
732 625 820 665 suis
864 624 1071 678 pessime,
1117 624 1283 677 gratias
1325 638 1407 677 ago
1450 624 1714 678 singulares,
1760 626 1872 678 quod
1914 638 1981 666 me

226 689 401 742 dignum
448 690 601 732 fecerit
647 689 879 731 latratibus
927 691 1057 742 atque
1108 689 1321 730 morsibus
1368 689 1673 740 sectariorum,
1726 690 1981 744 praesertim

226 768 406 807 quorum
450 754 534 796 iam
578 754 785 795 damnata
831 756 919 802 est,
966 757 1010 796 et
1053 753 1240 807 posteris
1284 755 1529 796 execranda
1570 754 1653 796 erit
1693 755 1899 796 memoria
1939 754 1982 795 in

226 819 423 861 Ecclesia
454 819 547 861 Dei.
581 818 731 859 horum
772 832 928 860 saeuas
960 819 1004 859 in
1036 832 1104 860 me
1136 819 1377 861 sententias
1418 822 1463 861 et
1494 818 1663 872 iniquas
1695 819 1984 862 damnationis

226 885 345 938 leges
377 884 517 925 surdis
549 883 684 924 ueluti
716 883 891 924 auribus
924 886 1163 937 praetereo.
1208 883 1380 925 Etenim
1414 884 1467 925 ab
1490 883 1712 925 Ecclesiae
1737 884 1985 926 Catholicae

227 949 434 998 hostibus,
477 948 795 1001 multarumque
827 948 1055 990 haeresum
1096 949 1292 1002 patronis
1324 948 1593 1002 reprehendi,
1637 948 1737 1002 quid
1771 952 1838 991 est
1869 949 1985 991 aliud

229 1028 401 1068 quaeso,
436 1027 564 1066 quam
596 1013 901 1063 commendari,
935 1018 979 1055 et
1012 1014 1168 1055 bonum
1191 1014 1413 1055 Ecclesiae
1442 1014 1578 1055 ciuem
1601 1014 1741 1068 magis
1762 1015 1987 1068 magisque

230 1078 351 1120 bonis
375 1078 569 1120 omnibus
592 1078 893 1132 comprobari?
936 1078 1028 1120 Nos
1050 1078 1250 1132 quicquid
1273 1078 1341 1120 hic
1362 1078 1623 1133 scripsimus,
1658 1093 1742 1120 non
1766 1081 1985 1132 quaestuS,

231 1144 452 1193 mercedis,
487 1146 563 1185 aut
595 1143 760 1196 gloriae
782 1143 1020 1197 cupiditate
1051 1143 1246 1198 pellecti:
1279 1158 1364 1185 non
1396 1143 1579 1185 hominis
1611 1144 1708 1186 odio
1740 1144 1809 1186 uel
1842 1157 1987 1186 amore

231 1208 469 1262 prouocati,
511 1208 586 1250 sed
629 1209 742 1261 quod
783 1212 933 1250 sancte
974 1209 1117 1250 iurare
1158 1223 1397 1263 possumus,
1440 1208 1676 1262 Religionis
1714 1211 1758 1251 et
1789 1208 1988 1251 ueritatis

231 1273 515 1315 illustrandae
546 1273 688 1315 studio
720 1273 917 1327 permoti,
953 1277 996 1316 et
1029 1274 1082 1315 ab
1115 1273 1186 1315 illo
1220 1274 1404 1315 Caesare
1435 1273 1607 1327 impulsi
1639 1273 1700 1315 sic
1725 1273 1987 1328 scripsimus,

233 1342 280 1380 ut
303 1339 633 1387 Catholicorum,
668 1341 712 1380 et
743 1339 974 1393 praecipue
1008 1339 1319 1380 Germanorum
1353 1338 1574 1380 commodo
1607 1338 1774 1392 publico
1807 1338 1989 1380 inserui·

233 1418 389 1445 remus.
453 1403 500 1444 In
543 1403 768 1445 scribendo
801 1407 945 1446 autem
979 1418 1063 1445 non
1097 1418 1201 1446 sane
1234 1407 1442 1454 nostrum,
1485 1407 1561 1445 aut
1592 1403 1720 1445 ullius
1758 1404 1988 1458 priuatum,

233 1469 308 1510 sed
331 1482 599 1510 communem
621 1469 842 1510 Ecclesiae
863 1469 1112 1511 Catholicae
1135 1483 1306 1510 sensum
1330 1472 1373 1510 et
1396 1482 1649 1510 consensum
1672 1469 1808 1511 secuti
1830 1482 1989 1519 sumus,

234 1547 284 1574 ac
317 1533 437 1586 sequi
477 1547 604 1587 porro
638 1547 690 1574 ex
725 1533 866 1575 animo
900 1533 1206 1576 desideramus.
1271 1533 1314 1576 Si
1347 1533 1440 1586 quis
1473 1547 1576 1574 uero
1617 1536 1685 1575 est
1725 1533 1990 1582 imbecillior,

236 1612 363 1651 quam
396 1598 465 1651 qui
500 1598 847 1640 aduersariorum
879 1599 1069 1652 iniquam
1103 1599 1154 1640 de
1186 1599 1295 1640 libro
1329 1612 1554 1639 censuram
1588 1597 1726 1651 possit
1756 1598 1990 1651 negligere,

234 1663 303 1705 hic
345 1664 527 1717 primum
569 1664 732 1716 cogitet
772 1678 917 1705 secum
960 1678 1133 1705 causam
1176 1677 1286 1717 quae
1327 1666 1614 1717 oppugnatur,
1658 1677 1752 1704 cum
1791 1663 1991 1705 uniuersa

236 1728 454 1778 Ecclesia,
501 1742 611 1780 quae
652 1729 899 1770 Catholicae
942 1742 1098 1770 nomen
1143 1732 1353 1779 meretur,
1399 1728 1521 1770 nobis
1562 1741 1657 1769 esse
1698 1728 1992 1769 coniunctam:

238 1793 390 1835 deinde
431 1793 595 1834 maiora
638 1797 681 1836 et
713 1794 838 1848 plura
871 1794 1040 1847 quidem
1074 1794 1196 1835 nobis
1237 1794 1386 1836 fauere
1418 1808 1546 1846 quam
1579 1793 1753 1835 obstare
1785 1792 1991 1845 suffragia

236 1857 467 1910 intelligat.
514 1858 685 1911 Loquor
717 1862 860 1900 autem
885 1859 937 1900 de
959 1847 1011 1912 ij's
1033 1859 1231 1908 testibus,
1266 1873 1372 1911 quos
1395 1858 1509 1900 omni
1532 1857 1784 1912 exceptione
1806 1857 2003 1898 maiores>

238 1923 397 1964 Caesar
428 1922 470 1964 in
504 1938 580 1964 sua
614 1924 884 1977 praefatione
924 1924 1143 1978 produxit,
1186 1923 1383 1965 nimirum
1416 1923 1649 1977 Principes,
1692 1923 1990 1974 Magistratus.

239 1987 401 2037 Curias,
437 1988 694 2041 Gymnasia:
728 2003 826 2030 nam
854 1989 906 2030 ab
928 1989 994 2030 his
1016 1989 1170 2030 librum
1194 1989 1375 2030 eundem
1398 1989 1589 2031 studiose
1612 1988 1709 2041 legi,
1742 1987 1993 2040 legendum-

238 2067 320 2106 que
351 2053 544 2107 proponi,
589 2057 632 2095 et
674 2055 840 2107 publice
882 2054 1066 2104 defendi,
1109 2054 1231 2095 nobis
1273 2054 1404 2096 etiam
1446 2053 1691 2096 tacentibus
1731 2052 1891 2106 passim
1923 2065 1992 2093 res

237 2118 331 2171 ipsa
364 2118 570 2161 declarat.
616 2119 775 2160 Verum
808 2118 1103 2172 imprudenter
1135 2133 1217 2172 ago
1250 2119 1450 2168 fortasse,
1486 2118 1557 2171 qui
1589 2119 1767 2159 sanctae
1790 2116 1993 2170 simplici-

236 2183 341 2225 tatis
364 2183 535 2233 oblitus,
568 2183 674 2224 haec
697 2197 944 2237 persequor,
980 2185 1099 2226 uelut
1121 2184 1228 2225 satis
1251 2198 1335 2224 non
1367 2183 1549 2224 habeam
1571 2182 1792 2224 Ecclesiae
1814 2184 1992 2223 sanctae

237 2248 504 2289 authoritate
545 2248 705 2297 fulciri,
748 2248 823 2289 sed
864 2248 1081 2289 hominum
1124 2262 1291 2301 quoque
1333 2248 1528 2289 fauorem
1570 2250 1614 2289 et
1644 2247 1799 2288 iudicia
1837 2260 1991 2287 morer.

237 2313 295 2354 At
319 2313 441 2366 cupio
466 2326 582 2363 sane,
617 2313 757 2365 quoad
781 2312 870 2354 eius
892 2314 983 2354 fieri
1016 2316 1173 2367 potest,
1207 2313 1552 2354 infirmorum
1585 2312 1725 2354 uitare
1757 2310 1992 2352 offendi—

237 2378 458 2428 culum3,
512 2380 556 2419 et
608 2378 904 2432 prouidere
956 2379 1094 2419 bona
1147 2378 1213 2428 (ut
1265 2378 1425 2419 Paulus
1476 2377 1612 2429 iubet)
1664 2391 1765 2418 non
1819 2376 1991 2416 solum

238 2456 416 2484 coram
450 2444 580 2493 Deo,
615 2443 707 2484 sed
739 2443 904 2485 etiam
939 2457 1118 2484 coram
1150 2443 1503 2484 hominibus4.
1566 2442 1704 2494 Igitur
1735 2441 1903 2482 ueniam
1939 2440 1991 2482 ab

239 2508 446 2557 omnibus,
482 2508 549 2560 qui
585 2512 701 2550 recte
734 2511 778 2550 et
801 2508 980 2549 candide
1002 2508 1263 2556 iudicabunt,
1298 2522 1365 2548 me
1396 2508 1510 2548 haud
1539 2506 1755 2559 grauatim
1787 2505 1993 2558 impetra-

237 2575 381 2613 turum
415 2573 593 2621 confido,
627 2573 740 2625 quod
771 2573 814 2614 in
846 2574 926 2614 hac
949 2573 1135 2615 editione
1158 2587 1310 2614 nomen
1335 2586 1474 2613 meum
1507 2573 1725 2625 profitear,
1760 2584 1854 2611 cum
1881 2570 1989 2611 idem

240 2638 280 2677 in
324 2638 642 2691 exemplaribus
683 2652 766 2679 non
809 2638 958 2692 paucis
994 2637 1078 2679 iam
1113 2641 1214 2679 ante
1248 2637 1313 2689 (ut
1346 2637 1451 2689 dixi)
1485 2636 1610 2678 editis
1652 2634 1991 2683 circumferatur,

241 2715 333 2742 cum
368 2706 411 2744 et
443 2702 601 2744 Caesar
640 2703 720 2744 hoc
753 2705 902 2756 aperte
935 2703 977 2743 in
1011 2717 1085 2743 suo
1120 2702 1259 2743 edicto
1300 2702 1576 2755 expresserit,
1620 2714 1714 2740 cum
1748 2699 1915 2740 demum
1949 2702 1991 2740 et

240 2765 335 2817 lege
368 2767 423 2808 sit
456 2770 628 2808 cautum
662 2768 967 2817 ecclesiastica,
1010 2770 1058 2809 ut
1089 2767 1197 2808 liber
1230 2767 1371 2807 nullus
1404 2767 1565 2818 absque
1598 2763 1790 2806 authoris
1823 2763 1993 2804 nomine

363 2901 372 2919 ¹
401 2901 495 2934 inter
520 2902 616 2946 ipsos
643 2902 750 2935 etiam
776 2904 1018 2946 protestantes
1037 2904 1149 2940 erant,
1177 2902 1235 2944 qui
1264 2901 1345 2934 huic
1368 2899 1562 2933 modestiae
1588 2897 1829 2931 testimonium
1848 2897 1990 2937 darenn

242 2954 281 2985 ut
307 2952 482 2986 Martinus
510 2954 730 2989 Chemnitius
757 2958 793 2988 et
818 2955 933 2988 Lucas
960 2954 1134 2988 Osiander
1162 2954 1267 2996 (Can.
1295 2954 1345 2987 III
1371 2954 1450 2987 811.
1485 2952 1703 2994 Entstehmzy
1730 2953 1796 2984 etc.
1823 2950 1897 2990 44).

361 3005 373 3024 ‘2
400 3007 452 3038 Ab
480 3007 609 3040 Ioanne
628 3008 817 3049 wigando.
845 3008 963 3041 Flacio
991 3007 1144 3051 Illyrico,
1171 3007 1377 3040 Tilemanno
1405 3003 1592 3038 HeshusiO.
1621 3003 1823 3036 Hermanno
1852 3002 1991 3036 111111161-

244 3069 382 3093 manno.
410 3058 498 3091 aliis.
550 3060 640 3093 Vide
670 3062 756 3094 Can.
782 3061 797 3093 1
825 3061 891 3095 605
921 3062 1006 3095 7:35:
1042 3061 1074 3093 ll
1102 3060 1306 3098 {lob—90&
1345 3058 1393 3091 IV
1419 3057 1604 3091 998—999
1634 3056 1865 3090 1020--10‘22
1903 3056 1991 3090 1026

244 3110 287 3143 ad
318 3110 405 3144 1028
436 3112 533 3145 1033.

366 3164 378 3182 3
407 3165 420 3195 1
451 3163 518 3196 Cor
544 3166 574 3200 b,
602 3166 632 3197 9.
777 3168 788 3185 ⁴
817 3166 904 3198 Boni
934 3166 985 3201 1⁶2.
1015 3167 1068 3199 17.
1118 3166 1138 3198 2
1166 3165 1233 3198 Cor
1259 3165 1290 3198 S.
1318 3164 1372 3197 21.
