2045 3471
645 202 738 237 Mon.
758 203 826 238 855
854 202 931 237 sive
957 201 1026 237 litt.
1049 202 1116 245 (4).
1161 203 1262 237 1565.
1754 205 1836 246 795

1086 321 1254 353 Canisias
1270 319 1419 364 Nopelio
1441 320 1495 363 (ut
1521 320 1645 364 supra)
1667 320 1710 354 de
1733 332 1841 355 nova·

1011 372 1169 407 toribus:
1210 372 1326 415 „Nihil
1353 384 1440 407 sane
1465 372 1606 413 mirum,
1642 373 1673 407 si
1698 373 1841 416 virgam

1012 426 1047 459 in
1066 426 1194 460 Leonis
1213 437 1320 470 opera
1346 426 1544 460 censoriam
1563 429 1731 469 arrogent
1749 426 1835 460 sibi*

1012 481 1080 513 etc.
1109 479 1216 522 (Can.
1242 479 1257 512 Ι
1284 478 1383 521 219).

195 555 315 597 Haec
355 555 458 597 mihi
499 555 804 605 consideranti,
846 570 931 597 non
973 558 1140 598 certum
1182 556 1368 608 quidem,
1411 556 1486 597 sed
1527 555 1751 610 probabile
1784 580 1841 585 —

77 619 259 662 dixerim
293 619 446 662 etiam:
480 620 609 662 valde
641 620 864 674 probabile
896 645 954 649 ——-
986 624 1066 671 est,
1106 620 1291 662 Conradi
1323 621 1457 662 Bruni
1490 621 1700 662 adversus
1734 621 1842 662 Cen-

76 684 214 727 turias
261 684 661 737 Magdeburgenses
715 684 1112 734 „Admonitionem“
1164 684 1333 727 Canisio
1382 688 1563 728 curante
1610 685 1653 726 in
1702 686 1841 728 lucem

77 749 293 798 emissam,
318 752 362 791 et
385 750 741 792 commentarium
768 750 819 791 de
841 749 976 791 Bruni
1001 750 1092 792 vita
1115 751 1158 791 et
1181 749 1369 804 scriptis,
1395 750 1468 803 qni
1491 750 1836 801 „Admonitioni“

75 813 352 868 praepositus
385 817 463 864 est,
504 828 530 856 a
562 814 731 856 Canisio
765 815 1057 869 conscriptum
1091 828 1200 857 esse.

194 896 367 929 Matthias
384 896 532 928 Flacins
550 896 721 939 Illyricas
747 895 997 930 Centuriarum
1023 895 1239 941 praecipuus
1265 894 1484 929 architectus
1511 907 1556 929 m.
1572 895 1672 929 lunio
1699 907 1729 929 a.
1751 896 1841 930 1566

76 947 241 982 Basileae
267 948 379 982 edidit
404 948 555 982 librum:
590 948 794 990 „Refutatio
821 948 1032 982 invectivae
1058 948 1169 982 Bruni
1196 950 1321 982 contra
1347 948 1539 982 Centurias
1565 948 1749 982 Historiae
1775 948 1843 983 Ec-

76 1000 340 1040 clesiasticae“;
361 1013 405 1034 ex
424 1012 494 1045 quo
512 1000 602 1035 libro
622 1000 852 1044 intellegitur,
868 1001 1039 1042 Flacium,
1055 1001 1135 1045 quis
1151 1000 1260 1035 Bruni
1278 1001 1451 1045 scriptum
1470 1001 1505 1034 in
1525 1001 1640 1035 lucem
1659 1001 1841 1042 edidisset,

75 1053 273 1096 ignorasse.
317 1053 459 1087 Flacius
485 1053 639 1087 hominis
666 1055 791 1088 vesani
818 1054 933 1088 instar
950 1066 1019 1088 non
1045 1054 1160 1088 solum
1187 1054 1223 1088 in
1249 1054 1374 1099 scripti
1400 1057 1584 1088 auctorem
1603 1057 1639 1088 et
1657 1054 1841 1093 editorem,

76 1107 138 1141 sed
165 1107 201 1140 in
227 1107 423 1141 catholicos
442 1118 565 1141 omnes
583 1108 720 1147 saevit;
748 1107 951 1152 exemplum
970 1119 1080 1152 pono:
1112 1106 1335 1149 „Historicae
1356 1106 1448 1141 lucis
1466 1109 1629 1141 conatum
1651 1110 1840 1142 cernentes

76 1160 248 1205 Papistae
273 1160 349 1194 suis
375 1160 568 1205 Aegyptijs
602 1160 760 1194 tenebris
787 1161 922 1202 obesse,
958 1161 1208 1194 conduxerunt
1234 1172 1379 1194 caecum
1406 1171 1448 1194 ac
1474 1160 1625 1194 delirum
1661 1161 1839 1204 quendam

76 1213 247 1255 Brunum,
283 1213 343 1257 qui
378 1225 448 1247 non
482 1213 626 1258 propria
652 1213 859 1258 impellente
886 1213 1115 1253 conscientia,
1146 1215 1209 1247 aut
1233 1213 1399 1248 ueritatis
1425 1214 1563 1248 studio:
1600 1214 1662 1248 sed
1697 1216 1839 1248 tantum

80 1266 137 1309 (ut
162 1266 344 1300 Praefatio
370 1266 494 1309 habet)
524 1269 647 1300 oratus
673 1266 718 1300 ab
744 1266 826 1307 illis,
861 1269 902 1301 ut
926 1267 1084 1311 ipsorum
1110 1268 1206 1300 uotis
1231 1278 1365 1300 morem
1393 1269 1546 1309 gereret,
1582 1279 1650 1301 non
1678 1270 1774 1301 certe
1800 1269 1840 1301 ut

76 1319 245 1354 mandato
271 1319 335 1353 Dei
363 1319 543 1354 contraria
569 1319 806 1364 praecipienti
833 1319 1002 1361 obediret,
1029 1319 1164 1364 aliquid
1191 1322 1314 1354 contra
1339 1319 1545 1354 blaterauit.
1574 1348 1581 1355 .
1601 1348 1608 1355 .
1629 1347 1636 1354 .
1680 1320 1839 1354 Eandem

77 1384 224 1418 prorsus
250 1372 491 1406 calumniandi
517 1372 612 1406 uiam
640 1372 748 1406 etiam
775 1373 844 1406 iste
870 1372 1032 1416 lucifuga
1058 1373 1285 1418 praelocutor
1310 1372 1440 1407 caelati
1474 1373 1627 1407 nominis
1653 1374 1840 1416 ingressus

77 1428 143 1460 est.
164 1453 171 1461 .
192 1453 198 1460 .
219 1453 226 1460 .
254 1426 306 1460 En
333 1425 444 1460 habes
470 1426 619 1459 candide
637 1425 774 1467 Lector,
800 1428 914 1460 totam
932 1438 1120 1467 summam,
1146 1425 1437 1470 ipsissimamque
1454 1426 1581 1467 ideam,
1607 1426 1718 1460 totius
1735 1426 1842 1461 huius

77 1479 210 1513 atrocis
228 1482 264 1512 et
282 1478 386 1523 plane
405 1479 569 1512 rabiosae
587 1479 790 1513 inuectiuae
809 1490 900 1523 quae
918 1479 1059 1513 infinita
1075 1479 1400 1524 impurissimorum
1419 1479 1659 1513 conuiciorum
1677 1479 1841 1524 plaustra

78 1532 246 1567 continet.
291 1531 327 1566 Si
346 1543 431 1575 ergo
449 1533 505 1566 uis
523 1532 723 1576 permoueri
749 1531 836 1566 solis
860 1532 1025 1566 maledici
1052 1533 1123 1566 oris
1149 1531 1402 1576 impurissimis
1425 1532 1552 1577 sputis,
1580 1533 1839 1576 uenenatisque

77 1585 291 1620 uomitibus“
314 1587 381 1619 etc.
403 1585 453 1629 (p.
475 1585 642 1625 10—11).

199 1638 344 1672 Librum
372 1638 481 1671 Bruni
512 1638 582 1671 vidi
610 1637 853 1681 Luxemburgi
880 1638 916 1672 in
940 1638 1156 1673 bibliotheca
1183 1638 1326 1683 publica
1354 1637 1403 1681 (n.
1425 1638 1545 1682 1027).

83 1760 186 1797 855
214 1762 292 1796 sive
318 1759 428 1796 litt.
450 1759 548 1805 (4).
623 1760 716 1795 1565.

200 1840 349 1872 Flacins
384 1839 553 1881 Illyricas
587 1839 626 1870 in
660 1839 751 1871 libro
791 1839 867 1882 „De
902 1841 1001 1872 sectis
1036 1838 1325 1881 I'ontificiorecm“
1364 1840 1526 1873 Bas-[leae
1563 1850 1596 1873 a.
1626 1842 1716 1872 1565
1751 1841 1841 1872 edito

81 1894 228 1926 asserit:
254 1893 298 1925 In
325 1891 528 1924 catechismo
550 1891 688 1924 canisii
713 1893 810 1934 apud
828 1892 1015 1925 catholicos
1040 1893 1286 1925 laudatissimo
1312 1897 1341 1925 ct
1364 1893 1604 1934 vniaatisse'mo
1623 1893 1844 1935 „ipsissimus

82 1943 327 1979 ethnicismas“
364 1946 529 1986 doc-etum
563 1945 791 1978 catechismus
825 1945 883 1978 ille
917 1946 959 1978 de
992 1947 1132 1978 iusticia
1161 1945 1370 1978 Christiana
1405 1956 1473 1978 non
1504 1947 1597 1978 novit
1627 1947 1710 1988 plns
1736 1956 1839 1988 quam

87 1999 234 2040 ancae,
271 1998 408 2040 ludaei,
445 1998 674 2038 idololatram
710 1999 746 2030 in
782 1999 1041 2040 expiandormn
1071 2002 1295 2041 peecatorum
1333 1999 1446 2031 modis
1474 1998 1609 2031 Christi
1633 2000 1839 2040 sanquinem

81 2053 131 2085 vel
157 2063 291 2085 crucem
321 2062 387 2083 non
416 2055 607 2090 memorat,·
636 2051 815 2084 Christum
833 2051 942 2084 abolet
953 2063 966 2092 ,·
991 2052 1143 2084 Iesm‘lae
1161 2052 1426 2085 Mahomelismo
1445 2052 1534 2083 riam
1560 2062 1695 2093 parare
1712 2052 1840 2084 rolant.

86 2106 253 2138 canisius
277 2108 441 2146 stuprum
466 2105 559 2145 fecit.
597 2104 644 2136 At
662 2103 812 2136 Flac-ins
838 2108 867 2136 ct
888 2104 1074 2137 Cani-siam
1093 2108 1122 2137 et
1142 2106 1216 2138 ez'ns
1241 2105 1372 2137 librum
1392 2105 1659 2145 calamm'atnr‚·
1683 2115 1844 2136 mancam

82 2158 351 2200 mutilatamqne
379 2158 550 2199 proponit
585 2156 786 2189 catechismi
822 2158 1033 2191 doctrinam.
1089 2158 1257 2191 Canis-ins
1294 2159 1332 2190 in
1371 2168 1460 2190 noca
1496 2158 1662 2190 Summae
1696 2158 1847 2190 editione

84 2212 316 2244 christianam
336 2214 564 2252 peccatoram
590 2210 851 2251 cayn'andorum
878 2211 1053 2243 rationem
1080 2212 1184 2243 etiam
1211 2211 1423 2243 luculentias
1449 2211 1611 2253 ca'plz'cat.

203 2280 376 2313 Matthias
402 2280 552 2313 Flavius
576 2280 755 2322 Illyricas,
796 2278 1102 2320 „Centuriatorum
1138 2280 1524 2323 magdeburgensium“
1555 2280 1731 2325 princeps,
1766 2291 1846 2314 cum

84 2344 114 2367 a.
136 2333 227 2367 1564
245 2332 419 2366 adversus
439 2332 572 2366 Canisii
595 2332 818 2373 „Summam“
840 2332 970 2366 librum
990 2333 1032 2366 de
1052 2332 1223 2375 „Etliniea
1241 2333 1456 2367 Iesvitarum
1477 2333 1656 2367 doctrina“
1676 2333 1848 2366 edidisset

87 2386 190 2427 (Can.
212 2385 261 2419 IV
283 2385 544 2427 1026-1028),
572 2397 602 2419 a.
625 2386 713 2419 1565
733 2385 897 2419 Basileae
916 2385 1026 2419 edidit
1044 2386 1192 2420 librum:
1223 2387 1294 2428 „De
1312 2387 1432 2427 sectis,
1450 2386 1745 2426 dissensionibvs,
1767 2397 1847 2420 con-

83 2438 359 2472 tradictionibvs
385 2443 422 2471 et
448 2438 717 2472 confvsionibvs
744 2438 937 2479 doctrinae,
974 2438 1170 2481 religionis,
1201 2439 1427 2484 scriptorum,
1455 2442 1491 2473 et
1516 2439 1699 2473 doctorum
1727 2439 1846 2472 Ponti-

84 2491 244 2525 ficiorum
272 2490 386 2525 Liber.
406 2491 566 2524 Authore
593 2490 747 2524 Matthia
774 2491 894 2525 Flacio
920 2491 1098 2535 Illyrico.“
1154 2492 1193 2525 In
1219 2503 1288 2535 quo
1316 2492 1366 2526 ita
1392 2492 1537 2526 scribit:
1578 2491 1634 2534 „Si
1661 2492 1742 2536 quis
1768 2492 1846 2525 uult

84 2544 368 2578 manifestariam
396 2543 594 2577 falsitatem
613 2543 910 2588 impietatemque
928 2543 1133 2588 Papisticae
1153 2544 1335 2578 doctrinae
1354 2545 1629 2589 deprehendere,
1656 2544 1714 2578 uel
1732 2543 1848 2578 solum

86 2597 298 2631 Iesuitarum
329 2597 405 2640 (qui
432 2608 526 2630 nunc
551 2596 617 2629 flos
644 2596 720 2641 ipse
739 2596 1006 2630 Pontificiorum
1025 2596 1288 2641 Theologorum
1315 2599 1414 2640 sunt)
1445 2598 1710 2632 Catechismum
1737 2597 1848 2641 legat,

85 2651 146 2694 qui
180 2650 334 2694 primum
370 2661 461 2683 anno
498 2650 542 2683 54
571 2649 728 2683 Viennae
764 2649 930 2694 prodijt¹,
968 2652 1004 2683 et
1029 2653 1155 2694 postea
1181 2651 1289 2684 etiam
1317 2651 1462 2695 saepius
1487 2662 1636 2685 recusus
1663 2652 1718 2684 est
1744 2661 1785 2684 ac
1811 2651 1847 2684 in

85 2703 331 2747 compendium
367 2714 507 2746 quoque
542 2714 610 2736 non
646 2703 697 2737 ita
732 2702 863 2736 dudum
891 2714 911 2736 a
937 2702 1079 2737 Canisio
1114 2703 1254 2737 illorum
1282 2703 1487 2748 patriarcha
1518 2703 1688 2748 primario
1714 2706 1769 2737 est
1796 2716 1847 2738 re-

85 2756 222 2797 dactus,
249 2767 291 2789 ac
309 2756 461 2799 denique
480 2756 586 2789 etiam
606 2755 838 2800 amplissimis
857 2755 1130 2790 monarcharum
1156 2756 1263 2790 bullis
1282 2759 1477 2791 exornatus
1490 2757 1512 2798 ⁸²,
1539 2756 1846 2800 collaudatusque,

87 2809 181 2853 quod
208 2821 292 2842 uere
319 2820 560 2852 germaneque
587 2809 786 2843 doctrinam
813 2808 994 2843 Romanae
1022 2809 1195 2843 ecclcsiae
1222 2810 1403 2844 contineat
1422 2824 1428 2844 ε
1449 2813 1484 2844 et
1511 2810 1656 2855 insuper
1674 2811 1848 2849 omnibus,

86 2867 124 2896 ut
159 2862 355 2896 secundum
391 2873 470 2895 eum
507 2862 664 2902 credant,
699 2862 927 2896 seuerissime
964 2865 1019 2896 est
1054 2862 1262 2896 iniunctum.
1315 2864 1353 2897 ln
1390 2875 1430 2897 eo
1456 2875 1542 2898 sane
1573 2863 1780 2898 authentico
1806 2875 1847 2897 ac

86 2918 315 2950 sacrosancto
342 2915 492 2949 istorum
519 2915 620 2956 libro,
648 2917 710 2949 aut
736 2914 933 2958 Euangelio
960 2915 1089 2960 potius,
1121 2916 1310 2950 manifeste
1338 2917 1555 2961 ipsissimum
1584 2916 1844 2951 lCtlmicismum

208 3027 217 3045 ¹
245 3025 377 3059 Canisii
409 3025 590 3059 Summam
622 3025 725 3064 dicit:
762 3036 853 3068 quae
881 3025 1033 3069 primum
1061 3025 1209 3068 vulgata
1238 3028 1293 3059 est
1320 3026 1549 3060 Viudobonae
1585 3038 1615 3061 a.
1637 3027 1737 3068 1:355,
1776 3039 1845 3061 non

87 3091 117 3113 a.
140 3079 249 3114 1551:
278 3090 311 3112 v,
335 3079 421 3112 Can.
448 3078 462 3111 1
489 3078 676 3111 521-522
704 3078 784 3111 537.

205 3132 218 3151 2
244 3131 371 3165 Edicta
396 3130 577 3174 significat
607 3142 626 3164 a
654 3130 875 3164 Ferdinando
901 3131 926 3165 1.
954 3142 984 3165 a.
1007 3133 1096 3165 1554
1132 3134 1167 3165 et
1196 3132 1287 3166 1:360
1322 3134 1356 3165 ct
1392 3143 1412 3166 a
1440 3132 1603 3177 Philippo
1630 3133 1674 3167 ll.
1702 3145 1732 3167 a.
1755 3134 1843 3167 1557

87 3184 300 3219 constituta:
330 3196 363 3218 V.
385 3185 472 3217 Can.
501 3184 513 3216 1
542 3184 747 3223 752—754;
775 3184 823 3218 IV
854 3184 954 3219 1006.
