2045 3471
390 239 485 274 Mon.
504 239 690 274 882—883
717 239 796 273 sive
822 250 897 273 var.
921 237 1093 283 (2)-(3).
1140 238 1278 272 1.-21,
1297 238 1384 272 Maii
1404 237 1506 272 1:365.
1752 235 1834 278 827

71 358 235 402 yensibns
260 361 398 392 a.1561
423 360 474 392 vel
502 361 593 393 1562
619 359 807 401 composita
834 362 863 391 et
888 369 921 391 a.
944 359 1030 391 1565
1057 357 1220 398 (auclore
1245 357 1316 389 rita
1342 357 1487 399 functo)
1517 356 1685 398 Dilinyae
1710 365 1839 387 excusa

74 412 172 451 (vide
195 422 306 454 supra
326 423 367 454 2).
386 414 498 453 792):
523 412 670 455 Mayna,
689 411 816 454 inquit,
843 410 962 453 gratia
989 412 1024 443 et
1043 409 1230 452 diligentia
1255 409 1291 443 in
1319 409 1529 443 enarrandis
1556 410 1592 442 et
1609 402 1840 442 confutandis

72 464 283 498 haeresibus
312 491 318 498 .
347 492 354 499 .
383 492 389 498 .
417 464 473 498 vsi
500 467 583 498 sunt
610 490 618 499 .
646 492 652 498 .
682 491 689 498 .
716 465 838 497 nostro
864 463 932 497 hoc
957 463 1101 497 saeculo
1128 463 1329 507 complures
1356 461 1565 501 doctissimi,
1593 463 1629 495 et
1653 471 1839 494 sacrarum

73 517 258 551 literarum
294 517 504 562 peritissimi
531 516 609 558 viri,
645 517 684 551 B.
712 518 851 561 martyr
886 516 1062 550 Iohannes
1098 515 1290 550 Fischerus
1327 515 1360 549 S.
1390 515 1432 549 R.
1460 515 1500 550 Ε.
1530 513 1731 549 Cardinalis
1757 512 1839 558 Epi-

73 581 203 614 scopus
221 570 400 605 Roffensis
425 571 460 605 in
481 570 622 613 Anglia‚
649 569 816 615 Episcopi
831 569 1064 607 Viennenses,
1085 568 1260 603 Iohannes
1277 568 1392 602 Faber
1411 570 1447 602 et
1464 567 1667 602 Fridericus
1684 566 1838 607 Nausea,

74 623 251 657 lohannes
278 622 408 658 Eccius
433 623 655 667 Theologus,
694 625 730 656 et
766 623 834 656 duo
861 622 1017 663 Alberti‚
1056 622 1143 656 Pius
1169 622 1365 666 Carporum
1393 621 1577 665 princeps,
1617 622 1653 654 et
1688 618 1839 663 Pighius

75 676 307 719 Praepositus
333 676 587 717 Traiectensis,
623 675 773 710 Iacobus
799 675 980 715 Latomus,
1015 674 1180 709 Roardus
1206 675 1357 719 Tapper,
1393 673 1627 719 Alphonsus¹
1661 671 1838 713 minorita,

76 728 149 763 Ioh.
177 728 393 773 GropperuS,
420 728 623 763 Stanislaus
650 728 783 762 Hosius
810 728 844 763 S.
872 728 913 762 R.
942 728 981 762 E.
1011 727 1222 769 cardinalis,
1248 727 1428 762 Martinus
1454 727 1645 761 Cromerus
1670 725 1838 766 Polonus‚

74 781 278 816 Fridericus
296 781 505 827 Staphylus,
531 782 663 816 Petrus
682 781 859 821 Canisius‚
885 781 1062 825 multique
1087 780 1160 825 alij‚
1187 780 1246 825 qui
1273 780 1369 814 intra
1394 780 1451 815 40.
1470 791 1582 813 annos
1608 778 1741 821 insigni
1759 777 1839 819 fide,

75 834 265 878 diligentia
291 836 327 869 et
352 846 470 880 opera,
497 838 533 869 et
559 834 715 869 maximo
741 834 828 874 zelo,
854 846 923 868 non
942 833 1056 868 solum
1075 836 1217 868 veteres
1235 834 1413 874 haereses,
1440 832 1502 867 sed
1530 832 1639 866 etiam
1665 842 1839 866 nouarum

76 887 182 922 huius
199 887 372 933 temporis
390 890 572 922 sectarum
591 899 729 922 errores
756 889 791 922 et
817 887 930 922 falsas
949 886 1130 921 doctrinas
1157 888 1191 920 in
1210 886 1356 931 scriptis
1374 886 1449 920 suis
1468 885 1638 920 distincte
1657 895 1840 919 enumera-

76 943 171 982 runt,
197 941 260 975 sed
289 941 397 975 etiam
424 941 626 975 diuinarum
653 941 912 985 scripturarum
940 939 1156 984 testimonijs
1183 942 1219 974 et
1236 941 1441 974 sanctorum
1460 941 1615 984 patrum,
1641 948 1840 972 sacrorum-

75 1006 146 1039 que
171 994 400 1028 conciliorum
420 993 639 1028 authoritate
658 994 900 1028 confutarunt.
936 992 1002 1035 Qui
1029 994 1066 1027 et
1091 992 1207 1027 adhuc
1232 992 1451 1027 indefessam
1471 994 1506 1026 et
1523 1002 1706 1035 nunquam
1732 990 1840 1024 inter-

76 1049 224 1082 missam
258 1047 345 1081 dant
379 1059 544 1092 operam,
580 1049 622 1081 vt
655 1047 691 1081 in
727 1058 795 1091 quo
830 1046 1005 1081 hactenus
1042 1046 1179 1080 versati
1213 1047 1297 1080 sunt
1327 1045 1623 1079 confutandarum
1652 1043 1841 1078 haeresum

75 1100 208 1142 labore,
235 1112 314 1134 eum
342 1111 482 1144 quoque
509 1100 678 1145 deinceps
703 1112 772 1134 non
800 1099 1050 1134 intermittant.
1099 1098 1234 1133 Horum
1261 1098 1385 1144 procul
1411 1098 1517 1132 dubio
1543 1097 1708 1141 diligenti
1734 1108 1842 1142 opera

77 1154 151 1195 fiet,
177 1156 219 1188 vt
243 1165 357 1188 nouae
383 1152 490 1188 huius
516 1153 687 1187 historiae
713 1153 930 1198 scriptorum
966 1152 1061 1187 falsa
1087 1152 1258 1193 doctrina,
1295 1163 1402 1196 quam
1441 1151 1476 1185 in
1502 1151 1570 1185 hac
1595 1162 1689 1185 noua
1714 1161 1780 1184 sua
1806 1152 1843 1184 et

79 1209 256 1252 corrupta,
293 1207 522 1251 omniumque
549 1206 699 1241 aliarum
726 1217 895 1240 verarum
921 1205 1151 1239 historiarum
1187 1204 1374 1239 falsatrice
1399 1204 1551 1239 historia
1585 1203 1842 1245 intermiscent,

78 1261 115 1295 in
141 1262 304 1304 apertum
331 1260 513 1304 prodatur,
549 1263 585 1293 et
610 1259 844 1294 validissimis
879 1258 1077 1293 catholicae
1104 1258 1289 1292 Ecclesiae
1323 1257 1500 1292 machinis
1534 1257 1770 1299 concutiatur,
1806 1259 1842 1291 et

79 1314 221 1348 demum
246 1313 409 1347 funditus
436 1312 578 1347 Christo
602 1313 748 1346 fauente
773 1312 963 1356 aliquando
990 1313 1185 1346 euertatur.

197 1367 309 1400 Bruni
334 1366 463 1400 librum
490 1366 737 1400 excudendum
764 1377 911 1400 curasse
937 1365 1080 1399 videtur
1107 1364 1291 1405 Canisius3
1328 1364 1410 1398 vide
1436 1375 1545 1408 supra
1580 1375 1612 1408 p.
1641 1362 1840 1397 792—795.

79 1420 207 1465 Ipsene
232 1431 359 1454 nomen
385 1431 490 1453 suum
516 1419 552 1453 in
577 1421 796 1464 postremum
817 1418 922 1452 huius
940 1418 1087 1452 indiculi
1105 1417 1220 1452 locum
1239 1417 1394 1452 reiecit?
1428 1417 1594 1451 Ceterum
1614 1428 1659 1450 ex
1676 1415 1840 1450 omnibus

79 1473 170 1507 viris
195 1473 319 1512 doctis,
346 1484 435 1516 quos
454 1473 595 1506 Brunus
621 1472 845 1512 memoravit,
871 1471 931 1505 uni
951 1470 1093 1506 Canisio
1119 1470 1280 1514 contigit,
1307 1472 1347 1504 ut
1373 1469 1644 1515 exspectationi,
1671 1481 1716 1503 ex
1737 1470 1841 1513 parte

79 1526 221 1568 saltem,
256 1526 484 1560 satisfaceret
510 1537 529 1559 a
556 1525 674 1559 Bruno
700 1525 946 1568 significatae:
981 1524 1081 1566 Fore,
1113 1526 1154 1558 ut
1187 1536 1251 1569 per
1277 1535 1337 1558 eos
1364 1522 1651 1557 Centuriatorum
1680 1520 1842 1556 doctrina

86 1580 140 1622 ‚in
166 1582 329 1625 apertum
356 1579 586 1624 proderetur⁴⁴
616 1581 652 1612 et
678 1578 791 1612 solide
817 1578 1076 1612 confutaretur.
1128 1576 1293 1611 canisius
1319 1576 1412 1611 enim
1439 1576 1574 1620 grande
1600 1575 1689 1609 illud
1721 1574 1841 1617 „Com-

82 1632 339 1667 mentariorum
368 1633 411 1667 de
432 1631 539 1666 Verbi
566 1631 631 1665 Dei
658 1630 892 1676 corruptelis“
922 1642 1011 1676 opus
1037 1630 1212 1665 adversus
1239 1641 1300 1679 eos
1326 1630 1488 1664 editurus
1514 1631 1602 1664 erat.

84 1752 194 1789 882
220 1754 298 1788 sive
324 1763 439 1789 var.
460 1752 560 1798 (2).
634 1751 659 1788 l.
676 1751 761 1788 Maii
786 1751 879 1788 1565.

202 1829 256 1864 Ex
284 1829 491 1875 apographo
518 1829 678 1864 eiusdem
703 1828 885 1874 temporis.
936 1827 1020 1862 cod.
1052 1827 1192 1870 „Ger1n.
1220 1827 1285 1861 61“
1315 1827 1339 1861 f.
1367 1827 1463 1861 28712.

203 1902 242 1934 P.
275 1901 511 1934 Theodericus
541 1900 706 1934 Canisius
741 1903 855 1933 rector
888 1899 1107 1942 dilinyanus,
1145 1898 1229 1932 dum
1264 1898 1391 1931 Petrus
1418 1897 1586 1931 Cam'sius
1619 1896 1843 1940 praepositus

78 1955 316 1998 provincialis
346 1953 561 1987 Germaniae
585 1953 782 1996 superioris
808 1952 912 1995 abest,
940 1948 1286 1996 „vzfce227·ovv'ncialz's“
1312 1961 1457 1984 munere
1480 1951 1660 1994 fzmyitmn

205 2032 253 2074 P.
279 2032 459 2073 Ioannes
493 2032 543 2072 de
571 2031 768 2082 Polanco,
803 2030 1023 2071 Societatis
1054 2030 1316 2081 secretarius,
1351 2029 1487 2070 Roma
1522 2030 1559 2069 1.
1584 2028 1695 2069 Man·
1729 2028 1842 2068 1565

85 2097 253 2138 nomine
286 2098 328 2139 S.
354 2097 578 2137 Francisoi
609 2096 794 2151 Bor-fiae
825 2095 978 2136 vicarii
1014 2094 1226 2148 yeneralis
1258 2094 1476 2135 Societatis
1508 2093 1604 2134 Iesu
1638 2092 1687 2134 P.
1717 2092 1843 2133 Theo-

88 2162 229 2203 (lorico
254 2161 425 2202 Canisio
449 2162 500 2202 de
521 2161 658 2213 Petro,
692 2162 827 2215 ipsius
847 2159 988 2212 fratre
1015 2163 1050 2200 et
1069 2160 1312 2213 provinciae
1335 2159 1592 2199 Germaniae
1613 2157 1845 2211 superioris

86 2227 336 2281 praeposito,
370 2227 443 2280 qui
464 2227 641 2268 Romam
675 2226 734 2266 ad
757 2225 975 2267 Societatis
998 2225 1354 2279 conqreyatz'onem
1376 2224 1609 2278 yeneralem
1634 2221 1846 2276 profectus

91 2296 179 2333 erat
210 2290 285 2344 (ef.
319 2305 451 2345 supra
479 2305 523 2345 p.
550 2290 668 2343 731),
712 2291 904 2344 scripsit:
945 2288 1207 2341 Pregaremo
1243 2287 1286 2329 la
1319 2287 1464 2329 diuina
1503 2287 1635 2329 bonta
1667 2286 1737 2328 dia
1769 2299 1847 2327 sua

89 2354 245 2408 gratia,
288 2369 324 2404 e,
358 2354 509 2409 spirito
548 2356 573 2396 a
604 2354 657 2397 V.
682 2354 932 2396 Reuerenza
964 2366 1041 2407 per
1072 2366 1314 2405 gouernare
1346 2351 1644 2394 l'Vniuersita
1676 2352 1721 2393 et
1763 2350 1847 2392 col-

89 2420 203 2473 legio
245 2419 287 2461 di
319 2418 507 2472 Diliuga,
551 2421 595 2461 et
636 2418 772 2461 anche
812 2420 931 2461 tutta
972 2418 1015 2459 la
1048 2417 1276 2459 Prouincia
1307 2416 1350 2458 in
1383 2416 1575 2459 assentia
1608 2416 1676 2458 del
1709 2415 1849 2458 Padre

90 2483 374 2534 Prouinciale,
409 2498 529 2526 como
563 2484 771 2525 conuiene
803 2497 882 2537 per
912 2481 1112 2536 maggior
1144 2495 1220 2523 suo
1253 2481 1445 2532 seruitio,
1484 2495 1507 2523 e
1539 2481 1621 2523 ben
1654 2493 1847 2523 comune.

211 2570 244 2605 S.
272 2570 436 2612 Ignatius
462 2569 709 2610 constItuerat,
744 2570 785 2602 ut
819 2568 1013 2613 praeposit-i
1049 2566 1290 2612 provinciales
1324 2568 1367 2601 ad
1405 2568 1718 2611 congregationem
1745 2579 1851 2611 gene·

91 2623 202 2658 ralem
230 2622 541 2668 proficiscerentur
570 2622 726 2664 „relictis
754 2622 788 2654 in
815 2622 889 2655 suis
916 2620 1117 2655 Provinciis
1136 2620 1311 2655 Vica1·iis'‘
1336 2620 1636 2664 (Constitutiones
1654 2620 1689 2655 S.
1705 2621 1737 2656 J.
1757 2620 1796 2655 P.
1816 2621 1848 2662 8,

92 2689 122 2712 c.
149 2677 180 2719 5,
208 2688 240 2710 n.
269 2676 318 2718 3).

95 2796 204 2833 883
231 2797 309 2832 sive
338 2805 450 2831 var.
471 2795 570 2841 (3).
646 2794 693 2830 21.
713 2793 797 2830 Maii
823 2793 916 2829 1565.

212 2873 267 2907 Ex
293 2871 499 2917 apographo
525 2871 684 2905 eiusdem
710 2870 892 2916 temporis,
918 2871 1011 2914 quod
1040 2872 1158 2904 exstat
1183 2870 1316 2905 Romae
1345 2870 1379 2904 in
1405 2871 1551 2905 archivo
1569 2872 1746 2913 vaticano,
1766 2872 1852 2908 Cod.

99 2926 201 2968 ,Van
231 2925 475 2960 Politi0.115“
507 2924 531 2958 f.
559 2924 655 2958 293¹ae

213 2997 384 3030 Marinus
402 3001 430 3028 et
449 2995 729 3028 Guicciardnms
747 3005 767 3027 a
789 2994 852 3028 Γῐο
867 2995 931 3027 IV.
950 2995 991 3027 de
1009 2994 1171 3036 coniuyio
1189 2995 1408 3027 sacerdotium
1429 2995 1476 3027 acl
1493 2995 1786 3029 Maximilianum
1802 2997 1850 3030 II.

94 3050 210 3093 leyccti,
246 3050 427 3083 hominum
452 3049 643 3091 proborum
672 3053 700 3080 et
723 3049 880 3091 piorum,
915 3052 953 3080 ut
983 3047 1122 3080 Cani-sii
1147 3052 1176 3080 et
1207 3047 1390 3091 Cythardss
1427 3058 1531 3090 opera
1562 3049 1613 3081 nti
1641 3060 1662 3082 a
1688 3049 1852 3092 pontifice

94 3103 270 3136 iubentur.

218 3219 228 3239 ¹
254 3218 304 3252 De
332 3217 458 3252 Castro
487 3217 668 3261 (†1557);
697 3217 742 3251 cf.
770 3216 1056 3251 Admonitionem
1085 3218 1107 3251 f.
1132 3216 1188 3251 Kb.
