2045 3471
174 196 259 237 844
638 191 732 225 Mon.
752 190 820 226 903
846 189 924 225 sive
950 200 1025 224 var.
1048 188 1136 232 (23).
1175 188 1231 223 26.
1250 187 1340 222 Nov.
1362 187 1464 222 1566.

178 312 322 355 colleyz'a
348 310 536 344 mittendis.
588 309 640 341 De
665 319 812 341 numero
840 308 1024 340 Sociorum
1055 307 1095 339 in
1121 305 1272 347 colleyiis
1297 305 1517 338 alendorum.
1569 305 1622 337 De
1656 305 1782 338 litteris
1807 305 1939 338 annuis

174 375 251 398 cum
276 365 332 404 iis,
359 364 421 406 qui
445 363 556 396 latine
582 373 653 395 non
678 362 804 403 sciant,
831 360 1144 393 communicandis.
1195 359 1249 391 De
1275 357 1492 401 muneribus,
1518 368 1608 401 quae
1634 358 1682 390 ad
1706 358 1938 390 visitationem

174 418 473 451 monasteriorum
499 419 556 448 etc.
583 415 818 457 sinyulariter
841 416 1008 455 spectant,
1031 423 1098 455 per
1116 411 1239 444 Socios
1265 421 1335 444 non
1361 411 1670 443 administrandis.
1713 411 1765 444 De
1784 411 1939 454 pecunia

172 481 240 514 pro
268 470 488 503 noviciorum
512 468 763 500 sustentatione
786 466 984 509 pendenda.
1023 465 1076 498 De
1101 464 1250 497 vestibus
1270 464 1456 497 Sociorum
1473 464 1586 496 Roma
1605 465 1792 496 missorum
1811 464 1939 496 Herbi-

173 525 350 566 poliinque
374 521 626 554 mittendorum
651 520 850 562 harumque
870 520 998 561 pretio.
1034 518 1087 551 De
1106 517 1225 559 officio
1243 517 1374 550 Beatae
1391 518 1552 560 Viryinis
1569 528 1590 549 a
1610 517 1795 550 Societatis
1810 517 1938 557 fratri-

177 578 240 610 bus
265 575 447 609 recitando
474 584 662 617 eorumque
687 572 975 605 meditationibus
999 572 1123 604 sacris.
1157 571 1211 604 De
1236 571 1442 604 simoniacis
1467 571 1697 603 absolvendis.
1731 571 1784 603 De
1801 570 1940 603 casibus

177 631 417 664 conscientiae.
468 628 522 660 De
548 627 662 660 Sociis
686 626 836 659 Romam
869 625 1056 658 mittendis.
1110 625 1161 657 De
1196 624 1299 657 libris
1333 624 1599 667 tubingensibus·
1622 624 1662 656 in
1690 623 1940 667 „Confessione

176 677 467 725 Aunqnstinianff
495 679 644 712 breviter
670 678 880 720 refellendis.
917 678 971 710 De
993 677 1244 710 vacationibus.
1280 677 1333 710 De
1358 678 1499 709 ratione
1516 676 1673 709 adeundi
1698 676 1745 708 ad
1771 676 1938 709 convivia.

294 747 342 789 P.
378 747 665 799 Hieronymus
697 744 870 785 Natalis
906 744 1224 798 provinciarum
1263 743 1481 785 Societatis
1518 743 1862 796 yermanicarum
1904 746 1940 783 et

174 813 428 866 qallicarum
452 811 654 860 visitator,
689 823 779 850 cum
810 809 1029 863 provincia
1054 809 1313 850 Germaniae
1336 808 1568 862 superioris
1589 808 1760 849 visitata
1784 807 1939 848 Herbi-

172 877 301 932 polim
333 876 408 917 sub
442 879 654 917 exeuntem
685 889 739 916 m.
763 874 1034 915 Novembrem
1058 888 1097 917 a.
1122 875 1238 915 1566
1261 887 1348 914 una
1372 887 1463 914 cuni
1488 873 1658 914 Canisio
1683 872 1941 913 Germaniae

176 942 409 996 superioris
453 940 691 994 praeposito
734 939 991 993 prouinciali
1046 939 1223 980 venisset
1269 937 1325 989 (v.
1364 952 1499 992 supra
1544 952 1585 992 p.
1619 937 1739 991 694),
1784 936 1940 978 ibidem

175 1008 245 1048 26.
284 1005 530 1047 Nouembris
571 1005 687 1045 1566
731 1003 923 1057 CanisiO,
967 1008 1192 1058 antequam
1234 1003 1285 1044 ab
1337 1017 1381 1044 eo
1425 1002 1481 1043 ad
1521 1003 1661 1044 Socios
1698 1003 1940 1057 provinciae

181 1072 395 1112 rhenanae
426 1069 766 1124 trcmsmiqraret,
809 1069 932 1109 caria
959 1073 1187 1123 praecepta
1220 1066 1378 1120 (rebus,
1419 1072 1531 1122 puto,
1574 1069 1619 1108 in
1661 1069 1812 1109 itinere
1848 1081 1940 1108 cum

181 1149 222 1177 eo
255 1133 468 1190 expensis)
502 1134 617 1175 (ledit
640 1134 699 1174 acl
725 1134 990 1187 provinciam
1019 1134 1155 1187 ipsius
1177 1134 1438 1188 spectantia7·
1471 1147 1519 1174 ea:
1540 1133 1691 1187 quibus
1716 1133 1801 1185 illa,
1835 1146 1940 1186 quae

180 1201 237 1242 acl
282 1214 366 1241 rem
413 1200 667 1240 litterariam
712 1199 772 1240 vel
817 1199 875 1240 acl
919 1199 1163 1252 sinyularia
1207 1199 1376 1253 colleyiu
1419 1199 1642 1252 pertinent,
1687 1199 1733 1239 in
1773 1197 1940 1238 illorum

183 1263 350 1317 „Actis“
374 1265 498 1319 posui
530 1262 650 1314 (locis
685 1263 803 1316 infra
839 1263 1089 1315 notandis);
1121 1263 1194 1304 lioc
1227 1268 1365 1304 autem
1395 1264 1478 1304 loco
1513 1277 1559 1303 ea
1586 1276 1710 1317 pono,
1744 1276 1851 1316 quae
1881 1262 1942 1302 vel

181 1335 303 1371 totam
332 1329 610 1384 provinciam,
646 1330 703 1370 vel
736 1330 880 1370 saltem
914 1330 1042 1370 simul
1071 1329 1198 1382 plura
1233 1329 1324 1370 eius
1356 1328 1523 1381 colleqia
1556 1331 1765 1382 spectant:

299 1394 326 1446 ’ζ-
357 1394 529 1436 jhesus,
583 1393 701 1442 Quae
734 1393 844 1436 dixit
876 1393 1009 1436 Pater
1041 1393 1215 1436 Natalis
1252 1393 1478 1447 Herbipoli
1519 1392 1641 1434 Patri
1681 1390 1939 1444 Prouincialj

184 1461 237 1502 26
262 1458 522 1501 Nouembris
558 1460 683 1501 1566.

300 1524 534 1576 Postquam
559 1537 614 1565 ex
636 1524 753 1565 Vrbe
786 1523 994 1577 scriptum
1028 1527 1107 1573 est,
1142 1538 1354 1566 summum
1379 1522 1631 1565 Pontificem
1662 1521 1940 1564 restrinxisse

184 1591 377 1631 nostram
410 1589 666 1630 facultatem
699 1588 951 1630 absoluendi
983 1589 1178 1643 relapsos
1218 1588 1262 1630 in
1303 1588 1531 1639 haeresim,
1573 1586 1775 1629 monendi
1815 1589 1942 1629 erunt

185 1654 434 1708 confessarij
469 1667 523 1695 ne
555 1654 841 1696 absoluantlz
866 1654 941 1695 sed
974 1656 1120 1696 tamen
1153 1654 1270 1695 nullo
1308 1656 1436 1707 pacto
1470 1652 1652 1706 relapsis
1684 1651 1941 1705 significent,

184 1733 257 1761 eos
289 1721 520 1773 propterea
553 1719 666 1771 quod
698 1718 859 1772 relapsi
891 1721 1005 1769 sunt,
1049 1733 1134 1760 non
1167 1718 1346 1769 absolui,
1390 1719 1572 1760 Jnterea
1613 1717 1825 1759 scribetur
1856 1716 1943 1757 Ro-

184 1798 296 1825 mam
330 1783 561 1836 diligenter
574 1785 603 1825 2.

300 1848 400 1890 Non
432 1848 591 1890 debent
622 1848 709 1902 legi
731 1848 914 1902 singulis
937 1848 1156 1890 mensibus
1179 1848 1524 1894 constitutiones,
1558 1861 1637 1888 nec
1659 1846 1701 1888 id
1725 1845 1944 1899 colligitur

183 1927 238 1955 ex
269 1914 352 1954 fine
376 1913 730 1956 constitutionum
745 1914 774 1963 3,
807 1913 882 1955 sed
905 1913 1116 1966 legendae
1138 1916 1238 1955 sunt
1268 1913 1368 1955 illae
1391 1912 1572 1966 singulis
1592 1911 1811 1953 mensibus
1833 1924 1943 1964 quae

183 1979 238 2020 ad
270 1992 416 2020 omnes
450 1978 651 2027 attinent,
696 1992 807 2031 quae
839 1978 1050 2033 incipiunt
1083 1993 1251 2021 summa
1282 1977 1538 2032 sapientia&
1603 1977 1720 2027 Quae
1752 1990 1854 2018 uero
1887 1975 1942 2017 ad

183 2043 375 2096 singulos
407 2043 730 2096 particulariter
762 2043 965 2093 attinent,
999 2044 1107 2086 satis
1130 2043 1213 2085 erit
1235 2043 1271 2084 si
1294 2057 1368 2085 eas
1390 2042 1548 2095 singuli
1581 2041 1762 2095 singulis
1783 2039 1941 2082 mensi-

183 2108 260 2149 bus
292 2108 454 2160 legant.
501 2109 564 2149 De
595 2108 662 2149 his
685 2122 795 2161 quae
818 2109 872 2150 ad
896 2108 1079 2162 collegia
1102 2108 1292 2150 attinent
1314 2107 1593 2150 constituitur
1615 2107 1731 2149 clare
1754 2105 1880 2148 vlti‘?a
1902 2104 1939 2157 ἓ.

188 2175 251 2215 10.
277 2187 370 2226 cap.
404 2176 475 2215 430
498 2187 589 2226 par.
624 2174 770 2215 Decla.
797 2171 870 2228 [L]
887 2175 914 2216 ⁵.

301 2247 329 2279 a)
351 2247 415 2278 Sic,·
434 2247 615 2271 scribendum
636 2247 696 2278 fuit
717 2246 799 2272 Vlti.a

302 2329 312 2348 ¹
338 2328 477 2362 Monuit
503 2340 563 2362 eos
590 2329 775 2370 Canisius;
803 2341 837 2363 v.
857 2340 965 2374 supra
991 2341 1024 2374 p.
1044 2329 1123 2363 361.

300 2381 312 2401 ²
338 2381 384 2414 Et
418 2381 610 2416 cardinalis
640 2382 859 2424 Tmehsess,
895 2386 930 2416 et
964 2382 1126 2423 Natalis,
1163 2384 1200 2416 et
1235 2381 1399 2416 canisius
1434 2382 1675 2427 scripserunt;
1716 2381 1798 2415 vide
1832 2391 1941 2425 supra

182 2445 216 2477 p.
236 2434 423 2468 343—344
450 2435 514 2468 361
545 2435 625 2468 397.

300 2488 312 2507 3
338 2487 376 2520 In
407 2487 702 2521 Constitutionum
729 2487 920 2522 societatis
946 2490 1047 2533 parte
1073 2490 1265 2533 postrema,
1296 2499 1444 2522 numero
1470 2487 1597 2521 ultimo
1623 2487 1852 2532 praecipitur,
1881 2488 1942 2528 „ut

182 2538 323 2572 demum
346 2551 467 2573 omnes
494 2540 733 2574 observationi
752 2540 1055 2575 constitutionum
1082 2541 1271 2576 studeant:
1299 2541 1342 2574 ad
1369 2552 1487 2585 quam,
1515 2541 1656 2574 easdem
1683 2541 1784 2581 scire,
1812 2539 1941 2573 saltem

183 2602 273 2634 quae
299 2592 343 2625 ad
370 2592 565 2636 quemlibet
591 2593 779 2637 pertinent,
807 2605 954 2628 necesse
981 2596 1046 2628 est.
1096 2592 1212 2634 Quare
1239 2594 1360 2637 legere
1387 2594 1445 2628 vel
1471 2594 1594 2628 audire
1620 2593 1762 2628 easdem
1787 2592 1940 2636 singulis

187 2644 369 2678 mensibus
396 2646 613 2689 0p01·tebit“:
641 2647 680 2681 P.
699 2646 742 2681 X.
769 2659 803 2681 n.
826 2647 879 2681 13.

302 2699 315 2717 4
341 2697 476 2742 Corpus
502 2698 589 2732 illud
615 2700 693 2733 sive
714 2700 859 2733 brevem
879 2711 1055 2734 summam
1075 2699 1390 2741 Constitutionum,
1416 2711 1508 2743 quae
1526 2699 1698 2744 inscripta
1716 2701 1790 2733 est:
1820 2698 1940 2741 „Sum-

184 2749 334 2783 marium
362 2750 676 2793 Constitutionum,
712 2764 804 2796 quae
838 2752 881 2786 ad
908 2752 1132 2797 spiritualem
1157 2755 1359 2787 nostrorum
1385 2753 1648 2787 institutionem
1677 2752 1869 2797 pertinent,
1904 2754 1939 2785 et

185 2801 228 2833 ab
255 2802 416 2836 omnibus
443 2803 687 2838 observandae
713 2806 830 2846 sunt⁴‘‚
867 2817 1038 2839 excusum
1066 2808 1121 2839 est
1155 2817 1281 2850 saepe;
1318 2810 1359 2839 ut
1392 2805 1427 2839 in
1453 2806 1618 2839 Instituto
1645 2805 1678 2839 S.
1699 2805 1731 2839 J.
1760 2804 1809 2837 llI
1836 2804 1938 2838 3-9.

304 2855 316 2873 ⁵
345 2855 657 2896 „Constitutiones
694 2868 784 2900 quae
810 2858 853 2891 ad
883 2858 1042 2900 Collegia
1067 2859 1259 2902 pertinent,
1294 2869 1454 2892 seorsum
1481 2859 1606 2898 teneri,
1642 2861 1678 2892 et
1712 2857 1853 2902 publice
1884 2856 1939 2890 bis

186 2908 247 2938 aut
272 2908 324 2939 ter
350 2908 501 2950 singulis
520 2910 622 2943 annis
647 2909 719 2952 legi
737 2911 925 2954 possent“:
956 2912 1228 2945 Constitutiones
1253 2910 1286 2945 S.
1303 2911 1335 2946 J.
1363 2911 1402 2945 P.
1420 2913 1452 2949 4.
1480 2922 1508 2945 e.
1531 2911 1583 2951 10,
1611 2911 1648 2944 L.
1693 2912 1793 2944 Anno
1819 2911 1938 2943 autem

189 2959 277 2992 1565
304 2961 458 2993 secunda
477 2960 666 2996 societatis
689 2962 917 3006 Con91·e9at¹io
939 2964 1119 3006 generalis
1145 2965 1450 3008 pronuntiaverat,
1476 2964 1543 2998 hoc
1567 2965 1644 2998 loco
1667 2963 1768 3005 „illas
1786 2961 1939 3005 intelligi

188 3009 467 3046 Constitutiones
501 3025 579 3047 esse
614 3014 796 3057 legendas,
832 3027 923 3058 quae
958 3018 1042 3050 sunt
1076 3018 1239 3060 propriae
1265 3016 1566 3051 Scholasticorum
1593 3019 1821 3050 nostrorum:
1855 3014 1939 3048 illae

188 3073 272 3095 vero
299 3074 377 3096 eum
404 3065 653 3100 contineantur
677 3067 713 3100 in
739 3067 875 3110 regulis
902 3068 1214 3110 Scholasticorum,
1249 3069 1290 3103 fit
1317 3072 1355 3103 ut
1388 3069 1472 3103 illae
1497 3069 1643 3112 regulae
1669 3069 1741 3103 sint
1765 3068 1938 3111 legendae

188 3114 327 3157 publice
353 3116 407 3150 bis
433 3120 495 3150 aut
520 3120 574 3151 ter
599 3119 752 3161 singulis
778 3120 897 3160 annis;
934 3132 994 3154 eas
1021 3123 1139 3154 autem
1176 3122 1313 3155 curabit
1340 3122 1378 3156 P.
1399 3121 1595 3163 Generalis,
1631 3122 1661 3155 si
1696 3132 1784 3165 opus
1818 3119 1938 3161 fuerit,

192 3168 472 3203 emendandas“:
499 3169 601 3204 Deer.
621 3172 665 3205 66
693 3172 912 3213 (Institutum
939 3172 973 3206 S.
993 3173 1025 3206 J.
1044 3173 1078 3206 ΙΙ
1104 3174 1198 3215 208).
