2077 3461
259 192 319 221 LII

304 310 390 344 1566

304 421 392 456 1566
435 428 436 431 ’

304 533 394 567 1566
436 499 437 510 ¹

307 692 396 727 1566

309 852 398 886 1566
441 841 442 872 1

310 958 399 993 1566
442 946 443 955 ¹

312 1066 400 1099 1566

313 1170 401 1205 1566
444 1168 445 1172 ¹

314 1276 403 1310 1566
445 1252 446 1257 ¹

317 1382 405 1416 1566
448 1432 449 1435 Ἴ

309 1514 418 1555 1566
471 1512 628 1555 Martio
646 1512 821 1552 ineunte

521 1578 590 1619 vel
623 1575 774 1617 medio.

324 1790 412 1825 1566
454 1757 455 1769 ¹

324 1903 414 1937 1566
456 1945 457 1960 χ

327 2061 416 2096 1566

328 2167 418 2203 1566

329 2273 419 2308 1566
461 2237 463 2324 1

331 2380 421 2414 1566
463 2337 464 2372 l

334 2486 423 2520 1566
464 2463 466 2521 ὲ

337 2592 424 2626 1566

338 2698 429 2733 1566

314 2780 430 2837 '1566

344 2960 433 2995 1566

347 3119 436 3154 1566
477 3106 480 3176 1

480 3177 481 3208 l

710 190 771 224 111.
799 190 956 225 Tabulae
983 190 1251 234 chronologicae
1278 190 1374 224 vitae
1402 189 1545 224 Canisii.

548 308 653 343 Mart.
678 308 709 342 3.

549 420 655 454 Mart.
679 421 711 454 4.
743 422 746 423 ’

551 532 655 566 Mart.
680 531 712 565 6.

553 692 659 726 Mart.
683 692 714 725 6.

556 852 659 885 Mart.
685 852 715 883 7.

556 957 661 990 Mart.
686 955 717 989 8.

557 1063 662 1096 Mart.
688 1062 719 1095 8.

560 1169 663 1202 Mart.
689 1167 720 1201 9.

553 1276 657 1310 Mart.
681 1274 733 1308 10.

554 1383 660 1416 Mart.
680 1381 734 1414 11.

542 1790 634 1822 inter
660 1787 692 1821 8.
720 1789 755 1820 et

560 1842 614 1876 17.
641 1841 745 1874 Mart.

563 1902 667 1935 Mart.
691 1900 743 1934 13.

565 2060 671 2094 Mart.
693 2059 745 2092 15.

567 2166 671 2199 Mart.
694 2165 747 2198 15.

563 2272 664 2306 Febr.
683 2290 727 2293 —
739 2271 757 2303 s?

570 2378 675 2412 Mart.
697 2377 749 2410 17.

572 2485 678 2518 Mart.
700 2482 752 2516 18.

543 2591 636 2625 inter
664 2590 718 2624 16.
746 2590 781 2622 et

571 2644 626 2678 23.
653 2643 759 2676 Mart.

576 2697 684 2730 Mart.
702 2695 757 2730 20.

579 2803 683 2836 Mart.
703 2801 759 2835 21.

582 2961 686 2993 Mart.
707 2960 760 2993 22.

584 3118 688 3152 Mart.
708 3117 762 3151 24.

842 308 943 342 Dom.
964 308 988 342 Ι.
1008 308 1137 349 Quadr.
1158 309 1192 341 in
1217 306 1369 340 ecclesia
1387 306 1584 341 cathedrali
1611 306 1652 340 de
1678 306 1814 340 ratione
1840 305 2011 350 temporis

902 361 995 395 sacri
1022 361 1108 395 dicit
1134 362 1241 403 atque
1268 359 1390 393 ieiunii
1417 361 1647 404 praeceptum
1671 359 1830 393 defendit
1851 359 1964 402 (563).

845 420 880 454 F.
900 420 943 453 11.
963 420 998 453 in
1024 419 1157 463 templo
1185 418 1217 452 S
1238 418 1379 452 Ioannis
1406 418 1448 451 de
1475 418 1619 452 exordio
1646 417 1816 462 epistolae
1842 418 1875 452 S.
1895 417 2013 452 Iacobi

904 473 990 506 dicit
1019 472 1132 515 (563).

846 533 882 566 F.
902 532 962 566 IV.
989 531 1118 565 ibidem
1154 542 1199 564 ex
1225 530 1283 564 lac
1313 531 1341 569 1,
1368 530 1461 564 2-6
1494 530 1720 573 gaudendum
1756 541 1834 564 esse
1860 530 1895 563 in
1922 529 2014 563 cala-

905 584 1103 621 mitatibus,
1129 585 1165 617 et
1191 583 1404 628 sapientiam
1424 594 1444 617 a
1463 582 1536 617 Deo
1554 583 1744 628 petendam
1770 595 1849 617 esse
1875 583 2015 616 demon-

906 640 999 671 strat
1025 637 1139 680 (563).

848 691 917 725 PP.
944 690 1110 724 Natalem
1138 692 1173 723 et
1200 689 1421 730 Ledesmam,
1456 689 1569 723 Roma
1604 689 1648 723 ad
1674 689 1890 723 cardinalem
1918 688 2017 723 Com-

906 744 1120 777 mendonum
1146 743 1286 784 missos,
1320 745 1416 776 tecto
1450 743 1594 788 recipit3
1632 742 1848 777 cardinalem
1883 742 1958 777 adit
1983 745 2019 776 et

908 797 950 829 de
976 796 1117 829 illorum
1145 795 1302 829 adventu
1328 795 1516 829 certiorem
1542 795 1631 830 facit
1658 795 1772 838 (577).

850 850 919 883 PP.
938 849 1090 889 Natalis,
1109 849 1294 889 Ledesma,
1313 848 1351 882 C.
1369 848 1462 893 apud
1482 848 1697 882 cardinalem
1718 848 2020 882 Commendonum

908 903 1086 947 prandent
1116 902 1160 936 ab
1187 913 1298 945 eoque
1325 901 1552 935 familiariter
1577 901 1754 936 habentur
1783 901 1892 945 (577).

850 956 887 990 F.
907 955 968 989 Vl.
995 955 1032 989 O.
1060 956 1095 988 in
1130 955 1262 999 templo
1290 954 1323 989 S.
1344 954 1486 989 Ioannis
1522 955 1565 988 de
1597 955 1655 989 Iac
1682 955 1710 995 1,
1739 955 1855 989 8—12
1891 954 2020 989 contio-

908 1011 1015 1042 natur
1044 1008 1158 1051 (563).

852 1061 921 1096 PP.
948 1061 1099 1101 Natalis,
1134 1061 1317 1102 Ledesma,
1354 1060 1391 1094 C.
1419 1060 1511 1105 apud
1539 1060 1666 1094 Biliam
1694 1060 1856 1095 nuntium
1883 1062 2023 1105 aposto-

911 1114 1014 1148 licam
1043 1114 1220 1159 prandent
1244 1114 1288 1147 ab
1315 1125 1427 1157 eoque
1445 1113 1670 1147 familiariter
1686 1116 1890 1148 tractantur
1911 1114 2022 1157 (577).

857 1169 924 1202 PF.
944 1167 1094 1208 Natalis,
1122 1167 1304 1208 Ledesma,
1333 1167 1370 1201 C.
1389 1167 1482 1211 apud
1501 1167 1749 1201 Perrenotium
1775 1168 1871 1211 regis
1897 1168 2023 1212 Hispa-

913 1223 992 1255 niae
1019 1223 1194 1254 oratorem
1222 1221 1399 1264 prandent
1427 1219 1658 1263 (577—578).

856 1276 956 1309 Dom.
985 1274 1027 1308 II.
1055 1273 1186 1314 Quadr.
1222 1274 1259 1308 C.
1294 1274 1330 1306 in
1369 1273 1521 1307 ecclesia
1556 1272 1752 1307 cathedrali
1789 1274 1831 1308 de
1866 1274 2025 1308 oratione

915 1328 1141 1361 contionatur
1169 1327 1282 1370 (563).

857 1383 894 1416 F.
916 1382 957 1414 ll.
985 1383 1019 1414 in
1046 1379 1179 1425 templo
1206 1380 1238 1413 S.
1260 1379 1401 1413 Ioannis
1434 1391 1479 1412 ex
1506 1379 1565 1413 130
1588 1380 1616 1419 1,
1639 1380 1680 1413 12
1707 1380 1749 1413 de
1776 1391 1903 1414 corona
1931 1380 2027 1414 vitae

918 1433 1137 1479 patientibus
1164 1433 1340 1477 promissa
1367 1432 1452 1466 dicit
1481 1432 1594 1476 (564).

861 1510 1100 1553 Cardinalis
1129 1510 1340 1560 Amulius,
1375 1523 1484 1563 quae
1517 1510 1559 1552 C.
1595 1524 1650 1551 ex
1680 1509 1898 1562 legatione
1930 1523 2028 1562 ger-

920 1575 1090 1617 manica
1123 1575 1177 1617 ad
1209 1575 1347 1629 ipsum
1390 1574 1573 1625 rettulit,
1616 1574 1902 1617 communicat
1934 1588 2030 1616 cum

923 1640 998 1682 Pio
1033 1641 1107 1689 V.;
1142 1639 1213 1692 qui
1246 1639 1403 1681 Canisii
1437 1639 1616 1682 consilia
1647 1640 1803 1694 probat
1836 1641 1880 1681 et
1911 1639 2032 1692 sequi

922 1705 1078 1748 statuit
1109 1704 1245 1757 (205).

865 1787 933 1820 PP.
953 1786 1093 1820 Natalis
1121 1788 1156 1819 et
1180 1785 1217 1820 C.
1238 1785 1423 1819 Danielem
1450 1785 1602 1820 Brendel
1628 1785 1935 1830 archiepiscopum
1961 1796 2032 1818 mo-

924 1839 1114 1883 guntinum
1140 1839 1302 1872 invisunt
1331 1839 1443 1881 (578).

865 1899 902 1933 F.
930 1898 990 1932 IV.
1017 1897 1052 1931 in
1079 1897 1212 1942 templo
1239 1898 1273 1932 S.
1301 1897 1443 1931 Ioannis
1471 1897 1556 1931 Can.
1585 1897 1645 1936 (ex
1677 1897 1736 1931 Iac
1763 1898 1791 1938 1,
1821 1897 1956 1931 13—15
1990 1897 2033 1930 de

929 1951 1206 1993 „tentationibus
1241 1951 1488 1985 interioribus“
1527 1953 1562 1984 et
1597 1950 1639 1983 de
1674 1950 1832 1995 peccatis
1862 1949 2034 1993 gravibus

926 2004 1148 2048 levibusque,
1176 2007 1214 2037 ut
1241 2004 1399 2046 videtur)
1428 2004 1514 2037 dicit
1541 2004 1654 2046 (564).

867 2059 903 2092 F.
924 2057 983 2091 VI.
1011 2057 1046 2090 in
1072 2056 1205 2101 templo
1232 2056 1266 2090 S.
1284 2057 1426 2090 Ioannis
1455 2057 1516 2100 (ex
1542 2056 1601 2090 130
1627 2059 1656 2098 1,
1687 2057 1727 2090 15
1763 2056 1805 2089 de
1831 2055 2036 2089 tentationi-

927 2111 993 2145 bus
1019 2110 1246 2154 superandis)
1273 2109 1359 2143 dicit
1388 2110 1502 2152 (564).

868 2164 938 2198 PP.
967 2163 1106 2196 Natalis
1142 2166 1177 2196 et
1213 2163 1249 2197 C.
1282 2163 1374 2207 apud
1403 2161 1595 2205 Georgium
1622 2162 1825 2204 Fuggerum
1861 2161 2038 2206 prandent

932 2216 1043 2259 (578).

872 2269 1072 2304 Cardinalis
1099 2268 1383 2302 Commendonus
1418 2269 1453 2301 in
1488 2267 1639 2301 ecclesia
1671 2267 1869 2301 cathedrali
1896 2258 2038 2301 Canisio

930 2322 1048 2367 palam
1075 2323 1222 2366 peccata
1248 2321 1436 2354 confitetur
1462 2320 1576 2363 (578).

874 2376 972 2409 Dom.
1002 2375 1062 2408 111.
1090 2374 1222 2415 Quadr.
1250 2374 1286 2407 C.
1314 2375 1349 2407 in
1375 2373 1527 2407 ecclesia
1559 2373 1754 2407 cathedrali
1792 2373 1833 2406 de
1863 2372 2040 2417 „peccatis

933 2430 967 2462 111
995 2428 1166 2472 Spiritum
1193 2427 1381 2461 Sanctum“
1412 2427 1636 2460 contionatur
1668 2426 1780 2468 (564).

875 2483 912 2516 F.
940 2482 983 2515 11.
1010 2481 1046 2514 111
1080 2481 1212 2524 templo
1246 2479 1279 2514 S.
1306 2480 1449 2514 Ioannis
1485 2491 1529 2513 ex
1563 2480 1622 2513 Iac
1652 2481 1679 2521 1,
1710 2480 1750 2513 17
1777 2479 1819 2513 de
1846 2478 1910 2512 Dei
1945 2478 2040 2512 boni—

934 2537 1009 2568 tate
1036 2533 1260 2567 contionatur
1287 2533 1400 2575 (564).

878 2588 947 2622 PP.
966 2586 1106 2621 Natalis
1133 2589 1168 2620 et
1195 2586 1230 2619 C.
1259 2585 1420 2625 Eckium,
1448 2585 1624 2619 Bavariae
1650 2585 1750 2619 ducis
1777 2584 2042 2624 cancellarium,

937 2640 1099 2674 invisunt
1128 2639 1212 2681 (579
1239 2639 1336 2682 717).

880 2695 916 2728 F.
943 2692 1003 2726 IV.
1032 2692 1068 2726 C.
1104 2692 1139 2725 in
1174 2692 1307 2736 templo
1343 2691 1375 2725 S.
1404 2691 1544 2725 loannis
1580 2691 1622 2724 de
1661 2690 1947 2732 „traditionibus“
1989 2689 2045 2732 (ut

939 2746 1096 2788 videtur)
1126 2746 1213 2778 dicit
1247 2747 1282 2778 et
1312 2745 1371 2778 Iac
1400 2745 1428 2785 1,
1460 2744 1594 2778 18—20
1629 2743 1786 2787 explicat
1814 2742 2044 2785 (564—565).

882 2801 919 2834 F.
941 2799 980 2833 V.
1008 2799 1042 2832 in
1069 2798 1220 2832 ecclesia
1247 2797 1280 2831 S.
1310 2798 1524 2831 Gathar-inae
1553 2796 1773 2839 (monialium
1799 2795 2044 2830 Dominicana-

941 2854 1034 2895 rum)
1063 2852 1106 2885 ad
1133 2851 1285 2884 feminas
1321 2850 1458 2884 nobiles
1492 2861 1572 2883 cum
1607 2849 1832 2893 imperatrice
1859 2846 2045 2882 versantes

942 2905 1029 2939 dicit
1054 2904 1096 2938 de
1123 2905 1199 2937 vita
1226 2904 1445 2937 emendanda
1474 2903 1557 2945 (559
1584 2903 1651 2936 565
1678 2902 1775 2944 570).

884 2960 920 2993 F.
940 2958 1000 2992 VI.
1028 2958 1063 2991 in
1089 2957 1222 3001 templo
1250 2956 1283 2991 S.
1303 2956 1444 2990 Ioannis
1471 2967 1515 2988 ex
1540 2955 1598 2988 Iac
1620 2955 1649 2995 1,
1672 2955 1804 2988 19-21
1834 2953 2046 2987 emendatio-

940 3014 1023 3044 ’110111
1052 3010 1147 3044 vitae
1173 3009 1398 3043 commendat
1423 3011 1467 3049 et,
1504 3018 1592 3051 quos
1618 3007 1661 3040 de
1686 3006 1794 3040 verbo
1821 3005 1884 3039 Dei
1911 3017 2047 3039 errores

949 3062 1239 3105 „neochristiani“
1270 3060 1510 3099 disseminent,
1540 3059 1696 3093 ostendit
1725 3057 1836 3102 (565).

887 3116 985 3150 Dom.
1007 3116 1067 3149 lV.
1094 3114 1224 3156 Quadr.
1252 3115 1287 3147 111
1321 3113 1472 3147 00010313
1506 3112 1713 3152 cathedrali,
1749 3111 1833 3155 quid
1858 3112 1906 3145 sit
1931 3111 2050 3155 paeni-

945 3169 1068 3209 tentia,
1097 3170 1132 3201 et
1158 3179 1219 3200 cur
1245 3167 1385 3211 semper
1411 3165 1549 3208 agenda
1574 3165 1632 3206 sit,
1659 3165 1744 3198 dicit
1771 3163 1854 3207 (565
1882 3164 1978 3207 570).
