2045 3471
444 197 538 231 Mon.
558 197 626 232 705
653 196 731 231 sive
757 195 816 230 dil.
840 195 906 239 (9).
945 195 976 228 A
1003 195 1036 230 d.
1054 195 1086 229 2.
1106 195 1149 229 ad
1172 196 1204 229 4.
1224 194 1314 229 Nov.
1335 194 1438 228 1565.
1744 194 1825 234 607

63 314 136 356 fiat,
163 317 271 358 atque
297 313 363 348 hoc
389 315 529 349 nomine
555 313 716 348 redditus
742 313 975 359 accipiantur.
1027 313 1081 347 Ex
1117 312 1342 347 eleemosinis
1369 311 1493 345 viuere
1519 311 1613 356 apud
1640 320 1830 354 germanos

63 371 219 407 tenaces,
254 369 290 401 et
315 368 350 401 in
386 367 502 401 medio
528 367 800 406 haereticorum,
834 378 904 400 non
931 366 1137 400 fauentibus
1163 364 1431 399 Ecclesiasticis
1467 366 1502 398 et
1527 363 1716 406 religiosis,
1752 373 1828 407 per-

64 431 171 464 quam
198 419 342 454 difficile
368 420 523 454 videtur.

183 472 385 507 Cardinalis
412 474 647 516 Augustanus
679 474 716 506 et
742 471 906 506 Canisius
943 471 987 506 iis
1023 471 1147 505 diebus
1183 471 1276 505 inter
1311 482 1349 504 se
1387 470 1506 510 etiam,
1540 470 1571 504 si
1602 481 1672 503 non
1698 469 1829 502 tracta—

64 527 204 567 verunt,
231 527 328 560 certe
353 537 553 560 sermonem
580 525 736 569 aliquem
763 524 990 558 contulerunt
1016 524 1058 558 de
1078 523 1362 563 difficultatibus,
1389 534 1479 567 quas
1505 521 1711 557 cathedrale
1737 520 1831 565 capi·

65 578 179 612 tulum
206 580 449 622 augustanum
475 577 648 612 cardinali
674 580 879 622 paraverat,
905 589 986 611 cum
1012 577 1043 611 is
1076 579 1214 611 aestate
1241 588 1272 611 a.
1299 576 1388 610 1565
1416 587 1436 609 a
1463 575 1643 610 canonicis
1668 574 1830 620 petisset.

64 634 104 666 ut
122 631 293 666 Societati
319 634 355 666 et
373 634 558 675 Augustae
584 632 620 665 et
644 630 812 673 Dilingae
838 630 1074 664 stabiliendae
1101 629 1364 664 assentirentur
1391 628 1489 672 (vide
1522 639 1632 673 supra
1664 640 1696 672 p.
1716 627 1760 661 73
1788 627 1831 661 75

65 687 101 718 et
129 685 253 728 Specht
278 684 301 718 l.
328 695 358 719 c.
385 685 449 722 62;
487 684 531 718 cf.
559 683 668 717 etiam
694 684 901 726 Ayrz'colam
926 683 949 716 l.
977 694 1006 717 c.
1034 682 1116 716 Dec.
1144 683 1176 723 3,
1202 694 1236 716 n.
1266 681 1362 725 136).
1412 680 1489 722 Qui.
1525 683 1564 715 ut
1596 681 1832 714 Theodoricus

70 738 236 771 Cani-sius
253 737 398 780 Dilinga
418 738 471 771 11.
488 736 655 776 Octobris
672 736 760 770 1565
780 735 933 779 Borgiae
958 735 1142 780 ÷scripsit‚
1173 735 1338 777 „tandem
1357 734 1400 768 22
1420 734 1640 779 Septembris
1656 733 1831 777 scriptum

65 790 155 825 satis
180 790 390 835 probrosum
417 793 452 824 et
474 789 742 834 inexpectatum
769 789 931 833 responsi
958 788 1034 822 loco
1061 788 1325 822 obtulerunt...
1342 815 1349 822 .
1385 788 1542 832 Accepto
1568 787 1635 821 hoc
1660 797 1831 830 responso

64 843 178 878 voluit
195 843 531 877 Reuerendissimus
549 844 591 876 vt
615 853 679 876 nos
706 842 749 875 ad
775 853 818 875 ea
844 853 936 886 quae
962 844 1085 875 contra
1103 842 1312 875 societatem
1338 841 1477 875 obiecta
1496 842 1628 881 essent,
1654 839 1832 884 explicato

66 897 164 942 prius
190 897 396 930 summatim
423 895 589 930 instituto
614 897 736 929 nostro
761 895 1069 939 responderemus,
1097 895 1184 940 Jpse
1211 894 1255 929 ad
1274 894 1345 928 alia
1363 894 1607 938 responderet.
1641 892 1832 926 Paruimus

65 952 102 984 et
126 949 356 983 satisfactum
381 950 436 982 est
462 948 786 982 Reuerendissimo.
838 947 984 982 Fuimus
1009 951 1129 981 autem
1166 958 1207 981 ea
1232 948 1268 980 in
1294 959 1332 981 re
1358 947 1471 981 adiuti
1498 945 1832 981 Constitutionibus.

66 1002 328 1047 Diplomatibus
354 1001 581 1046 Apostolicis,
617 1001 814 1046 Responsis
849 1001 892 1034 ad
927 1000 1098 1034 articulos
1134 1000 1374 1045 parisienses¹
1410 1003 1445 1034 et
1474 1000 1509 1034 id
1536 1010 1649 1043 genus
1675 997 1831 1043 scriptis.

66 1067 158 1100 quae
183 1055 276 1089 forte
301 1055 346 1089 ad
371 1066 517 1088 manum
535 1057 647 1088 erant.
690 1054 744 1088 Ad
771 1054 864 1088 hanc
889 1053 1156 1098 responsionem
1183 1056 1340 1087 nostram
1368 1065 1437 1087 non
1463 1053 1684 1098 replicarunt
1709 1055 1832 1086 contra

67 1109 282 1143 Societatem
309 1107 499 1142 Canonici“
531 1108 591 1150 (ex
618 1109 777 1150 autogr.;
810 1107 872 1149 „G.
899 1107 963 1152 Ep.
982 1107 1052 1140 VI“
1082 1107 1105 1141 f.
1134 1108 1222 1150 95³).

185 1161 376 1196 Societatis
394 1160 615 1204 *Responsio
640 1160 705 1194 illa
725 1160 800 1204 (vel
818 1159 1026 1205 archetypa,
1054 1160 1112 1193 vel
1131 1160 1254 1193 eodem
1281 1160 1356 1193 fere
1382 1162 1542 1204 tempore
1569 1170 1613 1192 ex
1636 1158 1833 1202 archetypo

67 1215 265 1259 exscripta)
294 1217 416 1248 exstat
441 1213 621 1248 Monachii
647 1213 682 1247 in
710 1213 856 1247 archivo
883 1213 985 1255 regni
1015 1212 1186 1253 bavarici,
1223 1212 1306 1247 Cod.
1338 1212 1553 1256 „Augsburg
1578 1211 1764 1246 Hochstift
1788 1210 1832 1251 ΙΙ,

68 1268 105 1302 G.
132 1270 162 1309 5,
189 1280 223 1302 n.
251 1268 315 1302 91²
345 1268 369 1302 f.
399 1267 594 1301 125—132.
646 1267 700 1300 Ex
737 1278 807 1310 qua
834 1267 956 1310 aliqua
981 1266 1040 1300 hic
1065 1277 1196 1311 ponere
1223 1277 1350 1310 operae
1387 1266 1541 1310 pretium
1576 1265 1705 1299 fuerit:
1747 1263 1832 1306 ,Re-

66 1321 320 1367 spondebimus
346 1332 439 1354 nunc
465 1321 622 1355 breuiter
641 1320 684 1353 ad
704 1320 876 1364 quasdam
895 1323 1020 1353 contra
1037 1319 1262 1358 Societatem,
1290 1330 1381 1363 quae
1399 1319 1565 1362 Dilingae
1593 1321 1628 1351 et
1645 1318 1833 1360 Augustae

67 1377 133 1415 est,
160 1386 180 1408 a
205 1373 385 1408 nonnullis
419 1374 537 1408 factas
572 1373 799 1408 obiectiones.
851 1373 897 1407 Et
932 1372 1085 1417 primum
1111 1372 1199 1406 illud
1232 1375 1298 1414 est,
1334 1372 1426 1416 quod
1453 1374 1598 1417 propter
1622 1373 1832 1415 usurpatam

67 1440 87 1462 a
106 1428 284 1462 Societate
302 1427 614 1462 Sacramentorum
632 1426 979 1461 administrationem
998 1426 1033 1459 in
1051 1437 1190 1459 summo
1206 1425 1417 1469 Augustano
1435 1425 1568 1470 templo
1587 1424 1834 1459 contentiones

67 1482 210 1525 aliquae
245 1484 330 1515 sunt
364 1483 522 1515 exortae.
572 1481 630 1514 Ad
664 1480 730 1514 hoc
766 1479 1033 1524 respondemus.
1085 1479 1442 1513 Administrationem
1478 1478 1588 1519 illam,
1623 1479 1833 1522 usurpatam

68 1534 136 1579 dicj
163 1546 232 1568 non
258 1545 373 1579 posse,
409 1545 501 1578 quae
526 1545 595 1567 non
622 1533 737 1568 solum
763 1545 784 1567 a
809 1544 949 1567 summo
975 1535 1118 1577 pastore
1145 1532 1304 1566 Romano
1330 1531 1514 1573 Pontifice,
1550 1531 1613 1565 sed
1648 1530 1755 1564 etiam
1788 1529 1832 1563 ab

68 1587 255 1622 Ordinario
282 1587 388 1621 huius
414 1587 480 1632 locj
501 1586 702 1631 Episcop02
727 1587 884 1630 gratiose
912 1597 1091 1627 concessa,
1119 1588 1154 1619 et
1179 1587 1319 1619 tantum
1346 1597 1416 1619 non
1438 1585 1615 1629 imperata
1632 1583 1734 1618 nobis
1752 1583 1831 1617 fuit.

67 1641 219 1675 Accedit
253 1640 332 1682 huc,
367 1641 459 1684 quod
496 1651 517 1673 a
544 1639 750 1684 Venerabilj
779 1639 944 1684 Capitulo
979 1651 1048 1672 non
1083 1638 1195 1673 semel
1229 1638 1266 1672 hi
1302 1638 1350 1683 pij
1378 1638 1518 1672 labores
1546 1636 1659 1682 nostrj
1686 1636 1833 1680 scriptis

69 1695 112 1728 ad
131 1693 359 1728 Ordinarium
385 1693 500 1728 literis
525 1693 660 1727 fuerint
679 1692 930 1738 commendatj.
973 1693 1053 1737 Ipse
1081 1703 1221 1736 quoque
1247 1691 1421 1725 Dominus
1439 1690 1647 1724 Parochus³
1672 1691 1832 1724 nostram

68 1748 103 1781 in
139 1747 325 1781 audiendis
351 1746 644 1781 Confessionibus
680 1757 824 1791 operam
859 1746 1012 1780 libenter
1047 1745 1239 1788 aliquando
1275 1744 1460 1789 expetiuit,
1496 1747 1532 1778 et
1557 1755 1626 1777 non
1653 1742 1831 1786 grauatim

69 1801 232 1835 obtinuit.
283 1799 400 1842 Quare
433 1802 553 1834 autem
588 1799 645 1833 uel
681 1799 830 1833 Domino
859 1799 1029 1839 Parocho,
1064 1798 1123 1832 uel
1148 1798 1361 1832 Venerando
1397 1797 1562 1842 Capitulo
1598 1796 1646 1841 pij
1683 1798 1833 1830 conatus

69 1853 182 1899 nostrj
218 1855 253 1887 in
288 1854 481 1887 haereticis
514 1853 734 1886 instruendis
769 1854 806 1885 et
831 1852 1070 1892 absolvendis,
1107 1852 1142 1885 in
1168 1851 1315 1885 afflictis
1342 1850 1571 1895 conscientijs
1598 1848 1832 1889 consolandis

69 1910 106 1942 et
122 1907 306 1941 Ecclesiae
324 1906 567 1941 Sacramentis
593 1905 802 1939 roborandis
821 1905 1080 1950 displicuerint,
1107 1904 1283 1938 hactenus
1308 1904 1511 1947 intelligere
1536 1916 1605 1937 non
1633 1913 1832 1948 possumus,

70 1961 164 2005 quod
188 1960 278 1994 nihil
304 1971 462 2004 unquam
488 1961 611 1993 contra
638 1961 798 1993 nostrum
826 1958 1029 1992 institutum
1057 1958 1115 1992 uel
1140 1958 1175 1991 in
1203 1958 1372 2003 ordinarij
1404 1957 1659 2001 praeiudicium
1687 1967 1707 1989 a
1732 1955 1834 1989 nobis

68 2015 226 2049 sciamus
252 2025 331 2048 esse
357 2014 586 2047 attentatum.
630 2012 704 2046 Nec
731 2023 885 2056 unquam
912 2023 999 2046 sane
1022 2014 1146 2045 contra
1164 2023 1372 2056 expressam
1393 2010 1572 2055 Ordinarij
1601 2010 1833 2049 uoluntatem,

71 2067 211 2101 etiamsi
248 2078 311 2111 per
345 2076 516 2100 concessa
550 2066 653 2100 nobis
687 2077 707 2099 a
741 2077 880 2099 summo
908 2065 1040 2110 Christj
1069 2065 1210 2099 Vicario
1241 2065 1433 2109 priuilegia
1459 2064 1554 2098 aliud
1581 2064 1673 2096 forte
1699 2062 1834 2102 liceret,

71 2121 107 2155 in
131 2120 265 2154 nostris
291 2119 474 2164 exercitijs
499 2118 565 2153 hoc
591 2119 626 2152 in
652 2118 728 2153 loco
754 2119 935 2163 progressi
962 2130 1133 2159 essemus,
1169 2130 1233 2163 pro
1260 2130 1301 2152 ea
1331 2118 1480 2157 scilicet,
1516 2128 1622 2160 quam
1649 2115 1835 2160 Episcopis

71 2173 235 2208 omnibus
270 2173 305 2206 in
339 2172 415 2206 suis
445 2172 666 2206 dioecesibus
693 2171 863 2206 exhibere
888 2171 1056 2212 solemus,
1092 2174 1127 2205 et
1162 2182 1303 2216 semper
1339 2171 1597 2211 exhibebimus,
1634 2168 1835 2203 obedientia

71 2230 107 2261 et
132 2226 343 2260 reuerentia.
379 2224 468 2266 Quia
494 2236 578 2258 uero
596 2224 848 2259 Venerandum
869 2224 1072 2269 Capitulum
1097 2224 1205 2269 cupit,
1232 2228 1272 2258 ut
1297 2228 1375 2258 rata
1402 2224 1462 2257 illa
1488 2224 1570 2263 sint,
1597 2233 1688 2266 quae
1713 2232 1836 2255 mense

73 2279 219 2324 Octobrj
255 2278 449 2323 superioris
483 2278 566 2323 annj
602 2278 768 2321 Dilingae
803 2281 889 2313 sunt
924 2289 1042 2312 coram
1076 2278 1388 2312 Reuerendissimo
1415 2276 1604 2311 Cardinale
1639 2275 1835 2309 constituta

71 2334 166 2368 circa
192 2332 417 2371 Societatem,
445 2342 535 2374 quae
563 2332 749 2374 Augustae
776 2334 842 2372 est,
868 2331 966 2365 nulla
992 2331 1129 2365 ratione
1156 2331 1271 2375 pactis
1297 2331 1394 2364 illis*¹
1420 2340 1619 2374 repugnare
1645 2328 1834 2367 noluimus,

72 2386 129 2420 uel
155 2386 351 2419 etiamnum
376 2384 561 2418 uolumus:
589 2384 657 2418 Sed
683 2385 770 2418 fecit
796 2385 1062 2419 Catholicorum
1088 2384 1309 2428 quorundam
1337 2384 1444 2424 zelus,
1472 2386 1507 2416 et
1534 2380 1836 2416 Reuerendissimi

71 2439 235 2484 inprimis
261 2436 462 2472 Oardinalis
497 2449 583 2480 erga
617 2438 777 2472 ouiculas
811 2449 896 2472 suas
924 2439 1156 2481 Augustanas
1182 2437 1311 2471 ardens
1343 2448 1443 2471 amor
1477 2438 1513 2469 et
1538 2435 1664 2479 pietas,
1701 2437 1740 2468 ut
1765 2445 1836 2467 am-

72 2493 204 2538 pliores
238 2491 354 2531 aedes,
391 2493 426 2524 et
461 2491 636 2534 quaedam
669 2491 739 2524 alia
766 2502 828 2535 pro
855 2491 1033 2525 Societate
1060 2493 1278 2535 peterentur.
1314 2502 1383 2523 non
1419 2493 1491 2523 tani
1528 2489 1563 2522 in
1599 2488 1695 2521 illius
1730 2498 1836 2531 quam

72 2546 182 2579 totius
199 2546 435 2587 Augustanae
453 2543 683 2588 Reipublicae
710 2544 931 2578 commodum
960 2548 995 2578 et
1014 2544 1199 2578 auxilium.
1238 2544 1397 2587 Antiqua
1416 2543 1507 2576 enim
1528 2544 1583 2575 est
1601 2541 1835 2575 Patriciorum

74 2601 109 2633 et
141 2597 406 2633 Catholicorum
440 2597 571 2630 ciuium
607 2597 665 2631 hic
700 2597 855 2641 querela,
892 2598 1015 2631 deesse
1051 2597 1117 2631 hoc
1151 2597 1227 2631 loco
1263 2597 1423 2631 celebres
1458 2599 1494 2629 et
1529 2596 1617 2629 bene
1652 2594 1838 2628 institutas

73 2651 225 2692 scholas,
260 2651 295 2684 in
322 2650 451 2693 quibus
486 2650 549 2693 filij
585 2650 640 2695 suj
670 2650 820 2684 solidam
847 2650 1044 2684 doctrinam
1072 2662 1141 2684 una
1168 2662 1247 2684 cum
1274 2650 1410 2683 sanctis
1437 2649 1593 2682 moribus
1620 2647 1836 2681 imbibant⁵z

196 2765 206 2784 ¹
232 2763 533 2798 Commentariun]
558 2762 655 2803 dicit,
683 2773 788 2805 quem
808 2761 842 2796 S.
864 2762 1024 2805 ignatius
1052 2763 1187 2795 famoso
1215 2762 1265 2795 illi
1294 2762 1435 2795 decreto
1455 2772 1485 2794 a.
1508 2760 1597 2794 1555
1617 2772 1637 2793 a
1656 2759 1838 2793 Sorbonna

75 2817 250 2851 adversus
268 2817 481 2851 Societatem
506 2816 586 2849 Iesu
613 2815 685 2849 lato
712 2815 888 2860 opposuit.
933 2815 1042 2850 Cuius
1069 2815 1159 2849 duae
1186 2817 1331 2848 exstant
1358 2814 1592 2854 recensiones,
1620 2824 1709 2856 quas
1736 2824 1838 2846 voca-

75 2881 172 2903 mus:
211 2881 282 2903 una
319 2869 479 2908 brevi0r;
517 2879 623 2912 quam
660 2879 680 2901 a
716 2868 754 2901 P.
791 2868 946 2901 Martino
981 2867 1109 2901 Olavio
1146 2867 1179 2901 S.
1208 2868 1239 2901 J.
1277 2867 1511 2911 compositam
1549 2877 1628 2900 esse
1666 2865 1839 2899 traditum

76 2925 140 2963 est,
169 2933 280 2966 eaque
306 2923 460 2967 primum
487 2922 584 2966 typis
612 2921 793 2965 exscripta
820 2932 841 2954 a
867 2922 945 2954 Nic.
977 2921 1176 2955 orlandino
1204 2920 1237 2954 S.
1257 2921 1301 2961 J.,
1328 2921 1509 2954 Historiae
1536 2919 1726 2953 Societatis
1752 2919 1839 2952 Jesu

76 2975 196 3008 Prima
227 2975 316 3009 Pars
353 2974 503 3018 (Romae
532 2975 637 3017 1615)
667 2974 688 3007 l.
719 2975 771 3015 15,
808 2985 840 3007 n.
867 2974 1026 3008 46—61:
1065 2974 1179 3007 altera
1215 2974 1389 3018 copiosior
1424 2976 1458 3007 et
1494 2973 1641 3017 plenior,
1677 2983 1784 3016 quam
1820 2983 1839 3005 a

77 3027 116 3061 P.
143 3028 270 3062 Iacobo
296 3028 419 3062 Lainio
446 3028 618 3071 scriptam
645 3038 724 3060 esse
751 3027 861 3071 aliqui
888 3029 1026 3071 putant,
1063 3038 1174 3070 eaque
1202 3027 1354 3071 primum
1382 3026 1532 3069 vulgata
1558 3026 1592 3059 in
1623 3025 1770 3068 „Cartas
1798 3025 1839 3058 de

78 3080 147 3114 San
174 3082 318 3124 Iynacio
344 3083 385 3114 de
411 3082 568 3123 Loyola‘*
599 3080 642 3121 V,
670 3081 808 3114 Madrid
840 3081 938 3120 1859,
966 3081 1164 3114 494—512.

196 3136 209 3155 ‘³
236 3134 366 3168 Ottone
393 3133 565 3168 cardinali
594 3133 839 3167 Truchsessio.
986 3135 998 3153 ³
1025 3132 1237 3175 Adelgaiss;
1268 3144 1301 3167 v.
1332 3134 1419 3167 Can.
1450 3132 1495 3166 lV
1523 3133 1603 3166 555.

197 3189 208 3207 4
236 3187 333 3221 Haec
359 3188 441 3221 vide
468 3187 503 3220 in
535 3188 619 3220 Can.
649 3186 697 3219 IV
724 3186 923 3220 olo—911.
1069 3187 1081 3205 ⁵
1109 3186 1162 3219 Of.
1193 3187 1278 3220 Cau.
1311 3185 1355 3219 lV
1382 3186 1443 3218 43³
1469 3185 1668 3220 901--904ι
