2045 3471
212 200 295 241 768
337 198 431 232 Mon.
445 198 512 232 834
528 198 604 232 sive
617 210 711 233 111011.
726 199 792 243 (5).
820 199 874 234 26.
891 200 980 235 Nov.
999 201 1101 236 1566.
1134 201 1201 236 835
1217 201 1294 235 sive
1309 212 1385 235 oen.
1401 200 1466 244 (1).
1491 201 1546 236 30.
1561 201 1703 246 Apr.—
1715 203 1746 236 5.
1762 202 1848 236 Maii
1865 203 1965 237 1565.

326 314 457 349 lisdem
484 315 609 350 diebus
635 318 789 361 Natalis,
824 319 864 351 ut
890 318 925 352 in
959 318 1084 353 iisdem
1119 318 1191 353 illis
1225 318 1358 352 litteris
1384 318 1480 358 dicit,
1515 318 1551 352 in
1587 319 1737 362 collegio
1763 321 1967 355 monacensi

207 368 473 409 animadvertit,
508 369 663 403 nondum
701 381 746 403 ex
781 371 903 405 eodem
931 371 1078 406 Romam
1116 372 1265 405 missum
1300 382 1380 405 esse
1407 371 1512 405 —id
1540 372 1632 415 quod
1657 371 1799 406 Natalis
1835 373 1967 407 ibidem

207 433 252 456 m.
289 421 389 455 Iunio
424 425 658 466 praeceperat
684 443 727 446 —
753 424 809 458 Fr.
838 423 1042 458 Reinerium
1080 425 1281 460 Fabricium
1321 424 1549 465 leodiensem,
1585 425 1646 469 qui
1681 425 1861 460 Monachii
1896 426 1967 460 iam

206 474 406 518 complures
433 486 545 509 annos
574 474 634 518 (ab
660 487 691 509 a.
722 476 822 518 1561,
849 479 889 511 ut
915 478 1076 519 videtur;
1104 490 1138 512 v.
1170 479 1255 511 Can.
1284 478 1334 511 III
1362 477 1445 521 212)
1474 477 1675 512 rhetoricen
1702 478 1900 513 tradiderat
1926 491 1967 514 ac

206 530 282 561 tum
309 539 329 561 a
356 528 479 561 Lainio
498 529 701 573 praeposito
721 529 892 572 generali,
919 532 995 564 tum
1023 531 1066 565 ab
1094 531 1170 576 ipso
1187 530 1318 564 Natale
1345 533 1427 564 ante
1452 531 1472 565 3
1492 542 1603 565 annos
1620 533 1800 576 potestate
1817 532 1967 567 Romam

207 581 313 614 eundi
338 580 538 615 instructus
565 584 652 616 erat.
703 581 826 616 Natali
852 595 894 617 ea
920 585 1117 617 retardatio
1143 584 1249 618 valde
1276 584 1469 628 displicuit.
1511 584 1586 625 „Hb
1613 584 1744 625 detto“,
1770 585 1897 629 inquit,
1929 587 1967 627 „a

206 634 365 668 Maestro
393 634 546 675 Canisio,
583 637 618 669 et
644 635 679 669 al
705 635 853 669 Rettore
881 636 922 670 de
949 637 1149 678 Monachio,
1177 637 1317 671 dinanzi
1345 639 1365 671 a
1390 637 1451 678 lui,
1490 637 1554 671 che
1580 649 1644 681 per
1668 637 1797 672 nisuna
1824 649 1906 672 cosa
1932 642 1969 672 et

204 687 384 721 necessita
409 687 545 721 lasciuo
572 688 607 722 di
633 688 818 723 mandarlo
845 689 866 722 l'
883 701 974 723 anno
1001 690 1065 724 che
1094 690 1207 724 viene.
1258 690 1346 724 Dico
1373 692 1499 734 questo
1526 701 1547 723 a
1564 690 1607 724 V.
1635 690 1674 724 P.
1700 691 1875 734 sperando
1902 691 1967 725 che

206 740 429 774 confermara
455 740 480 774 il
505 741 701 775 medesimo
728 744 763 775 et
790 754 899 788 penso
926 743 1035 777 esser’
1049 744 1254 777 necessario
1280 755 1344 788 per
1368 742 1477 777 molte
1504 754 1612 777 cause
1640 744 1726 777 etc.'‘

324 794 477 837 Natalis,
504 805 595 837 quae
621 795 663 828 de
691 794 925 829 Stevordiano
952 807 972 829 a
998 808 1037 830 se
1063 797 1260 830 constituta
1287 808 1366 830 esse
1394 796 1545 839 Borgiae
1571 797 1624 830 14.
1644 796 1857 830 Novembris
1877 797 1968 832 1566

204 846 360 890 scripsit,
388 846 444 881 26.
469 846 684 881 Novembris
706 849 795 883 1566
823 849 937 882 denuo
964 850 1156 894 praecepit,
1185 861 1265 883 cum
1293 849 1477 884 Canisium
1505 849 1687 894 Herbipoli
1713 861 1835 883 secum
1861 861 1967 893 agen-

205 901 277 933 tem
304 900 354 933 ita
380 903 560 934 moneret:
601 900 657 943 „Si
683 900 752 935 N.a
779 902 813 935 in
841 914 919 935 eam
946 902 1069 936 veniat
1096 903 1361 944 difficultatem,
1397 903 1432 936 in
1460 914 1529 946 qua
1555 902 1655 947 prius
1682 905 1770 944 erat,
1798 905 1969 936 euocetur

205 952 441 987 Prouincialis
476 965 496 987 a
523 953 675 988 Rectore
702 954 942 996 Monachium,
978 958 1015 989 et
1050 956 1080 989 is
1116 958 1202 999 agat
1236 956 1388 1001 primum
1426 967 1505 990 cum
1540 955 1583 990 N.
1611 955 1737 989 deinde
1771 967 1851 990 cum
1879 955 1967 989 Can-

206 1005 362 1046 cellario,
399 1008 433 1040 et
460 1006 596 1040 efficiat
621 1007 710 1041 illud
738 1008 831 1051 quod
857 1008 1130 1043 institueramus
1156 1010 1287 1050 facere,
1324 1012 1363 1043 ut
1390 1009 1540 1043 donetur
1560 1037 1566 1043 .
1586 1008 1625 1044 P.
1653 1008 1798 1043 Ducib.“
1853 1009 1968 1043 Huius

205 1062 325 1093 tamen
361 1060 543 1104 praecepti
579 1060 742 1105 exemplo
778 1061 841 1102 illi,
878 1062 970 1105 quod
1009 1074 1029 1096 a
1055 1062 1185 1096 Natale
1212 1062 1362 1096 Romam
1398 1063 1443 1096 ad
1479 1062 1513 1096 S.
1540 1062 1772 1096 Franciscum
1798 1062 1966 1105 Borgiam

206 1113 450 1156 praepositum
477 1113 682 1156 generalem
708 1113 858 1148 missum
886 1117 951 1155 est,
979 1115 1131 1158 Borgiae
1158 1116 1373 1149 auctoritate
1392 1115 1431 1150 P.
1453 1117 1604 1149 Ioannes
1621 1117 1661 1148 de
1679 1115 1832 1149 Polam-0
1851 1114 1965 1149 Socie-

206 1164 293 1199 tatis
311 1166 528 1199 secretarius
547 1166 636 1200 haec
654 1167 841 1210 ascripsit:
874 1167 1111 1209 „Consulatur
1136 1169 1171 1202 in
1195 1168 1259 1202 tali
1279 1180 1364 1202 casu
1384 1168 1572 1211 generalis,
1599 1171 1682 1202 ante
1701 1168 1963 1202 dimissionem“

210 1218 269 1260 (ex
296 1218 419 1252 eodem
446 1219 619 1263 exemplo,
647 1231 667 1253 a
686 1220 724 1254 P.
745 1219 878 1254 Didaco
898 1221 1058 1255 Jimenez
1078 1222 1111 1256 S.
1128 1222 1160 1255 J.
1181 1221 1315 1266 scripto
1342 1224 1377 1255 et
1404 1233 1423 1255 a
1443 1221 1481 1256 Ρ.
1500 1221 1630 1255 Nat-ale
1653 1221 1846 1264 recognito,
1873 1221 1967 1265 quod

210 1273 331 1305 exstat
356 1271 391 1305 in
419 1271 501 1306 Cod.
533 1271 656 1314 „N1G“
687 1273 710 1307 f.
739 1274 818 1314 671>;
848 1274 956 1308 etiam
983 1274 1018 1307 in
1045 1275 1133 1319 Epp.
1160 1275 1283 1309 Nadal
1309 1274 1358 1308 IV
1384 1274 1482 1318 322).

211 1373 318 1410 834
343 1376 421 1410 sive
447 1386 590 1411 mon.
610 1376 709 1422 (5).
784 1377 839 1413 26.
858 1377 1068 1413 Novembris
1095 1377 1189 1414 1566.

328 1446 383 1480 Ex
402 1450 672 1491 praeceptorum
692 1447 833 1482 Natalis
859 1448 1014 1483 indiculo
1041 1450 1163 1483 eodem
1182 1449 1257 1483 fere
1276 1452 1435 1494 tempore
1454 1461 1474 1483 a
1494 1449 1532 1483 P.
1552 1449 1684 1483 Didaco
1703 1449 1863 1483 Jimenez
1882 1449 1916 1484 S.
1933 1450 1965 1484 J.

210 1501 354 1545 scripto,
390 1500 432 1533 de
468 1511 536 1543 quo
571 1512 679 1545 supra
706 1513 738 1545 p.
767 1501 846 1536 630.
901 1502 1023 1544 „NIG‘
1054 1504 1077 1536 f.
1105 1503 1176 1537 682.
1228 1502 1344 1537 Etiam
1373 1503 1434 1546 (ex
1460 1502 1582 1536 eodem
1607 1502 1778 1545 indiculo)
1815 1502 1850 1536 in
1878 1502 1965 1548 Epp.

209 1554 330 1587 Nadal
359 1552 409 1586 IV
435 1553 514 1587 323.

327 1624 471 1656 Natalis
496 1625 660 1657 visitator
689 1625 833 1658 C'anise'o
867 1626 989 1668 aliqua
1020 1628 1199 1669 praecipit
1233 1627 1274 1660 de
1300 1628 1535 1660 convictorum
1561 1637 1649 1659 cetra
1676 1627 1858 1660 Monachie'
1890 1637 1967 1659 sus-

207 1678 380 1720 cipcenda.

327 1742 548 1796 Herbipole‘
569 1745 638 1785 26.
662 1744 908 1786 Novembris
937 1747 1045 1787 1560·
1068 1746 1115 1787 P.
1141 1747 1426 1801 Hieronymus
1448 1746 1620 1787 Natalis
1647 1746 1963 1799 provinciarum

206 1809 548 1862 qernmm'eorum
583 1809 801 1850 Societatis
845 1811 1034 1852 visitator
1069 1811 1241 1852 Canisio
1275 1811 1532 1852 Germaniae
1572 1811 1803 1864 superioris
1840 1824 1964 1864 prae.-

206 1874 338 1927 posz'to
367 1874 619 1927 provinciali
651 1874 763 1927 haec,
795 1880 964 1928 praeter
987 1876 1088 1928 ulia,
1118 1877 1354 1930 praecepit:
1387 1875 1431 1917 Si
1454 1874 1668 1928 Monacliij
1692 1874 1842 1915 domus
1864 1887 1965 1915 con-

207 1937 419 1979 uictorum
453 1937 612 1979 nostris
644 1938 873 1980 offerretur
895 1940 1065 1981 nomine
1088 1940 1310 1993 Principis,
1346 1942 1393 1981 ut
1425 1953 1570 1981 curam
1606 1939 1695 1980 eius
1728 1938 1965 1991 suscipere-

210 2016 325 2051 mus,
371 2002 706 2055 respondeatur;
752 2017 842 2044 rem
886 2004 1004 2057 prius
1049 2005 1102 2046 ad
1147 2005 1401 2046 Generalem
1445 2004 1715 2045 referendam
1759 2017 1874 2052 esse,
1921 2006 1964 2045 et

207 2066 423 2109 scribatur
454 2066 504 2116 ei,
539 2081 594 2108 an
627 2067 683 2108 sit
715 2068 868 2120 aliquis
900 2069 1079 2111 idoneus
1113 2084 1135 2110 e
1167 2070 1340 2118 nostris,
1375 2069 1446 2122 qui
1478 2068 1651 2122 praefici
1683 2068 1832 2122 possit,
1870 2067 1964 2121 ipso

209 2132 506 2173 consentiente
541 2166 548 2174 .
579 2131 785 2173 Difficiles
831 2133 989 2186 alioqui
1031 2148 1108 2175 nos
1151 2135 1358 2188 praebere
1399 2134 1602 2175 debemus
1643 2133 1685 2174 in
1729 2133 1807 2174 hoc
1852 2146 1962 2174 nouo

207 2210 335 2238 onere
367 2196 650 2249 suscipiendo.

1063 2313 1112 2357 H.

415 2405 867 2448 MONUMENTA
901 2407 1422 2450 OENIPONTANA
1457 2407 1750 2450 CANISII.

209 2512 312 2549 835
340 2515 417 2548 sive
445 2524 564 2549 oen.
585 2514 678 2559 (l).
753 2514 855 2550 Inter
882 2515 939 2551 30.
959 2515 1099 2562 Aprilis
1126 2517 1162 2551 et
1190 2515 1219 2550 5.
1240 2515 1322 2551 Maii
1348 2515 1441 2551 1565.

326 2584 380 2617 Ex
406 2584 608 2618 litterarum
635 2585 845 2619 Theodorici
873 2586 1005 2620 Canisii
1033 2587 1249 2631 apographo,
1289 2587 1381 2630 quod
1408 2587 1473 2620 sub
1500 2598 1530 2620 a.
1560 2586 1650 2621 1860
1676 2589 1823 2620 curante
1850 2587 1961 2620 Boero

207 2637 427 2680 exscriptum
455 2640 509 2671 est
537 2650 581 2671 ex
608 2639 771 2682 exemplo
791 2639 948 2683 antiquo,
977 2643 1012 2673 et
1030 2651 1075 2673 ex
1093 2640 1327 2683 epistularum
1348 2639 1499 2682 Borgiae
1527 2642 1562 2673 et
1580 2639 1725 2673 Polanci
1744 2639 1960 2684 apographis

208 2689 329 2722 eodem
367 2692 526 2734 tempore
564 2691 709 2735 scriptis
748 2694 783 2724 et
820 2693 854 2725 in
892 2692 976 2726 Cod.
1007 2693 1146 2734 „Germ
1174 2694 1237 2726 61⁶⁶
1268 2692 1292 2726 f.
1320 2692 1538 2726 2572—2582
1564 2693 1700 2736 positis.
1751 2692 1958 2726 Theodorici

208 2741 338 2775 litteris
364 2754 450 2776 usus
477 2745 531 2776 est
558 2745 670 2777 Isi-0⁴33
696 2744 718 2778 l.
746 2756 774 2778 c.
806 2744 881 2778 173.

329 2807 495 2840 Canis-ins
524 2808 712 2850 Oeniponte
739 2811 924 2843 Sociorum
952 2812 1186 2852 confessiones
1220 2815 1250 2844 et
1274 2815 1351 2843 ‘rota
1378 2811 1544 2853 reliyiosa
1571 2812 1709 2853 eoecipit,
1744 2811 1785 2843 de
1811 2810 1959 2852 Mayda-

208 2859 305 2890 lenae
331 2861 472 2900 ‘re-(sinae
498 2866 526 2893 et
551 2872 713 2894 Sororum
743 2865 816 2895 eins
841 2864 1058 2905 confessario
1085 2869 1143 2897 etc.
1170 2865 1252 2906 agit.

331 2931 374 2972 P.
414 2932 693 2974 Theodericus
737 2934 935 2975 Canisius
968 2936 1010 2976 S.
1045 2935 1106 2986 J.)
1147 2936 1388 2989 provinciae
1432 2935 1686 2975 Germaniae
1727 2936 1958 2988 superioris

210 2995 632 3049 ,‚viceprozssincialisss
676 2999 715 3037 in
753 3000 935 3039 eiusdem
972 3001 1212 3052 provinciae
1248 3000 1420 3051 „litteris
1458 2998 1745 3040 semestribus“
1781 2999 1955 3053 Dilin'qo

209 3059 248 3098 1.
272 3058 375 3098 Iulii&
398 3062 507 3100 1:365
545 3061 656 3101 datis
690 3065 932 3103 mentionem
963 3063 1069 3115 facit
1104 3069 1283 3104 votorum
1317 3065 1605 3118 'reliyc'osorunz
1638 3064 1810 3105 1.]11αῑι·
1843 3066 1957 3105 1565

327 3146 354 3169 a)
374 3144 475 3167 Postea
491 3152 590 3173 (mann
607 3146 699 3176 ipsius
715 3147 840 3177 Natalis,
863 3151 892 3171 nt
912 3148 1039 3177 videtur)
1059 3156 1152 3179 snpra
1171 3149 1245 3173 hanc
1265 3149 1393 3173 litteram
1407 3149 1547 3180 scriptum
1563 3152 1621 3174 est:
1640 3148 1799 3175 Martinus.
1853 3148 1882 3179 b)
1898 3150 1957 3173 Hoc

212 3190 234 3207 υ.
253 3183 288 3206 ab
311 3183 371 3213 ipso
394 3185 458 3208 Nat.
480 3186 610 3209 additum
633 3190 682 3210 est.
