2045 3471
215 201 298 242 732
452 199 546 233 Mon.
566 198 751 233 soe—soi
779 198 856 233 sive
882 199 921 234 st..
944 198 1115 243 (7)—(8).
1155 199 1211 233 25.
1230 198 1366 244 Aprilis
1383 219 1423 222 --
1442 199 1496 233 15.
1517 199 1600 233 Maii
1622 199 1723 233 1565.

330 316 395 350 His
421 316 542 350 verbis
569 317 607 350 P.
637 317 824 360 Polanczcs7
851 316 1042 351 Societatis
1069 317 1296 355 secretarius,
1323 317 1358 350 in
1385 316 1546 360 margine
1574 316 1778 351 adnotavit:
1819 328 1906 359 „non
1933 328 1972 351 so

209 370 299 403 110110
325 369 460 403 siano“.

328 422 426 464 Quae
456 423 710 465 „g1·avamina“
740 423 799 457 vel
825 423 1060 458 difficultates
1096 435 1116 457 a
1144 423 1257 457 Sociis
1293 422 1635 465 ingolstadiensibus
1661 423 1863 468 propositae
1889 424 1974 464 sint,

207 476 314 510 facile
341 476 524 517 colligitur
551 487 595 509 ex
622 476 676 514 iis,
703 488 796 520 quae
822 477 918 511 dicta
943 479 1028 511 sunt
1058 477 1144 511 Can.
1172 475 1222 510 IV
1251 477 1317 510 146
1345 476 1413 510 569
1441 476 1510 510 584
1537 476 1604 510 759
1631 476 1831 510 934—936.

209 601 321 638 800
349 604 426 637 sive
453 602 516 638 it.
537 602 637 648 (7).
712 602 815 638 Inter
842 602 897 638 ⁶25.
917 606 953 638 et
981 604 1035 639 27.
1058 603 1194 650 Aprilis
1222 602 1314 639 1565.

325 674 379 707 Ex
406 673 623 718 apographo,
650 674 692 707 de
719 686 788 718 quo
814 686 923 719 supra
950 686 982 719 p.
1010 675 1089 715 599,
1116 677 1152 708 et
1179 686 1223 708 ex
1250 673 1338 719 Epp.
1367 675 1490 707 Nadal
1517 673 1567 707 III
1594 673 1661 708 255
1690 674 1757 708 765
1785 676 1821 708 et
1846 686 1891 708 ex
1916 674 1971 716 iis,

205 738 297 770 quae
326 727 428 771 posui
455 739 563 771 supra
590 739 623 772 p.
644 727 724 761 286.

327 798 494 831 Cam'slccs
531 799 691 840 Aufflcsta
729 798 877 831 Romam
917 798 964 830 ad
1000 798 1184 831 Societatis
1223 798 1527 840 confirmationem
1560 798 1761 840 yenercdem
1794 797 1973 830 discedens

201 852 335 885 sociam
363 851 432 884 sibi
457 851 623 894 adiuvyit
649 851 815 884 Iacobum
843 851 1020 884 Sedermn
1044 852 1197 893 fratrem
1224 852 1366 884 laicum.

323 922 361 955 P.
385 922 624 955 Theodoricas
653 921 822 954 Canisius
848 922 884 955 S.
906 923 954 963 J.‚
986 922 1202 954 Germaniae
1226 922 1425 964 superioris
1450 921 1765 964 vieeprovincialis,
1800 921 1836 953 in
1864 921 1973 954 huius

199 976 408 1018 provinciae
435 976 585 1019 „litteris
610 973 856 1008 senzestribus“
884 976 1033 1017 Dilz'ngsa
1063 977 1093 1008 1.
1121 975 1210 1008 Iulii
1236 977 1329 1008 1565
1361 975 1477 1008 datis:
1511 974 1636 1008 Dicam
1671 985 1764 1007 nunc
1800 984 1892 1018 quae
1927 973 1971 1007 ad

204 1028 454 1071 Augustanam
493 1028 635 1061 domum
665 1026 800 1061 Christi
826 1027 1033 1069 benignitas
1060 1027 1223 1060 conferre
1250 1027 1400 1070 dignata
1427 1029 1492 1061 est.
1522 1055 1529 1061 .
1559 1055 1564 1060 .
1594 1054 1600 1061 .
1652 1026 1750 1060 Abiit
1785 1026 1820 1060 in
1846 1026 1971 1060 urbem

209 1093 302 1115 unus
328 1093 346 1114 e
372 1080 548 1115 fratribus
575 1092 656 1114 cum
682 1080 894 1114 Reverendo
920 1080 1028 1114 Patre
1055 1080 1308 1114 Provinciali“.
1360 1082 1408 1114 Et
1434 1082 1583 1123 Dilinya
1609 1083 1666 1114 25.
1693 1081 1782 1113 Iulia·
1810 1082 1900 1113 1566
1925 1081 1973 1113 cccl

211 1135 248 1168 S.
275 1136 509 1168 Franciscum
537 1135 578 1167 de
604 1135 740 1177 Borqia
764 1135 1007 1177 praepositum
1032 1135 1232 1176 qeneralem
1258 1136 1299 1168 de
1324 1135 1363 1167 P.
1393 1136 1610 1178 Hieronymo
1636 1134 1766 1167 Natale
1790 1135 1973 1167 visitatore

207 1189 350 1231 scripsit
376 1188 503 1221 Petrus
532 1188 722 1221 Canisius:
757 1186 792 1221 Si
819 1189 914 1232 parti
940 1187 975 1220 di
1002 1198 1098 1230 qua.
1120 1214 1127 1221 .
1149 1214 1167 1228 .,
1195 1189 1231 1221 et
1256 1187 1405 1220 insieme
1440 1199 1504 1221 con
1532 1187 1581 1220 lui
1608 1187 1632 1220 il
1660 1187 1699 1220 D.
1727 1186 1848 1220 Pietro
1873 1185 1971 1219 Hun-

208 1252 304 1283 garo,
333 1268 338 1274 .
360 1267 366 1274 .
388 1268 394 1274 .
415 1241 453 1274 P.
473 1240 576 1281 PaeS,
604 1267 610 1274 .
632 1268 638 1274 .
660 1268 666 1274 .
694 1242 731 1274 et
755 1240 781 1274 il
806 1242 928 1274 nostro
955 1240 1098 1274 fratello
1117 1240 1298 1280 Giacomo,
1326 1241 1390 1274 che
1417 1241 1439 1274 Γ
1455 1252 1546 1274 anno
1573 1242 1719 1285 passato
1745 1240 1783 1273 fu
1809 1251 1909 1273 meco
1934 1240 1970 1273 in

209 1294 331 1333 Roma,
358 1295 394 1327 et
418 1294 441 1328 Γ
456 1293 582 1327 ultimo
608 1293 647 1327 fu
674 1293 911 1337 Sigismondo.
964 1295 1015 1327 Ac
1046 1295 1284 1327 Theodoricus
1314 1295 1501 1328 Canisins:
1531 1294 1710 1327 Discessit
1736 1320 1742 1327 .
1764 1321 1770 1327 .
1791 1320 1797 1327 .
1824 1292 1908 1326 hinc
1934 1293 1970 1326 111

208 1347 392 1381 Austriam
420 1347 475 1381 22.
502 1346 600 1386 ι111111,
636 1346 802 1380 abductis
836 1358 957 1380 secum
993 1346 1076 1380 hinc
1111 1349 1265 1390 quatuor
1300 1359 1344 1380 ex
1380 1347 1564 1386 fratribus,
1600 1347 1767 1380 nimirum
1795 1345 1836 1380 D.
1863 1346 1971 1380 Petro

208 1401 380 1442 hungaro,
416 1400 455 1434 P.
482 1399 637 1433 Henrico
664 1400 771 1444 Payz,
808 1399 977 1439 lusitano,
1013 1399 1242 1442 Sigismundo
1278 1400 1426 1434 bohemo
1457 1402 1493 1433 et
1520 1400 1653 1434 Jacobo
1681 1399 1833 1439 Sec-lero,
1869 1399 1970 1433 coad-

207 1453 323 1487 iutore
357 1453 558 1498 temporali.
621 1453 795 1486 Similiter
833 1454 976 1486 Natalis
1011 1455 1083 1496 ‘ipse
1121 1455 1157 1486 in
1198 1455 1326 1487 litteris
1365 1454 1554 1496 Oeniponte
1595 1456 1647 1487 19.
1688 1453 1844 1486 Octobris
1880 1455 1972 1486 1566

210 1507 363 1550 Boryiae
387 1508 515 1539 missis.

327 1559 380 1592 De
406 1559 548 1593 Seclero
575 1559 656 1592 vide
686 1560 772 1592 Can.
800 1558 851 1591 ΠΙ
881 1558 946 1593 133
973 1561 1008 1592 et
1034 1570 1143 1603 supra
1169 1570 1202 1603 p.
1230 1559 1309 1593 543.
1352 1559 1396 1596 Is.
1424 1561 1463 1592 ut
1489 1559 1630 1592 omnino
1657 1559 1810 1599 videtur,
1837 1559 1971 1592 Romae

209 1612 265 1645 die
292 1612 325 1646 S.
353 1611 527 1645 Matthaei
555 1612 707 1656 apostoli
733 1612 811 1645 sive
838 1611 894 1645 21.
922 1612 1142 1656 Septembris
1163 1612 1253 1646 1565
1274 1632 1316 1636 ——
1335 1612 1392 1647 29.
1419 1612 1640 1656 Septembris
1668 1612 1831 1646 Canisius
1858 1612 1969 1646 Roma

209 1665 433 1699 discessit—
450 1667 535 1699 vota
560 1665 688 1698 ultima
715 1665 958 1698 coadiutorum
985 1665 1235 1709 temporalium
1261 1665 1495 1709 nuncupavit.
1531 1665 1622 1698 Nam
1648 1666 1683 1698 in
1711 1666 1973 1710 „Instructione

209 1719 251 1752 de
277 1719 512 1763 personis...
542 1717 686 1761 collegii
712 1718 919 1752 viennensis
945 1730 1059 1762 usque
1085 1719 1129 1751 ad
1158 1730 1288 1752 annum
1318 1720 1408 1753 1566
1435 1718 1647 1759 inclusiue“‚
1676 1729 1766 1762 quae
1794 1731 1838 1752 ex
1869 1730 1969 1763 „apo-

211 1771 348 1816 grapho
375 1772 526 1805 coaevo“
559 1771 731 1813 evulgata
757 1773 813 1804 est
839 1772 873 1804 in
902 1771 988 1815 Epp.
1017 1772 1139 1805 Nadul
1166 1771 1214 1805 1V
1241 1772 1440 1812 306—311‚
1480 1772 1574 1806 inter
1605 1771 1856 1814 „Coadiutores
1881 1774 1969 1806 tem-

208 1825 349 1869 porales
385 1824 576 1858 formatos“
616 1826 818 1868 comparet:
859 1824 1035 1865 „Jacobus
1071 1824 1228 1865 Seckle1·‚
1265 1826 1524 1869 oenipontanus
1558 1824 1753 1869 tyrolensis
1884 1825 1971 1859 fecit

207 1879 327 1911 autem
354 1877 612 1922 professionem
638 1877 772 1911 Romae
798 1878 833 1910 in
861 1878 953 1911 festo
979 1878 1097 1911 sancti
1124 1877 1284 1911 Mathiae
1310 1878 1463 1923 apostoli
1490 1889 1582 1911 anno
1603 1878 1726 1913 1565‘.
1767 1878 1964 1920 mathiae*

207 1933 325 1965 autem
352 1931 455 1974 lapsu
482 1930 602 1974 aliquo
629 1931 821 1964 memoriae
840 1930 897 1963 vel
925 1930 1054 1964 calami
1080 1931 1138 1964 hic
1164 1931 1320 1975 positum
1348 1943 1426 1965 esse
1453 1930 1620 1965 existimo
1646 1943 1708 1975 pro
1731 1931 1967 1973 „Matthaei“;

207 1996 288 2018 nam
316 1984 372 2018 die
399 1983 433 2018 S.
460 1983 631 2023 Mathiae,
659 1984 717 2027 qui
747 1987 824 2016 erat
851 1984 906 2017 24.
926 1984 1122 2024 Februarii,
1150 1984 1277 2018 Sekler
1296 1986 1482 2028 Augustae
1508 1984 1620 2018 fuisse
1646 1985 1787 2018 omnino
1814 1985 1968 2020 videtur.

205 2037 330 2081 Neque
356 2038 406 2071 ita
432 2049 512 2071 raro
538 2037 604 2070 1100
630 2037 818 2079 contingit,
845 2039 885 2070 ut
910 2036 1070 2071 Mathias
1096 2049 1159 2082 pro
1184 2037 1368 2071 Matthaeo
1396 2039 1431 2071 et
1456 2037 1515 2070 hic
1541 2049 1604 2082 pro
1630 2037 1692 2070 illo
1718 2039 1890 2082 ponatur;
1916 2038 1967 2071 rei

206 2090 409 2135 exemplum
445 2090 556 2124 habes
594 2091 680 2124 Can.
710 2090 722 2122 1
750 2090 805 2124 39.
856 2090 1006 2124 Praeter
1041 2090 1224 2124 Seclerum
1259 2102 1340 2124 cum
1376 2090 1519 2124 Canisio
1555 2091 1720 2133 Augusta
1754 2091 1789 2123 in
1824 2091 1966 2124 Italiam

205 2143 387 2188 profectus
415 2145 470 2176 est
497 2143 690 2187 Dionysius
717 2143 759 2176 de
785 2143 953 2177 Nicotaro
980 2143 1159 2178 medicus:
1189 2155 1223 2177 V.
1250 2155 1358 2187 supra
1384 2155 1417 2188 p.
1445 2144 1524 2178 604.

206 2262 308 2300 8⁰1
336 2266 413 2299 sive
440 2264 502 2300 it.
523 2264 620 2308 (8).
695 2263 747 2299 Ab
775 2264 807 2299 8.
832 2263 876 2299 ad
903 2263 952 2299 14.
972 2263 1030 2299 vel
1057 2263 1103 2299 15.
1123 2263 1207 2299 Maii
1234 2263 1326 2299 1565.

321 2336 376 2369 Ex
402 2335 556 2380 epistula
582 2335 806 2379 autographa
833 2335 951 2369 Crucii
987 2337 1023 2368 et
1056 2347 1101 2368 ex
1127 2335 1281 2379 epistula
1307 2335 1505 2380 archetypa
1530 2335 1669 2377 Palmii,
1706 2336 1749 2370 ab
1783 2337 1858 2381 ipso
1885 2337 1965 2371 sub-

202 2388 337 2432 scripta
365 2388 494 2433 („Epp.
522 2388 601 2422 Ital.
631 2388 720 2422 1565
749 2388 800 2422 ΙΓι
831 2389 855 2422 f.
884 2388 952 2423 508
979 2387 1076 2431 556),
1113 2394 1149 2421 et
1183 2400 1228 2422 ex
1263 2388 1421 2432 Fuggeri
1447 2389 1569 2423 Diario
1605 2389 1827 2433 autographo
1864 2390 1965 2434 (Cod.

208 2441 338 2481 „7447·‘
369 2441 607 2475 bibliothecae
634 2441 815 2485 palatinae
842 2440 1132 2482 vindobonensis,
1159 2441 1184 2476 f.
1204 2441 1293 2485 27³),
1325 2454 1370 2475 ex
1396 2453 1465 2485 quo
1492 2444 1567 2475 tum
1602 2453 1644 2475 ea
1675 2453 1767 2486 quae
1793 2443 1964 2487 proxime,

202 2497 277 2526 tum
305 2505 346 2527 ea
372 2505 463 2537 quae
489 2494 583 2527 infra
610 2505 703 2528 mon.
723 2493 791 2528 804
817 2493 886 2528 828
912 2496 1098 2538 ponentur,
1127 2506 1158 2528 a.
1181 2494 1270 2528 1909
1299 2494 1385 2527 mihi
1413 2494 1607 2539 exscripsit
1631 2494 1672 2528 R.
1692 2495 1731 2529 P.
1755 2497 1966 2530 Guz'lielmus

206 2547 303 2579 Peesstz
329 2546 362 2581 S.
382 2548 414 2581 J.

326 2617 492 2650 canisius
519 2629 596 2650 cnmv
622 2618 773 2660 Hoffaeo
801 2621 859 2652 ete.
884 2629 950 2660 per
975 2618 1164 2650 Mantuam
1191 2619 1353 2651 advectus
1379 2619 1591 2660 Bononiam,
1627 2619 1676 2651 ihc·
1700 2619 1963 2662 aliquantulam

204 2669 370 2710 subsistit,
397 2671 543 2703 Ernesti
569 2672 748 2703 Bavariae
773 2671 874 2704 ducis
898 2671 992 2712 filios
1017 2671 1099 2703 inde
1123 2682 1238 2704 seeum
1263 2671 1414 2704 Romam
1439 2671 1667 2704 abducturus.

321 2740 359 2773 P.
388 2740 523 2773 Lucius
550 2739 702 2784 „Crocffl
732 2742 767 2774 S.
788 2743 824 2775 J.
855 2742 1003 2774 Venetiis
1028 2743 1084 2774 12.
1112 2742 1206 2774 Maii
1232 2743 1323 2774 1565
1348 2742 1497 2774 Romam
1524 2742 1571 2774 ad
1597 2742 1633 2775 S.
1661 2742 1897 2774 Franciscmn
1923 2743 1965 2775 de

205 2791 338 2832 Boram
371 2793 535 2834 scripsit:
572 2792 773 2827 Habbiamo
808 2794 923 2827 inteso
959 2794 1004 2827 da
1039 2805 1086 2827 vn
1124 2795 1247 2827 nostro
1287 2794 1483 2838 conosciutj
1524 2794 1588 2827 che
1626 2793 1637 2826 l
1676 2793 1785 2838 padre
1821 2794 1963 2828 Canisio

202 2845 345 2885 quattro
381 2845 496 2887 giorni
530 2857 616 2879 sono
651 2858 711 2880 era
746 2849 890 2890 passato
926 2859 989 2891 per
1023 2847 1170 2880 Mantoa
1188 2848 1205 2881 ¹.
1244 2846 1314 2880 alla
1350 2846 1449 2880 volta
1487 2846 1521 2879 di
1560 2846 1682 2880 Roma.
1739 2847 1870 2880 Eodem
1907 2848 1963 2881 die

203 2895 242 2927 P.
269 2896 486 2930 Franciscns
511 2899 671 2932 Palmz'zts
699 2901 734 2932 S.
752 2901 787 2932 J.
816 2901 953 2942 colleqii
977 2901 1199 2933 bononiensis
1223 2905 1340 2934 rector
1364 2901 1531 2933 Bononia
1557 2901 1605 2933 ad
1621 2900 1795 2943 Bormam
1819 2902 1963 2943 scripsit

204 2948 244 2979 (Ze
267 2948 335 2981 PP.
358 2950 457 2982 Petro
479 2951 622 2985 Canisio
649 2956 678 2985 et
697 2953 810 2985 Paulo
828 2954 980 2995 Hoffaeo
1006 2964 1082 2986 cum
1110 2953 1245 2986 duobus
1272 2953 1455 2986 Societatis
1478 2953 1668 2995 fratribus,
1695 2963 1845 2995 quorum
1871 2954 1962 2986 alter

204 3004 279 3032 erat
305 3001 451 3034 Iacobus
478 3003 599 3036 Sekler
626 3006 673 3043 (v.
697 3015 809 3046 supra
837 3016 879 3038 m.
900 3006 1000 3047 800),
1029 3006 1227 3038 Bononiam
1254 3006 1425 3038 advectis:
1450 3005 1520 3038 Per
1546 3006 1675 3048 questa
1693 3005 1735 3039 V.
1755 3005 1962 3039 Reuerenza

205 3051 391 3086 intenderim
417 3065 515 3087 come
541 3055 647 3098 hoggi
684 3056 709 3089 il
736 3056 775 3090 P.
804 3056 944 3090 Canisio
971 3060 989 3090 0
1016 3058 1172 3091 arriuato
1209 3057 1262 3090 col
1287 3058 1326 3091 P.
1354 3057 1462 3091 Paolo
1490 3060 1526 3091 et
1551 3057 1607 3091 doi
1634 3057 1716 3090 altri
1742 3057 1887 3097 fratelli,
1925 3060 1961 3091 et

328 3173 337 3191 ¹
364 3173 532 3207 Mantuae
560 3175 747 3219 collegium
775 3177 963 3212 Societatis
990 3180 1145 3213 nondum
1171 3180 1349 3214 exstabat.
