2045 3471
568 199 664 234 Mon.
684 200 748 234 771
777 200 855 234 sive
881 199 979 235 herb.
1001 200 1066 243 (6).
1109 201 1161 235 14.
1182 201 1254 235 Ian.
1276 201 1378 236 1567.
1771 204 1854 244 699

93 319 196 370 aget
236 319 366 371 pater
406 318 519 359 serio
562 319 614 360 de
646 313 823 372 Collegij
866 319 1120 362 fundatione
1153 323 1197 362 et
1238 320 1482 374 prouisione
1515 334 1626 374 quae
1658 320 1856 363 facienda

93 384 160 424 est
192 381 235 423 in
267 384 476 435 tempore.
530 383 588 425 Et
619 383 700 424 hoc
732 384 938 437 scriptum
972 399 1102 426 manu
1135 398 1213 426 sua
1244 385 1434 427 firmabit
1466 385 1719 439 Episcopus
1755 388 1799 427 et
1831 399 1855 427 a

92 446 261 500 publico
294 446 490 489 notario³
522 449 859 490 confirmandum
894 449 1062 491 curabit
1093 449 1345 502 legittimeb.

209 544 287 578 Duo
313 544 426 589 prima
454 548 656 589 praecepta,
684 557 774 589 quae
800 546 858 579 hie
884 546 997 591 posui,
1026 547 1058 580 in
1087 546 1202 590 priore
1230 549 1330 591 parte
1357 547 1515 592 corporis
1543 548 1728 582 cuiusdam
1755 560 1854 593 prae-

90 598 274 641 ceptorum
301 609 322 631 a
339 597 470 631 Natale
490 598 633 632 Canisio
651 599 825 639 datorum,
853 611 873 632 a
894 599 930 633 Ρ.
951 599 1084 633 Didaco
1103 600 1262 633 Jimenez
1287 599 1318 634 S.
1339 600 1371 634 J.
1391 600 1603 645 conscripto,
1630 604 1852 646 comparent:

90 661 198 694 quam
223 650 374 694 priorem
402 653 540 695 partem
567 651 659 685 idem
685 653 846 686 Ja'mene:
870 652 1073 696 inscripsit:
1105 652 1222 694 „Quae
1249 652 1341 686 dixit
1366 652 1475 687 Pater
1500 654 1642 688 Natalis
1669 654 1853 700 Herbipoli

89 703 189 737 Patri
216 703 435 748 Prouincialj
471 704 515 738 26
542 704 754 738 Nouembris
783 705 905 739 1566*
958 705 1111 750 Reliqua
1145 709 1265 739 autem
1300 709 1492 751 praecepta
1527 707 1679 741 alteram
1715 711 1853 752 partem

89 755 186 790 illius
225 757 382 801 corporis
423 757 663 794 constituunt:
713 769 819 801 quam
859 758 1037 793 Jimenez:
1088 758 1210 801 „Circa
1251 758 1443 802 collegium
1482 759 1761 804 Herbipolense“
1804 761 1853 794 in-

88 809 245 854 scripsit,
279 812 440 854 tempore
466 822 535 843 non
562 810 728 854 ascripto.
780 812 950 844 Attamen
985 811 1075 845 baec
1110 823 1250 855 quoque
1280 815 1471 857 praecepta
1498 824 1518 846 a
1544 813 1672 847 Natale
1700 813 1852 855 Canisio,

88 873 166 896 cum
194 863 296 896 ambo
323 862 508 907 Herbipoli
535 863 577 896 de
604 862 753 907 collegio
780 863 934 897 dotando
960 866 1120 907 agerent,
1157 865 1241 898 data
1277 876 1367 906 esse,
1402 868 1439 899 et
1468 877 1513 899 ex
1539 865 1691 899 Ximenii
1719 867 1852 911 scripto

88 918 124 949 et
157 927 201 949 ex
235 916 437 960 praeceptis
464 916 552 960 ipsis
578 916 811 959 intellegitur.
864 916 1087 961 Quamquam
1115 920 1335 962 postremum
1371 918 1499 952 saltem
1526 922 1756 965 praeceptum
1782 931 1852 954 non

88 968 142 1003 26.
170 969 393 1009 Novembris,
429 970 492 1003 sed
519 969 550 1003 3.
578 969 636 1002 vel
662 970 694 1003 4.
723 970 930 1003 Decembris
956 972 1012 1003 est
1047 971 1190 1011 datum;
1225 982 1342 1015 neque
1368 971 1461 1005 enim
1492 972 1725 1016 „scriptura⁴‘,
1761 983 1852 1016 quae

87 1021 123 1055 in
158 1033 198 1056 eo
233 1024 544 1062 commemoratur,
580 1025 663 1056 ante
699 1022 729 1057 2.
758 1022 965 1057 Decembris
1000 1023 1166 1068 episcopo
1203 1027 1258 1058 est
1283 1024 1435 1065 tradita;
1471 1037 1587 1068 neque
1613 1029 1696 1059 ante
1727 1026 1758 1060 3.
1786 1026 1851 1059 De-

86 1074 238 1109 cembris
265 1075 332 1116 hic,
359 1075 443 1119 quid
471 1076 513 1109 de
540 1087 581 1109 ea
607 1076 768 1116 sentiret,
794 1075 1026 1119 significavit.
1077 1077 1143 1110 Die
1169 1078 1201 1110 4.
1229 1077 1437 1111 Decembris
1464 1077 1605 1112 Natalis
1631 1079 1718 1113 urbe
1744 1079 1851 1119 abiit;

87 1128 169 1162 vide
195 1140 304 1173 supra
330 1141 363 1174 p.
388 1129 467 1163 696.

86 1268 181 1305 771
208 1269 286 1304 sive
311 1268 463 1305 herl).
484 1268 580 1313 (6).
667 1269 953 1304 FRIDERICUS
989 1271 1017 1303 A
1055 1270 1329 1311 WIRSBERG,
1367 1272 1556 1316 episcopus
1590 1272 1849 1317 herbipolensis

276 1324 312 1357 et
349 1322 522 1357 Franciae
560 1322 744 1356 orientalis
783 1323 876 1364 duX,
916 1322 969 1358 S.
1005 1322 1392 1359 FRANGISCO
1433 1323 1524 1359 DE
1561 1323 1848 1364 BORGIA,

274 1377 478 1421 praeposito
504 1376 663 1420 generali
691 1375 881 1410 Societatis
908 1376 999 1411 lesu.
1224 1377 1411 1422 Hei-bipoli
1440 1379 1494 1412 14.
1512 1378 1670 1412 Ianuarii
1700 1379 1800 1413 1567.

203 1458 257 1492 Ex
285 1458 481 1503 archetypo
510 1458 582 1501 (2⁰2
612 1459 677 1500 l¹f2
697 1470 774 1503 pp.;
804 1459 837 1492 in
864 1470 897 1503 p.
916 1460 938 1493 4
964 1459 1069 1493 inscr.
1099 1462 1134 1492 et
1159 1458 1332 1503 reliquiae
1359 1459 1498 1503 sigilli),
1525 1472 1545 1493 a
1565 1460 1746 1494 Friderico
1772 1460 1848 1504 ipso

84 1510 288 1556 subscripto
327 1511 436 1556 ,Epp.
464 1511 582 1556 Episc.
613 1511 725 1555 (coll.)
754 1512 788 1545 I¹‘
828 1512 851 1545 f.
881 1512 950 1546 274
985 1512 1064 1546 275.
1118 1512 1302 1556 Epistulae
1337 1512 1483 1546 brevem
1519 1524 1693 1546 summam
1729 1514 1847 1558 posuit

83 1565 200 1608 Duhr,
229 1565 337 1599 Jes.l
366 1565 442 1598 123.

202 1641 270 1674 PP.
290 1642 432 1675 Natalis
458 1647 488 1675 et
517 1642 683 1675 Canz'sz‘us
718 1653 795 1674 cum
822 1642 980 1683 episcopo
1011 1646 1177 1684 eyerunt;
1211 1643 1269 1674 cui
1305 1643 1375 1674 iam
1411 1647 1505 1675 certa
1531 1654 1607 1685 spes
1641 1647 1688 1676 est
1714 1644 1849 1686 eolleqta·

82 1688 269 1738 'Herbipoli
287 1695 381 1728 brevi
398 1695 603 1728 incohandi.
640 1696 718 1737 Ipse
736 1695 906 1737 Boi-qiam
925 1699 1035 1738 myas,
1064 1700 1100 1727 ut
1127 1705 1166 1727 ea
1193 1695 1341 1728 consilia
1368 1696 1547 1737 confirmet
1572 1700 1601 1728 et
1619 1697 1666 1729 ad
1692 1697 1845 1739 effectwu

83 1749 247 1782 adducat.

202 1837 448 1879 Fridericus
480 1837 559 1879 Dei
600 1836 744 1890 gratia
776 1835 1016 1890 Episcopus
1049 1836 1375 1890 Herbipolensis
1417 1839 1461 1879 et
1494 1836 1729 1879 Orientalis

782 1901 992 1943 Franciae
1023 1902 1149 1943 Dux:

202 1973 446 2014 Admodum
478 1972 733 2014 Reuerende
766 1972 911 2022 Pater,
955 1971 1106 2014 Amice
1147 1972 1270 2014 nobis
1307 1972 1351 2014 in
1382 1972 1551 2014 Christo
1585 1972 1848 2014 sincere‘di-

83 2038 196 2080 lecte
229 2052 279 2080 ac
311 2038 585 2087 Venerande,
627 2040 881 2091 pergratum
915 2036 1037 2078 nobis
1069 2037 1165 2087 fuit,
1209 2037 1322 2090 quod
1355 2037 1402 2081 P.
1426 2037 1477 2080 V.
1512 2037 1661 2091 paucis
1693 2036 1848 2079 abhinc

85 2102 246 2153 diebus,
289 2102 456 2145 miserit
498 2103 552 2144 ad
593 2116 671 2144 nos
704 2102 754 2144 R.
779 2102 825 2144 P.
860 2105 904 2144 et
937 2102 1086 2144 doctos
1113 2102 1296 2144 Vestrae
1328 2102 1558 2145 Societatis
1591 2102 1847 2155 Theologos,

84 2167 136 2211 D.
160 2167 456 2210 Hieronimum
490 2167 710 2217 Natalem,
753 2170 798 2209 et
839 2167 890 2210 D.
914 2166 1090 2209 Petrum
1124 2166 1382 2217 Canisium¹‚
1424 2167 1537 2208 Nam
1579 2166 1730 2208 horum
1772 2166 1848 2208 ad-

84 2235 240 2275 uentus
273 2247 350 2274 nos
382 2246 646 2286 magnopere
680 2231 926 2281 delectauit,
970 2234 1014 2274 et
1047 2246 1142 2273 cum
1183 2232 1269 2273 illis
1309 2232 1476 2284 egimus
1509 2231 1752 2285 diligenter,
1796 2231 1847 2273 de

85 2298 307 2340 dotatione
348 2301 480 2351 atque
522 2296 776 2338 fundatione
808 2296 1000 2349 Collegii,
1044 2297 1155 2349 quod
1198 2311 1253 2338 ex
1285 2297 1472 2339 Vestrae
1505 2296 1735 2339 Societatis
1773 2296 1848 2338 ho-

84 2362 268 2404 minibus
300 2362 527 2405 instituere
559 2361 812 2415 iampridem
846 2361 1101 2414 cogitamus.
1155 2362 1281 2403 Nunc
1304 2375 1405 2403 uero
1428 2361 1666 2414 gaudemus
1698 2361 1848 2402 horum

85 2441 191 2480 quos
225 2427 313 2469 dixi
346 2441 491 2481 opera,
533 2440 624 2468 rem
656 2426 831 2468 tandem
866 2426 906 2467 in
941 2440 1036 2467 eum
1070 2427 1209 2468 locum
1243 2440 1337 2468 esse
1369 2426 1615 2476 adductam,
1649 2428 1699 2467 vt
1731 2428 1848 2468 certo

86 2493 365 2542 confidamus,
399 2506 483 2533 non
507 2492 658 2533 abesse
690 2491 886 2540 multum,
921 2490 1022 2543 quin
1046 2491 1179 2533 foelix
1212 2491 1336 2532 huius
1359 2490 1547 2544 institutj
1580 2490 1849 2544 principium,

84 2558 197 2611 quod
231 2573 257 2600 a
287 2557 436 2600 multis
459 2556 591 2598 etiam
623 2556 745 2597 bonis
768 2555 873 2597 viris
896 2558 1166 2609 expectatur,
1201 2557 1286 2598 cito
1314 2559 1604 2608 consequatur
1616 2557 1644 2598 2.
1698 2556 1849 2598 Coete-

86 2637 179 2664 rum
212 2637 296 2664 non
329 2625 588 2676 repetemus,
623 2635 734 2674 quae
767 2621 821 2662 ad
853 2620 989 2663 totius
1022 2621 1185 2674 negotii
1217 2621 1418 2674 vtrinquc
1450 2621 1661 2675 transactj
1695 2621 1848 2662 seriem

85 2687 316 2742 pertinent.
371 2686 570 2729 Scribent
602 2685 653 2727 de
685 2685 758 2726 illo
791 2688 938 2739 patres
972 2686 1296 2739 commemoratj
1311 2687 1339 2735 3,
1374 2689 1417 2728 et
1440 2685 1522 2727 duo
1555 2685 1717 2739 scripta
1739 2699 1849 2738 quae

86 2753 360 2794 adiunximus
405 2753 450 2793 et
494 2749 760 2792 authoritate
804 2753 977 2800 nostra,
1022 2750 1268 2804 publicique
1309 2749 1555 2792 tabellionis
1596 2752 1850 2793 confirmata

206 2845 234 2875 a)
256 2845 302 2869 Ita
324 2845 390 2868 Ναί.
411 2842 472 2874 ipse
493 2843 620 2867 cui-resi!
641 2850 677 2867 ea·
697 2841 728 2866 et
747 2848 850 2867 coram
872 2841 999 2867 notario.
1074 2841 1103 2870 b)
1126 2843 1186 2866 Hm·
1206 2850 1228 2866 ι’.
1250 2850 1266 2866 ιι
1289 2843 1355 2866 Nar.
1378 2842 1439 2872 ipsu
1459 2841 1591 2865 additum
1613 2845 1662 2866 est.

210 2972 311 3006 lDie
349 2972 405 3006 24.
433 2971 646 3006 Novembris
685 2971 776 3005 1566
816 2969 1035 3015 Herbipolim
1076 2972 1270 3005 venerunt:
1311 2969 1411 3003 initio
1451 2981 1495 3004 m.
1524 2969 1732 3004 Decembris
1770 2970 1850 3004 inde

87 3024 270 3065 abierunt:
298 3037 332 3058 V.
359 3036 469 3069 supra
495 3036 527 3068 p.
548 3024 747 3058 694—695.

207 3078 220 3098 ‘²
249 3077 294 3119 „ll
324 3077 450 3122 popolo
485 3076 702 3110 intendiamo
730 3075 794 3110 che
822 3075 986 3110 desidera
1016 3075 1126 3109 molto
1162 3075 1197 3108 la
1224 3075 1455 3120 Compagnia,
1492 3079 1529 3109 et
1553 3077 1611 3109 sta
1636 3076 1851 3120 aspettando

87 3141 151 3164 con
179 3130 289 3164 molta
316 3129 492 3163 auidita“:
528 3130 672 3163 Natalis
697 3128 850 3172 Borgiae
880 3129 934 3163 12.
953 3128 1161 3162 Decembris
1190 3129 1281 3163 1566
1311 3128 1414 3173 (Epp.
1435 3129 1555 3162 Nadab
1581 3128 1630 3162 111
1658 3127 1754 3171 334).

208 3184 221 3203 ³
247 3182 338 3216 Vide
364 3193 472 3227 supra
499 3194 531 3226 p.
552 3181 738 3216 364—369
766 3181 964 3216 694-696,
