2045 3471
415 201 510 235 Mon.
529 200 596 235 635
622 200 701 235 sive
727 212 809 244 aug.
831 200 867 245 (a
884 202 955 246 10).
995 203 1026 236 A
1051 214 1097 237 m.
1117 201 1213 248 Sept.
1241 202 1285 237 ad
1311 203 1396 238 Dec.
1418 204 1519 239 1565.
1758 206 1842 248 539

202 318 356 352 Sanctus
380 319 600 352 Franciscus
625 319 666 352 de
690 319 838 361 Boryza,
874 319 1060 353 Societatis
1085 321 1314 363 praepositas
1336 322 1524 366 yeneralis,
1555 323 1700 356 Canisio
1728 323 1842 356 Roma

83 371 227 404 abeunti
263 372 400 405 litteras
436 372 588 405 tradidit
622 372 736 405 Roma
774 374 830 405 28.
867 373 1079 415 Septembris
1116 376 1207 406 1565
1244 375 1292 406 acl
1327 375 1493 408 Ursalam
1530 376 1571 409 de
1605 376 1844 409 Lichtenstein

87 424 232 466 Georgii
255 425 307 457 II.
343 425 502 468 Fuyyeri
533 435 680 458 uxorem
714 425 839 466 datas;
871 426 993 458 scribit
1027 430 1141 459 autem
1177 427 1218 460 de
1251 428 1414 469 familiae
1446 429 1651 472 fayyericae
1684 430 1844 472 neqotiis,

83 478 125 509 de
148 477 276 520 quibus
300 478 442 521 Ursum,
477 478 571 521 quod
596 489 635 510 ea
660 479 897 520 fenerationis
922 480 1096 512 rationem
1122 480 1248 512 habere
1273 481 1535 524 suspicabatur,
1574 482 1761 515 consilium
1782 493 1844 525 pe-

81 530 188 563 tierat
223 530 319 572 (vide
351 542 464 574 supra
494 542 531 574 p.
559 531 660 574 534),
697 535 727 564 et
761 531 802 564 de
830 531 996 575 Cam‘sz'o,
1032 533 1094 575 qai
1130 532 1188 565 Pii
1212 533 1276 567 IV.
1313 535 1413 567 iussu
1447 534 1582 578 aliquot
1617 546 1746 568 menses
1774 546 1844 578 per

85 583 315 616 Germaniam
340 585 637 627 pereyrinatnrus
661 587 739 616 erat
765 585 859 625 (vide
883 595 998 627 supra
1021 597 1057 628 2).
1078 586 1141 626 99)
1153 597 1164 618 .·
1196 584 1369 626 Quamuis
1395 586 1504 620 Pater
1529 587 1661 621 Petrus
1679 587 1845 622 Canisius

81 634 281 680 Superioris
308 635 521 670 Germaniae
548 636 797 677 Prouincialis,
824 637 884 680 qui
910 636 976 671 has
1002 638 1100 682 ipsas
1126 638 1252 673 literas
1277 639 1379 680 feret,
1414 639 1498 673 uiua
1525 640 1594 673 erit
1620 640 1772 685 epistola
1798 641 1843 675 ad

81 699 122 722 ea
149 688 372 733 explicanda,
399 701 490 733 quae
515 689 557 723 D.
573 689 616 723 V.
644 689 847 733 intelligere
872 690 980 732 volet,
1015 691 1112 725 uolui
1138 693 1258 725 tamen
1284 691 1352 726 hac
1378 693 1566 726 occasione
1592 693 1728 727 reditus
1755 694 1843 736 eius,

80 742 240 776 salutare
266 742 309 777 D.
324 742 366 777 V.
394 744 578 777 Societatis
596 744 817 786 precationes
843 744 874 776 ei
899 745 1001 787 offert
1027 750 1131 788 atque
1155 746 1323 789 studium,
1350 757 1418 789 qao
1446 746 1543 779 Socii
1567 747 1615 779 acl
1634 747 1842 790 Philippum

79 799 110 829 et
139 796 368 830 Octavianum
402 797 496 838 filios
530 798 606 830 eius
639 797 678 829 in
704 797 845 840 colleyio
868 800 1073 840 yermanico
1109 799 1157 831 ad
1182 798 1320 832 litteras
1355 804 1385 832 et
1417 801 1580 841 pietatem
1606 801 1843 834 instituendos

77 850 258 891 ferantur.
302 848 401 890 Quod
428 849 471 883 ad
497 849 727 892 negociorum
753 850 929 884 rationem
955 851 1094 892 attinet,
1121 851 1152 884 si
1177 851 1213 884 in
1240 862 1371 894 genere
1398 851 1587 886 dicendum
1614 854 1670 886 est
1695 852 1843 897 aliquid,

79 913 148 935 non
174 901 426 936 existimamus
460 902 566 936 facile
593 904 801 937 contractus
827 915 950 937 omnes
985 903 1237 948 improbandos
1263 916 1354 946 esse,
1388 904 1510 949 aliqua
1546 905 1640 939 enim
1675 906 1843 941 fortassis

78 955 244 989 excusari
269 955 396 989 merito
422 955 580 1000 possint,
619 955 650 989 si
675 957 795 989 tamen
823 957 906 1000 quid
942 957 977 990 in
1004 957 1210 1001 particulari
1239 958 1403 992 exactius
1429 958 1619 992 dicendum
1645 961 1753 1000 esset,
1791 959 1843 993 in-

78 1008 329 1042 formationem
357 1008 528 1042 maiorem
554 1009 597 1042 de
625 1008 876 1044 Contractibus
902 1009 1115 1051 huiusmodi,
1151 1012 1187 1044 et
1212 1010 1255 1044 de
1281 1022 1403 1045 eorum
1428 1013 1558 1045 natura
1583 1011 1715 1046 habere
1741 1024 1842 1057 opor-

77 1062 182 1102 teret,
216 1064 322 1106 prout
355 1061 536 1105 intelliget
560 1061 602 1096 D.
621 1062 665 1096 V.
701 1062 746 1096 ab
782 1062 904 1096 eodem
945 1063 1053 1097 Patre
1081 1063 1234 1105 Canisio,
1271 1063 1372 1098 cuius
1407 1064 1609 1098 absentiam
1643 1064 1760 1099 adhuc
1794 1065 1840 1100 ad

77 1115 220 1159 tempus
255 1114 399 1159 aliquod
434 1126 548 1159 aequo
583 1115 701 1149 animo
736 1115 831 1149 ferat
863 1116 1009 1150 obsecro
1035 1116 1077 1150 D.
1098 1116 1139 1150 V.
1171 1128 1255 1150 nam
1289 1117 1333 1151 ad
1368 1129 1439 1151 non
1474 1117 1652 1152 mediocre
1678 1117 1744 1152 Dei
1779 1118 1838 1153 ob·

75 1167 250 1212 sequium,
277 1170 313 1201 et
339 1179 525 1202 commune
551 1168 692 1210 bonum,
720 1168 796 1203 eius
822 1169 1074 1213 peregrinatio,
1100 1171 1141 1203 ut
1165 1181 1353 1214 speramus
1379 1181 1526 1204 cessura
1552 1173 1617 1205 est.

75 1276 180 1314 635
207 1278 285 1314 sive
312 1288 435 1324 aug.
456 1278 513 1324 (a
532 1278 639 1324 10).
713 1278 742 1314 A
767 1288 814 1315 m.
839 1278 1045 1326 Septembri
1072 1277 1118 1315 ad
1143 1279 1376 1316 Decembrem
1401 1279 1495 1316 1565.

194 1344 250 1379 Ex
275 1345 477 1379 litterarum
502 1345 649 1380 Polanci
675 1345 881 1390 apographo
908 1346 1031 1379 eodem
1056 1348 1217 1391 tempore
1242 1346 1377 1391 scripto
1403 1348 1439 1380 et
1465 1358 1510 1380 ex
1536 1347 1606 1381 ΡΡ.
1626 1346 1838 1381 Theodorici

76 1396 210 1432 Canisii
236 1401 272 1432 et
298 1398 480 1433 Guilielmi
506 1398 660 1433 Elderen
686 1398 851 1443 epistulis
877 1399 1123 1443 autographis.
1171 1398 1312 1442 „G·erm.
1339 1400 1403 1434 65⁴‘
1433 1400 1458 1434 f.
1484 1401 1567 1441 15³;
1600 1400 1661 1443 „G.
1681 1400 1746 1446 Ep.
1761 1401 1832 1435 VI‘

75 1451 100 1485 f.
127 1451 196 1486 94¹³
221 1452 306 1493 88b;
338 1451 448 1497 „Epp.
474 1452 517 1487 It.
547 1453 637 1487 1565
663 1452 716 1486 II“
747 1452 772 1486 f.
795 1452 992 1487 190—191.

192 1523 347 1567 Boryias
371 1523 410 1557 P.
434 1523 662 1557 Guilielmam
681 1524 836 1556 Elderen
862 1525 901 1556 in
927 1524 1073 1556 Italiam
1098 1524 1153 1556 ire
1177 1524 1282 1567 iubet,
1309 1528 1347 1556 ut
1372 1524 1601 1557 Ferdinandi
1627 1525 1657 1558 I.
1683 1525 1836 1568 impera-

74 1577 162 1610 toris
198 1577 294 1618 filiae
330 1577 471 1620 eiusque
503 1577 668 1619 familiae
692 1578 928 1619 ‘yermanz'cae
965 1578 1222 1619 confessarium
1260 1582 1364 1619 aym,-
1392 1578 1507 1620 plara
1545 1577 1730 1611 Canisiam
1766 1580 1838 1622 ipsi

72 1630 254 1662 dictarum
280 1640 358 1663 esse.
413 1631 482 1671 Qui
507 1631 699 1673 Auqustae,
734 1634 773 1663 ut
799 1631 953 1663 Elderen
978 1631 1053 1662 sine
1079 1631 1283 1663 animorum
1310 1631 1501 1673 offensione
1526 1631 1693 1674 discedat,
1728 1632 1838 1674 efficit

72 1687 104 1716 et
128 1683 285 1725 eundem,
313 1687 350 1715 ut
368 1684 416 1716 ad
432 1694 573 1717 sacram
591 1684 710 1716 aedem
727 1684 975 1716 Lam-etanam
993 1683 1108 1726 adeat,
1134 1687 1164 1716 et
1190 1687 1228 1716 at
1246 1684 1293 1715 ad
1311 1684 1471 1726 reyinam
1495 1686 1622 1717 rarius
1640 1686 1837 1718 orationem

71 1747 214 1769 sacram
238 1736 374 1780 habeat,
400 1737 577 1771 hortatur.
632 1737 854 1770 Wemlelinas
879 1736 985 1769 Vo'lclc
1010 1741 1039 1769 et
1067 1736 1268 1779 Stephanus
1292 1737 1482 1771 Kreitzler.

192 1809 241 1851 P.
274 1808 458 1850 Ioannes
489 1809 712 1861 Polancus,
747 1809 964 1850 Sooietatis
1004 1809 1268 1862 secretarius,
1310 1809 1445 1851 Roma
1477 1812 1548 1852 22.
1583 1811 1837 1864 Septembris

75 1875 189 1915 1565
221 1873 270 1916 P.
296 1874 519 1915 Gailielnw
541 1874 725 1915 Elderen
755 1874 797 1915 S.
822 1873 864 1916 J.
889 1875 1103 1928 Auyustae
1136 1874 1298 1928 (leyenli
1329 1876 1497 1930 scripsit
1529 1876 1578 1917 de
1599 1876 1766 1917 Ioaana
1799 1881 1837 1918 et

73 1939 278 1980 Barbara
301 1939 577 1980 Ferdinandi
598 1939 631 1980 Ι.
659 1940 924 1993 imperatoris
943 1939 1125 1993 filiabus)
1160 1953 1267 1994 qaae
1289 1939 1518 1982 Franoe'seo
1548 1946 1584 1982 et
1606 1941 1833 1995 Alplzonso,

79 2003 256 2045 Tusciae
297 2008 331 2046 el
362 2004 596 2045 Ferrariae
629 2003 816 2056 dacibus,
856 2004 1086 2058 desponsae
1118 2009 1240 2045 erant
1271 2004 1327 2056 (v.
1361 2019 1495 2060 supra
1523 2020 1565 2060 p.
1600 2005 1732 2053 118):
1775 2006 1837 2048 Vt

73 2081 129 2109 ex
162 2068 293 2110 Patre
326 2067 585 2109 Prouinciali
616 2067 832 2121 intelliget
863 2068 913 2111 R.
934 2068 1000 2119 V.‚
1034 2068 1318 2112 constitutum
1351 2072 1418 2112 est
1450 2084 1475 2112 a
1498 2070 1629 2112 Patre
1652 2070 1706 2113 N.
1730 2070 1837 2113 Pre-

73 2133 215 2187 posito
249 2132 451 2175 Generali
481 2135 562 2175 ut.
588 2167 597 2176 .
623 2167 631 2174 .
655 2132 697 2174 in
720 2132 900 2174 Jtaliam
932 2146 979 2174 se
1012 2134 1209 2176 conferat
1241 2134 1292 2178 R.
1307 2134 1358 2178 V.
1382 2137 1427 2176 et
1458 2134 1538 2176 hoc
1572 2135 1614 2176 in
1647 2135 1835 2188 gratiam

74 2197 454 2240 Serenissimarum
495 2197 758 2250 Reginarum
806 2211 861 2239 ex
908 2197 1061 2250 quibus
1109 2212 1204 2240 cum
1247 2213 1334 2241 una
1377 2199 1646 2250 Florentiae,
1695 2201 1837 2242 altera

73 2262 301 2305 Ferrariae
333 2262 441 2304 Duci
482 2262 771 2316 desponsatae
812 2262 899 2305 sint
923 2297 932 2306 .
954 2277 1116 2316 negare
1147 2263 1233 2305 illis
1265 2278 1349 2305 non
1391 2264 1609 2318 potuimus
1641 2267 1836 2307 nostram

73 2341 264 2381 operam,
299 2341 425 2381 quam
448 2327 664 2369 instanter
685 2330 729 2370 et
752 2327 907 2370 deuote
929 2328 1207 2381 requirebant
1229 2342 1325 2370 cum
1347 2329 1605 2383 praesertim
1627 2329 1837 2372 familiam

73 2393 365 2446 germanicam
407 2407 492 2434 non
532 2392 743 2434 modicam
784 2392 872 2435 sint
912 2393 1161 2443 habiturae;
1205 2396 1248 2436 et
1288 2394 1332 2435 in
1372 2395 1501 2436 rebus
1542 2394 1838 2448 spiritualibus

72 2458 254 2500 aliorum
287 2472 419 2512 apera
452 2471 579 2511 quam
612 2461 858 2500 nostrorum
891 2460 939 2501 ut
970 2460 1163 2509 utantur,
1195 2459 1338 2501 induci
1360 2473 1445 2500 non
1477 2459 1680 2513 possint⁸.
1734 2459 1839 2502 Sus-

73 2522 204 2576 cipiet
247 2537 352 2576 ergo
393 2523 443 2565 R.
478 2522 530 2565 V.
562 2522 674 2564 hanc
715 2523 1109 2576 peregrinationem
1151 2538 1205 2565 ex
1250 2523 1497 2566 obedientia
1541 2527 1694 2566 sancta
1740 2538 1836 2566 cum

73 2587 207 2630 Pater
238 2587 522 2630 Prouincialis
563 2590 849 2641 opportunum
886 2588 980 2630 fore
1011 2588 1270 2630 indicauerit
1293 2622 1302 2631 .
1326 2603 1410 2630 non
1443 2591 1589 2630 tamen
1622 2588 1836 2632 habitabit

74 2655 202 2694 extra
225 2653 407 2706 collegia
428 2654 591 2702 nostra,
627 2666 754 2705 quam
778 2667 948 2694 crucem
981 2653 1190 2695 leuiorem
1223 2653 1388 2703 reddet,
1423 2656 1466 2696 et
1498 2657 1671 2706 gratam
1704 2654 1837 2696 etiam

73 2716 207 2760 faciet
247 2717 485 2772 spiritualis
527 2716 706 2767 utilitas,
748 2731 858 2770 quae
900 2717 998 2759 inde
1040 2718 1094 2759 ad
1136 2718 1296 2760 multos
1337 2718 1594 2761 redundabit
1619 2752 1627 2760 .
1652 2721 1696 2761 et
1736 2718 1837 2772 quia

75 2784 261 2833 caetera,
296 2782 492 2825 exactius
524 2781 741 2834 intelliget
773 2782 826 2824 ab
858 2782 952 2836 ipso
986 2782 1240 2824 Reuerendo
1274 2783 1405 2825 Patre
1439 2783 1700 2825 Prouinciali
1732 2784 1838 2826 nihil

73 2846 188 2888 aliud
220 2861 360 2900 agam,
396 2847 475 2888 nisi
510 2847 622 2900 quod
655 2847 700 2889 P.
724 2846 779 2889 N.
804 2846 1084 2901 praepositus
1116 2847 1345 2901 plurimum
1373 2848 1537 2890 salutat
1569 2848 1620 2890 R.
1647 2849 1730 2891 V.1
1764 2854 1836 2893 etc.

195 2932 222 2963 a)
242 2932 341 2965 possit
361 2941 408 2964 ap.

196 3034 206 3053 ¹
233 3033 330 3075 Quae
357 3035 550 3078 praecepta
576 3034 613 3066 et
636 3033 772 3066 monita
798 3032 949 3075 Borgias
977 3032 1046 3067 ΡΡ.
1067 3032 1259 3068 Guilielmo
1286 3032 1439 3068 Elderen
1466 3036 1501 3068 et
1528 3035 1721 3069 Laurentio
1748 3035 1837 3069 Her-

74 3085 233 3119 manutio
267 3085 482 3120 feminarum
519 3085 661 3119 illarum
697 3085 898 3130 principum
935 3086 1166 3121 confessariis
1193 3086 1340 3127 dederit,
1368 3087 1449 3120 vide
1485 3088 1578 3132 apud
1607 3089 1832 3131 Sacchinum,

76 3138 169 3172 Hist.
197 3138 231 3173 S.
251 3139 284 3173 J.
311 3139 372 3179 ill,
399 3139 422 3173 l.
444 3140 473 3179 1,
499 3150 533 3172 n.
553 3139 608 3173 66.
653 3139 810 3172 Ali-arus
831 3140 1069 3183 Cien-Fueyos
1095 3139 1128 3173 S.
1150 3139 1182 3173 J.
1210 3139 1252 3173 de
1278 3140 1428 3182 Borgia:
1461 3140 1680 3182 „Deseava“,
1708 3142 1834 3185 inquit,

78 3201 167 3235 „que
192 3190 246 3225 los
272 3194 439 3225 nuestros
465 3191 646 3225 hollassen
673 3203 736 3225 con
763 3192 820 3236 pie
846 3194 950 3226 cauto
977 3191 1029 3226 los
1049 3192 1224 3233 l'alacios,
1250 3204 1274 3237 y
1293 3204 1361 3237 que
1388 3193 1420 3227 el
1447 3195 1541 3227 trato
1569 3205 1634 3228 con
1660 3194 1714 3228 los
1733 3194 1836 3228 Prin-
