2077 3461
269 192 323 233 30
452 194 464 206 ·
749 190 849 226 1207.
878 190 1042 225 Canisius
1069 190 1101 225 S.
1122 191 1312 226 Francisco
1339 191 1380 226 de
1410 192 1550 236 Borgia.

272 310 474 361 „nimium
502 308 623 362 ficlit“
659 324 790 365 usque
822 311 881 351 ad
916 312 988 363 „in
1021 310 1264 353 censenslis“
1301 313 1399 354 exet.
1428 313 1472 363 (l.
1498 312 1553 364 e.)
1585 313 1806 354 immutata
1840 319 1937 355 sunt
1969 315 2028 355 *ita

266 374 490 424 (Canisius
524 374 574 415 de
605 374 788 416 Erasmo
820 375 1010 428 seribit):
1041 376 1200 417 abusus
1232 375 1305 417 ille
1336 375 1522 428 ingenio,
1556 376 1731 418 nimium
1765 377 1845 419 sibi
1877 378 2030 420 tribuit

267 452 317 479 ac
350 438 555 492 sumpsit:
587 440 680 481 tum
713 440 945 481 verborum
979 454 1107 492 quam
1139 454 1281 482 rerum
1315 441 1560 491 studiosior,
1596 455 1793 483 seuerum
1825 456 1871 484 se
1903 456 2029 496 prae-

266 502 359 544 buit
399 516 529 557 saepe
561 502 875 555 Aristarchum,
919 504 989 545 vbi
1031 504 1136 546 nihil
1178 507 1274 547 erat
1311 519 1501 548 necesse.
1566 506 1645 548 Ita.
1678 530 1736 534 —
1769 507 1852 549 Pro
1887 508 2029 560 „Dum

267 567 430 609 antem“
464 565 511 617 (l.
546 569 625 622 e):
666 568 774 618 Quid
816 570 929 622 quod
969 569 1166 612 libenter.
1200 594 1257 598 —
1299 571 1385 612 Pro
1428 571 1618 624 „eedere,
1661 577 1900 614 consecutus
1943 572 2024 614 est“

265 632 313 683 (l.
348 633 428 686 e.).·
468 633 652 675 cedere?
716 634 839 675 Vnde
880 633 922 675 id
965 635 1077 687 quod
1119 634 1336 685 videmus,
1381 638 1638 678 consecutus
1680 639 1760 679 est.
1805 662 1857 666 —
1895 637 2029 679 Verba

271 697 487 753 .,ictnzque“
524 713 651 754 usque
692 701 750 740 cccl
794 699 1026 752 „obtineat“
1073 701 1168 743 incl.
1202 699 1250 750 (l.
1284 700 1340 752 0.)
1374 702 1432 742 ita
1473 703 1695 742 immutata
1733 707 1854 742 sunt:
1894 703 2028 755 vtque

264 777 350 805 non
382 763 478 817 plus
510 763 583 805 ille
615 763 817 818 ponderis
851 763 964 817 apud
996 763 1090 818 pios
1122 764 1213 806 fere
1245 764 1417 814 habeat,
1462 779 1591 818 quam
1625 766 1738 819 apud
1770 766 2028 820 plaerosque

263 827 416 881 impios
449 841 560 869 nunc
592 829 704 870 solet
736 827 944 872 obtinere.
980 854 1033 859 —-
1067 829 1167 870 Post
1202 830 1439 882 „liberrime
1471 829 1627 872 censet“
1664 829 1712 881 (l.
1742 845 1774 873 c.
1806 832 1915 883 281)
1948 833 2028 873 ad-

268 893 358 935 dita
392 898 489 934 sunt
513 908 595 935 vv„-
626 893 710 934 iam
734 893 819 934 illis
841 893 1040 946 largitur,
1073 894 1159 935 iam
1183 894 1334 937 adimit
1355 894 1563 948 plurima:
1588 918 1645 923 —
1666 896 1783 937 Inter
1818 896 2023 948 „mentes“

264 963 300 999 et
345 957 624 1011 ‚‚demulcent“
669 957 716 1008 (l.
757 959 812 1010 e.)
855 960 1058 1000 insertum
1100 964 1159 1001 est
1199 959 1368 1001 verbnm
1410 961 1643 1012 Vtcunque.
1685 984 1743 988 -—
1783 961 1869 1002 Pro
1915 962 2027 1012 „iam

260 1038 465 1078 personas
506 1023 824 1065 Ecclesiasticus
863 1026 1044 1079 satyrice
1092 1029 1127 1066 et
1168 1026 1336 1066 inimice
1373 1024 1723 1081 perstrinyentes“
1768 1025 1816 1077 (l.
1852 1025 1931 1077 c.):
1978 1029 2028 1067 vt

262 1087 349 1128 iam
381 1101 588 1142 personas
614 1087 946 1130 Ecclesiasticas
979 1089 1168 1142 satyrice
1200 1089 1513 1142 perstringant.
1537 1115 1595 1120 -—-
1616 1091 1701 1132 Pro
1738 1090 2021 1144 „qarrientes“

263 1151 311 1202 (t.
345 1154 425 1205 e.).·
456 1152 667 1206 garriant.
698 1177 757 1181 ——
788 1154 873 1194 Pro
909 1154 1128 1206 „aniccno
1161 1154 1398 1196 ridentes&
1431 1154 1604 1197 rideant
1636 1155 1838 1197 Luciano.
1862 1178 1918 1183 —
1940 1155 2026 1196 Pro

268 1218 468 1271 ,defendi
496 1232 613 1273 posse
647 1218 859 1260 arbitr-02³<
894 1217 941 1269 (l.
976 1219 1055 1271 e.).·
1086 1218 1188 1260 mihi
1220 1219 1365 1260 facere
1397 1219 1559 1262 videor.
1589 1243 1645 1247 —
1668 1222 1777 1261 Ante
1812 1221 2024 1274 „pulcher-

264 1282 444 1324 ›·inzzcnz“
480 1284 528 1333 (l.
562 1284 618 1334 e.)
646 1285 829 1338 positum
872 1288 928 1325 est
968 1283 1109 1336 longe.
1144 1308 1201 1312 —
1233 1284 1318 1324 Pro
1356 1289 1417 1334 „et
1453 1284 1536 1325 ΜΓ(
1572 1283 1620 1334 (l.
1654 1285 1734 1332 c.).·
1775 1284 1835 1325 sic
1867 1284 1933 1326 ad.
1967 1309 2026 1314 —

262 1348 397 1389 Verba
433 1353 750 1403 „opportmzunz‚
784 1347 867 1389 sic“
904 1363 1031 1403 usque
1065 1350 1122 1390 ad
1149 1363 1260 1401 „rent
1285 1348 1493 1390 ‹zrcluamf‘
1522 1350 1620 1390 eret.
1645 1348 1694 1400 (t.
1715 1364 1746 1391 c.
1769 1350 2024 1397 &Sl—282)

263 1414 322 1454 ita
355 1419 452 1454 sunt
485 1415 727 1454 immutata:
769 1415 1028 1467 oportunum
1071 1413 1199 1455 debet
1240 1413 1493 1463 existimari,
1538 1417 1582 1456 et
1614 1413 1789 1467 dignum
1821 1427 1939 1464 sane,
1981 1413 2024 1454 in

264 1491 347 1530 quo
380 1491 476 1518 cum
508 1478 794 1530 Magistratus
836 1492 996 1528 omnes,
1042 1481 1133 1520 tum
1167 1478 1369 1533 Episcopi
1401 1493 1502 1520 suas
1536 1492 1690 1532 operas
1732 1480 1776 1520 et
1807 1478 2026 1532 impensas

263 1542 452 1584 maxime
484 1543 640 1585 locent.
703 1543 929 1596 Ingentem
963 1557 1066 1595 ergo
1098 1543 1271 1584 laudem
1311 1547 1355 1585 et
1386 1543 1574 1596 gratiam
1606 1543 1679 1584 ille
1711 1546 1902 1585 meretur
1933 1543 2024 1584 An-

262 1607 390 1650 tistes
404 1609 430 1658 1,
466 1608 537 1661 qui
569 1608 860 1662 superioribus
893 1607 1029 1650 annis.
1054 1632 1108 1635 ——
1133 1609 1219 1650 Pro
1256 1614 1318 1661 „et
1344 1609 1570 1663 perficere“
1606 1608 1654 1660 (t.
1679 1623 1710 1650 e.
1734 1610 1866 1661 ⁴282).-
1897 1607 2025 1661 idque

263 1673 481 1725 perficere.
514 1698 573 1703 ——
605 1674 721 1715 Inter
765 1672 984 1726 ‚,saerunz“
1029 1679 1066 1716 et
1104 1676 1309 1725 „extareff
1348 1673 1396 1724 (l.
1432 1674 1486 1726 c.)
1526 1675 1683 1715 inserta
1725 1678 1822 1714 sunt
1853 1687 1938 1715 viu:
1980 1673 2023 1714 in

264 1737 433 1780 Sueuia.
453 1762 513 1767 —
535 1739 620 1780 Pro
646 1738 855 1790 ,‚0THO“
885 1738 932 1790 (l.
952 1738 1032 1790 0.).·
1055 1737 1261 1780 OTTHO.
1282 1764 1337 1767 —
1354 1741 1464 1780 Ante
1489 1753 1520 1780 v.
1550 1737 1879 1790 „comem-atanz‘*
1903 1737 1950 1789 (l.
1968 1739 2023 1790 c.)

263 1804 459 1844 omissum
482 1808 539 1844 est
561 1803 636 1845 ita.
661 1827 717 1830 ——
740 1803 874 1844 Verba
901 1805 1176 1856 „inconcussa
1203 1802 1262 1854 (vt
1290 1805 1361 1857 pie
1393 1803 1683 1856 confidendum
1720 1804 1796 1853 est)
1820 1802 2024 1857 perstabit

262 1868 520 1922 Hieronymo
540 1868 725 1921 fauente,
747 1869 990 1923 Christoque
1009 1869 1134 1909 (Zicce“
1159 1870 1206 1919 (t.
1226 1868 1281 1917 0.)
1299 1870 1358 1909 ita
1384 1870 1603 1909 inmaritata
1626 1872 1746 1908 sunt:
1767 1867 2025 1908 inconcussa

262 1932 489 1985 perstabit,
518 1932 687 1974 Christo
712 1933 831 1975 duce.
855 1957 912 1961 —
935 1933 1033 1974 Post
1059 1933 1263 1985 „hostium
1286 1932 1484 1987 insidis&
1511 1937 1742 1987 sequnntur
1763 1946 1822 1974 ve.
1857 1935 1899 1973 et
1932 1932 2022 1973 bel-

261 1997 400 2038 lorum
422 1997 690 2040 tumultibus,
711 2021 763 2026 -
784 1999 999 2040 Postrema
1022 1999 1258 2039 litterarum
1278 1999 1400 2039 verba
1419 1996 1468 2048 (l.
1489 1998 1541 2045 c.)
1563 1998 1761 2038 Canisius
1784 1997 2020 2051 incipiendo

264 2063 314 2103 ab
345 2062 620 2116 „Confirmet“
658 2064 717 2104 ita
752 2064 1006 2104 immutavit:
1039 2062 1254 2104 Christum
1288 2062 1467 2103 IESVM
1500 2061 1599 2115 Opt.
1623 2061 1740 2103 Max.
1775 2074 1939 2114 precor,
1974 2065 2021 2103 Vt

262 2140 389 2179 quam
423 2127 564 2180 coepit
594 2127 637 2168 in
670 2127 791 2168 vobis
823 2128 1024 2180 gratiam,
1058 2141 1136 2181 pro
1168 2127 1379 2168 immensa
1411 2129 1501 2168 tum
1526 2127 1689 2168 virtute
1712 2129 1803 2168 tum
1827 2125 2020 2167 bonitate

261 2205 340 2233 sua
363 2193 599 2242 confirmet,
624 2196 756 2244 vtque
779 2192 933 2245 studijs
956 2192 1113 2233 vestris
1137 2191 1451 2233 honestissimis
1473 2190 1641 2232 fructus
1664 2193 1851 2244 optatos,
1878 2191 1932 2232 ad
1954 2190 2020 2232 sui

262 2255 444 2297 nominis
466 2256 661 2309 gloriam,
686 2259 729 2298 et
750 2256 793 2297 in
816 2257 1037 2298 Ecclesiae
1055 2256 1303 2298 Catholicae
1326 2255 1560 2298 vtilitatem
1585 2255 1781 2296 conferre
1804 2255 2017 2308 dignetur.

262 2321 487 2374 Augustae
519 2320 852 2371 Vindelicorum,
886 2335 997 2362 anno
1030 2324 1129 2374 post
1161 2320 1375 2362 Christum
1408 2322 1570 2361 natum.
1604 2319 1661 2361 M.
1678 2319 1730 2362 D.
1746 2319 1875 2361 LXV.

381 2400 545 2436 Canisius
570 2401 716 2444 Dilinga
744 2401 796 2436 10.
816 2401 999 2435 Februarii
1027 2402 1116 2436 1565
1135 2400 1287 2444 Borgiae
1313 2400 1476 2445 scripsit:
1507 2400 1716 2442 „Recudnnt
1739 2399 1904 2443 Dilingae
1930 2411 2019 2444 opus

260 2453 460 2498 Epistolare
486 2454 527 2488 D.
555 2454 770 2488 Hie1·0nimi“
803 2454 926 2499 (supra
961 2466 992 2498 p.
1021 2454 1069 2497 9).
1122 2454 1231 2488 Cuius
1266 2453 1406 2487 litteras
1442 2453 1679 2487 dedicatorias
1717 2455 1813 2486 certe
1853 2452 2017 2486 Canisius

261 2507 434 2548 absolvit,
469 2510 661 2551 antequam
698 2509 852 2540 exeunte
887 2518 931 2541 m.
968 2507 1080 2551 Aprili
1118 2508 1283 2549 Augusta
1318 2506 1467 2540 Romam
1501 2506 1788 2550 proficisceretur
1833 2504 1891 2549 [cf.
1924 2505 2018 2538 infra

263 2571 353 2594 mon.
371 2560 409 2594 it.
432 2560 512 2604 <7)].
556 2560 672 2602 Quare
698 2572 779 2593 eum
805 2560 897 2593 inter
924 2571 968 2593 m.
988 2560 1191 2593 ianuarium
1218 2562 1253 2592 et
1271 2559 1431 2603 Aprilem
1455 2570 1486 2593 a.
1509 2560 1596 2593 1565
1624 2570 1684 2593 eas
1711 2559 1850 2592 dedisse
1877 2569 2014 2592 censeo.

262 2613 325 2646 Die
361 2616 481 2647 autem
516 2614 572 2647 29.
598 2613 720 2646 Martii
750 2614 838 2647 1565
874 2613 909 2646 in
943 2613 1181 2646 universitate
1208 2611 1389 2654 dilingana
1416 2613 1566 2646 rectoris
1593 2612 1748 2646 officium
1781 2623 1844 2656 per
1870 2611 2016 2645 Petrum

262 2665 443 2700 Canisium
470 2666 711 2711 praepositum
745 2665 1000 2710 provincialem
1027 2677 1059 2699 a.
1086 2665 1123 2699 P.
1152 2664 1306 2698 Henrico
1332 2664 1503 2709 Dionysio
1530 2665 1563 2698 S.
1591 2665 1622 2698 J.
1658 2663 1874 2697 translatum
1900 2666 1955 2697 est
1979 2663 2015 2696 in

261 2718 300 2752 P.
320 2718 578 2753 Theodoricum
606 2719 803 2759 Canisium3
837 2719 882 2752 cf.
907 2719 1001 2752 infra
1027 2729 1120 2752 mon.
1148 2717 1206 2751 dil.
1229 2718 1295 2761 (5).
1345 2717 1433 2751 Mihi
1460 2718 1576 2761 magis
1602 2717 1780 2761 probatur,
1807 2720 1889 2750 ante
1915 2716 2014 2749 illum

261 2771 353 2804 diem
381 2771 513 2806 Canisii
538 2773 678 2806 litteras
705 2771 942 2806 dedicatorias
968 2782 1047 2804 esse
1074 2771 1187 2804 datas.

262 2862 415 2898 1207.
514 2865 729 2900 CANISIUS
757 2862 1021 2900 SANCTO
1049 2861 1437 2899 FRANOISGO
1467 2861 1557 2897 DE
1584 2859 1870 2902 BORGIA,
1897 2861 2012 2895 Socie-

425 2918 513 2951 tatis
540 2919 620 2952 Iesu
646 2919 779 2952 vicario
806 2918 975 2962 generali.
1172 2918 1338 2960 Augusta
1364 2915 1629 2949 Vindelicorum
1655 2916 1686 2948 3.
1713 2914 1835 2947 Martii
1864 2914 1963 2947 1565.

378 2980 434 3014 Ex
459 2982 675 3026 apographo,
703 2983 795 3026 quod
821 2983 886 3016 sub
913 2994 943 3016 a.
966 2982 1055 3017 1860
1081 2983 1229 3015 curante
1257 2982 1368 3014 Boero
1396 2992 1441 3013 ex
1466 2979 1661 3023 archetypo
1692 2978 1762 3019 (2⁰;
1799 2977 1888 3017 2ff.;
1925 2976 2009 3010 Can.

259 3045 323 3067 sua
350 3045 456 3067 manu
482 3046 607 3068 nomen
636 3035 819 3077 [„seruus“
850 3034 930 3078 etc.]
957 3035 1172 3078 subscripsit
1198 3037 1233 3067 et
1263 3033 1562 3076 „Postscriptum“
1593 3032 1740 3075 posuit),
1766 3030 1802 3063 in
1833 3029 2005 3071 „E.C.1.“

258 3098 293 3120 n.
315 3087 380 3120 1-54
408 3087 448 3130 (f.
469 3087 511 3120 57
539 3086 599 3129 58)
628 3088 752 3130 posito,
779 3088 1009 3132 exscriptum,
1036 3087 1102 3121 snb
1121 3099 1151 3121 a.
1174 3087 1262 3121 1903
1290 3098 1369 3120 cum
1396 3085 1515 3118 eodem
1542 3084 1738 3128 archetypo
1757 3083 1924 3117 collatum
1943 3088 2008 3115 est.

380 3180 390 3198 ¹
418 3178 502 3213 Otto
528 3179 726 3213 Trnchsess
752 3180 794 3213 de
820 3180 1031 3223 VValdburg,
1059 3179 1250 3213 cardinalis
1276 3180 1311 3212 et
1337 3179 1559 3221 augustanus
1586 3177 1784 3222 episcopus.
