2045 3471
225 214 308 255 472
707 208 808 243 1443.
837 207 1002 241 Canisius
1029 206 1062 241 S.
1080 206 1272 241 Francisco
1299 206 1340 239 de
1367 204 1508 248 Borgia.

224 329 372 378 amari,
418 331 461 371 et
503 328 556 370 ob
597 327 797 370 timorem
837 341 922 369 non
964 326 1123 368 audere
1154 325 1315 367 fratres
1357 337 1452 365 cum
1494 322 1626 364 Patre
1667 335 1744 363 suo
1786 320 1982 363 conferre

222 395 417 444 fidenter,
460 396 504 435 et
545 406 591 434 se
631 391 694 433 illi
735 391 915 446 aperire.
979 391 1074 444 Ego
1114 404 1218 432 uero
1252 389 1333 430 duo
1375 388 1442 430 uel
1484 387 1570 430 tria
1608 386 1653 428 in
1684 386 1871 428 Rectore
1902 385 1982 427 hoc

224 459 409 500 maxime
443 457 736 500 desiderarim.
790 457 980 498 Primum
1013 455 1183 509 quidem
1216 456 1263 496 ut
1297 455 1413 495 esset
1443 451 1594 501 iunior,
1629 451 1666 492 si
1697 450 1789 492 fieri
1821 454 1980 504 posset.

223 523 334 565 Nam
368 522 515 564 uidere
548 522 708 572 uideor,
742 521 920 564 senilem
954 523 1144 563 aetatem
1177 520 1288 561 hanc
1320 518 1367 561 P.
1390 516 1540 570 Lanoij
1573 516 1648 558 uix
1680 530 1706 557 a
1728 515 1980 568 quibusdam

221 588 339 642 uitijs
371 587 581 630 uindicari
612 601 753 642 posse.
818 586 968 639 Pergit
999 585 1133 639 igitur
1165 597 1260 626 esse
1293 582 1517 632 morosior,
1552 580 1778 632 difficilior,
1822 579 1980 628 durior,

222 652 477 696 concitatior
501 668 510 694 ε
534 652 608 694 sed
650 665 788 704 neque
829 651 999 692 fidelem
1039 649 1201 692 retinet
1232 647 1483 690 memoriam
1524 648 1625 688 ante
1667 645 1892 694 dictorum,
1933 646 1982 686 ut

221 718 286 760 sui
319 718 550 771 aliquando
583 717 784 759 uideatur
816 716 987 758 oblitus
1052 715 1172 756 Haec
1213 727 1362 755 senum
1395 711 1502 754 uitia
1543 710 1680 753 aetati
1720 713 1820 751 sunt
1852 722 1982 763 saepe

222 783 515 832 condonanda,
557 782 632 823 sed
674 795 785 834 quae
824 782 1009 823 fratrum
1051 782 1198 821 tamen
1231 781 1275 821 et
1315 776 1666 831 imperfectorum
1700 774 1866 816 animos
1896 787 1982 815 non

222 862 373 902 parum
406 849 624 897 exercent,
659 860 709 888 ac
742 844 1100 899 gubernationem
1132 842 1412 896 tranquillam
1440 841 1692 895 impediunt,
1725 838 1980 893 praesertim

222 912 292 954 ubi
314 913 475 955 Rector
497 913 612 953 solus
636 911 727 952 fere
760 911 852 963 agit
885 912 929 952 et
952 923 1082 962 agere
1106 908 1200 950 vult
1223 907 1376 957 omnia,
1411 920 1488 948 nec
1520 906 1652 947 habet
1675 904 1795 954 alios,
1829 903 1982 956 quibus

222 977 264 1019 in
296 977 533 1020 ministerio
565 976 684 1018 fidat.

340 1043 535 1084 Alterum
561 1041 673 1094 quod
695 1041 739 1082 in
761 1041 872 1081 bono
896 1040 1027 1081 Patre
1060 1037 1222 1088 notaui,
1257 1037 1406 1079 natiua
1429 1039 1496 1078 est
1518 1035 1732 1077 seueritas
1758 1036 1802 1077 et
1834 1033 1980 1086 singu—

221 1107 324 1149 laris
358 1107 529 1159 quidam
564 1107 678 1148 zelus
710 1105 753 1147 in
787 1105 1001 1157 exigenda
1023 1106 1068 1146 et
1099 1102 1372 1157 impetranda
1393 1101 1589 1155 perfecta
1611 1100 1730 1142 uitae
1751 1098 1981 1151 religiosae

222 1171 459 1226 disciplina.
513 1171 659 1224 Jgitur
692 1172 893 1212 austerus
927 1172 993 1211 est
1026 1168 1104 1210 sibi
1138 1181 1282 1221 saepe,
1316 1181 1394 1208 nec
1425 1166 1622 1219 indulget
1654 1163 1837 1218 corpori,
1871 1177 1981 1216 quae

220 1237 528 1291 ingrauescens
561 1239 684 1278 aetas
716 1235 911 1290 postulat
935 1249 943 1276 :
968 1234 1043 1276 sed
1066 1233 1137 1286 qui
1160 1233 1268 1286 alijs,
1303 1231 1558 1286 praesertim
1590 1229 1772 1272 tent-atis
1795 1231 1839 1270 et
1860 1228 1981 1270 uale-

220 1302 461 1355 tudinarijs,
496 1301 637 1343 minus
669 1300 833 1354 rigidus
867 1313 962 1342 esse
994 1300 1181 1353 poterat,
1215 1311 1264 1339 eo
1299 1296 1553 1351 praesertim
1577 1295 1620 1336 in
1651 1295 1758 1344 loco,
1793 1293 1865 1346 qui
1896 1307 1981 1335 non

222 1381 359 1421 pauca
391 1367 551 1409 nostris
584 1365 728 1408 adfert
760 1364 1044 1413 incommoda,
1087 1362 1317 1417 praecipue
1350 1375 1446 1403 cuni
1479 1361 1566 1402 sint
1597 1359 1814 1402 montibus
1846 1358 1980 1400 inter-

221 1432 348 1483 clusi,
394 1446 495 1474 aere
539 1445 692 1473 sereno
740 1433 784 1473 et
828 1430 988 1472 salubri
1034 1441 1164 1482 saepe
1210 1426 1429 1475 destituti,
1476 1424 1668 1467 carnium
1713 1428 1758 1467 et
1800 1423 1979 1478 piscium

222 1497 399 1551 penuria
441 1497 704 1546 laborantes,
748 1498 830 1537 etc.
894 1495 1041 1548 Jgitur
1084 1491 1378 1535 consolatione
1421 1489 1618 1533 Hectoris
1661 1492 1853 1543 egerent,
1894 1502 1980 1529 non

221 1562 345 1604 minis
390 1564 520 1615 atque
562 1561 803 1604 terroribus
847 1560 917 1602 uel
958 1557 1351 1612 obiurgationibus,
1401 1569 1507 1609 quas
1549 1555 1675 1596 audio
1717 1554 1843 1596 nimis
1893 1553 1980 1595 fre—

221 1629 401 1681 quentes
434 1640 543 1669 esse.

338 1691 573 1734 Praeterea
606 1690 717 1743 quod
740 1690 795 1732 ad
817 1689 979 1731 uictum
1003 1687 1241 1742 parandum
1265 1685 1436 1736 attinet,
1469 1698 1672 1738 magnam
1694 1685 1736 1725 in
1760 1697 1810 1726 eo
1834 1696 1979 1725 curam

220 1756 339 1811 ponit
361 1756 534 1806 Rector,
568 1770 692 1809 quem
717 1755 905 1797 victum³⁵
926 1753 1117 1795 iudicant
1150 1751 1326 1793 nimium
1348 1764 1443 1792 esse
1475 1749 1689 1803 frugalem
1712 1751 1756 1791 et
1788 1761 1977 1802 parcum,

220 1822 287 1864 uel
320 1821 432 1863 male
465 1823 647 1870 coctum,
681 1823 729 1862 ut
763 1819 898 1861 Gallis
931 1819 999 1859 uel
1031 1816 1238 1871 Hispanis
1270 1816 1409 1868 magis
1442 1828 1568 1868 quam
1593 1813 1818 1855 Germanis
1850 1813 1978 1855 satis-

220 1886 364 1928 facere
396 1886 546 1940 possit.
611 1885 723 1927 Hinc
756 1883 923 1926 accedit
955 1885 1107 1937 postea
1139 1880 1320 1934 suspitio
1353 1879 1619 1928 tenacitatis,
1663 1878 1786 1931 quasi
1818 1878 1979 1920 Rector

221 1965 303 1993 non
337 1950 592 2005 spiritualia,
628 1949 703 1991 sed
735 1949 879 2003 potius
911 1946 1177 2001 temporaria
1210 1959 1419 1999 quaerere
1451 1944 1665 1987 uideatur.

337 2017 431 2069 Ego
465 2016 516 2057 de
548 2014 614 2056 his
647 2014 717 2068 egi
749 2027 843 2055 cum
876 2012 1061 2055 Rectore
1094 2025 1251 2061 coram,
1295 2009 1488 2051 suauiter
1519 2011 1666 2050 tamen
1699 2010 1743 2050 et
1775 2021 1902 2060 agam
1934 2007 1977 2049 in

220 2080 480 2124 Visitatione
520 2080 689 2129 iterum,
732 2082 781 2121 vt
821 2078 1007 2132 rigorem
1049 2077 1162 2117 hunc
1202 2078 1385 2117 naturae
1426 2077 1470 2116 et
1502 2073 1752 2127 disciplinae
1792 2073 1976 2122 relaxet,

219 2146 444 2199 magisque
477 2145 554 2187 sibi
590 2144 789 2186 conciliet
821 2143 1008 2185 fratrum
1041 2141 1207 2183 animos
1239 2139 1510 2182 humanitate
1544 2138 1730 2191 quadam
1762 2140 1806 2179 et
1838 2137 1976 2179 facili-

219 2214 324 2260 tate,
359 2210 395 2252 si
426 2210 523 2252 illos
554 2210 598 2251 in
631 2209 772 2251 officio
804 2210 954 2250 tenere
986 2206 1106 2255 uelit,
1149 2205 1220 2259 qui
1252 2204 1462 2259 paulatim
1496 2204 1559 2245 ad
1601 2202 1976 2257 perfectiora1

219 2275 477 2330 perducendi
509 2277 622 2325 sunt,
657 2278 700 2317 et
733 2273 871 2315 adhuc
905 2273 1017 2314 lacte
1039 2271 1247 2324 indigent,
1282 2270 1416 2311 donec
1439 2270 1483 2310 in
1505 2268 1659 2323 spiritu
1682 2267 1933 2309 adolescant
1945 2268 1974 2310 2.

220 2341 299 2382 Est
342 2340 515 2383 interim
560 2340 670 2381 bono
712 2339 806 2380 viro
855 2336 1181 2385 condolendum,
1228 2336 1299 2388 qui
1332 2349 1357 2376 a
1398 2333 1696 2376 sacerdotibus
1740 2332 1785 2374 P.
1819 2331 1974 2381 Dirsio‚

222 2405 262 2447 P.
290 2405 422 2447 Paulo
436 2406 464 2454 3,
510 2404 554 2446 Ρ.
579 2404 778 2446 Joanne4
811 2403 982 2445 Saxone
1014 2415 1127 2442 nunc
1160 2399 1459 2442 contionatore
1491 2412 1643 2452 parum
1676 2396 1835 2450 accipit
1875 2396 1976 2438 sub-

220 2470 328 2524 sidij,
363 2473 412 2513 vt
434 2469 678 2511 Ministrum
712 2471 756 2511 et
788 2466 1112 2509 subministrum
1144 2465 1274 2506 fidum
1307 2464 1496 2518 reperire
1527 2477 1613 2504 non
1644 2461 1793 2516 possit,
1828 2464 1872 2502 et
1904 2462 1976 2514 qui

219 2535 336 2578 uidet
378 2534 590 2576 seniorum
625 2534 869 2587 exemplum
905 2531 1144 2586 junioribus
1177 2543 1331 2572 nocere
1344 2529 1369 2579 ¹³,
1412 2531 1505 2571 tum
1536 2527 1611 2569 uix
1642 2527 1774 2568 ullum
1808 2526 1974 2575 adesse,

219 2600 289 2653 qui
330 2600 386 2642 sit
427 2600 470 2641 in
510 2599 665 2653 spiritu
707 2598 930 2640 societatis
972 2597 1105 2650 probe
1146 2595 1366 2637 fundatus.
1431 2593 1537 2635 Oret
1577 2606 1653 2646 pro
1691 2590 1813 2633 nobis
1845 2591 1892 2634 P.
1926 2591 1972 2633 T.

219 2671 266 2707 ut
298 2665 394 2706 huic
428 2663 623 2717 collegio,
667 2663 778 2716 quod
821 2662 967 2704 multis
1010 2664 1077 2703 est
1114 2659 1441 2702 difficultatibus
1474 2656 1718 2705 obnoxium,
1760 2656 1842 2698 rite
1874 2669 1974 2697 con-

220 2731 402 2773 sulatur.

337 2793 457 2843 Quod
499 2793 551 2835 ad
594 2791 890 2835 Confessarios
932 2790 1195 2843 Reginarum
1237 2791 1421 2843 spectat,
1467 2787 1539 2840 qui
1579 2799 1709 2839 saepe
1749 2785 1972 2838 languent,

221 2871 302 2899 non
335 2858 472 2908 uideo,
515 2857 798 2899 mutationem
832 2856 965 2897 ullam
998 2855 1165 2897 institui
1197 2867 1337 2907 posse.
1401 2852 1518 2902 Quae
1560 2863 1730 2892 sorores
1768 2849 1811 2890 in
1843 2863 1974 2890 vnum

221 2922 463 2964 consentire
495 2922 668 2964 Patrem
711 2920 979 2975 spiritualem
1022 2919 1194 2967 nolunt,
1239 2917 1314 2959 sed
1355 2930 1477 2958 suum
1519 2927 1713 2968 quaeque
1755 2914 1973 2967 proprium

339 3018 365 3047 a)
388 3019 446 3042 Hoc
468 3026 490 3043 υ.
510 3026 603 3050 snpra
624 3026 737 3044 versum
757 3019 898 3049 scriptum
919 3019 968 3042 est.
1043 3016 1072 3043 b)
1095 3016 1231 3047 Sequitur
1251 3012 1423 3046 aliquando,
1443 3012 1531 3037 omitt.

345 3146 351 3163 ¹
378 3145 475 3178 Hebr
502 3146 531 3184 6,
563 3147 591 3178 1.
738 3147 748 3165 ²
776 3145 830 3179 Cf.
857 3145 955 3179 Hebr
982 3145 1013 3184 5,
1042 3144 1103 3178 12:
1134 3144 1149 3177 1
1180 3144 1246 3177 Cor
1273 3143 1303 3181 3,
1332 3142 1362 3175 2.

341 3197 353 3216 ³
380 3196 615 3230 Hetzcovaeo.
762 3200 772 3217 ⁴
798 3197 1003 3241 Merquitio.
