2077 3461
275 195 356 236 194
440 192 541 228 1286.
569 192 733 227 Canisius
760 193 793 227 S.
812 193 1002 228 Francisco
1030 195 1072 228 de
1098 195 1239 238 Borgia.
1276 196 1442 239 Augusta
1460 196 1566 231 Vind.
1588 198 1640 231 14.
1659 197 1761 232 Febr.
1783 198 1882 233 1566.

388 310 722 352 Deliberandum
764 326 986 366 sumpsere
1018 313 1232 363 Canonici‚
1279 314 1415 356 velint
1456 321 1534 356 nea
1573 329 1640 357 me
1681 316 1853 358 restitui
1894 316 2024 370 priori

272 375 363 417 loco
409 375 730 418 contionatoris.
794 377 887 430 Ego
934 381 1050 419 certe
1096 391 1180 419 non
1226 378 1366 420 ambio
1413 393 1566 421 munus
1609 381 1689 422 1100
1732 381 1905 423 difficile
1948 395 2025 435 per

270 440 665 493 Quadragesimam,
698 441 955 494 praesertim
986 442 1065 483 hoc
1087 444 1282 496 tempore
1305 443 1599 486 Comiciorum.
1652 445 1872 489 Minantur
1894 446 2023 488 etiam

267 504 468 555 Jesuitis,
515 505 657 546 nescio
700 519 848 558 quam,
893 506 1204 559 expulsionem.
1268 507 1485 550 Vtinam
1527 514 1764 562 regnent
1804 510 1866 552 illi
1906 511 2024 552 sine

268 568 467 619 nobisl,
502 572 546 611 et
578 583 655 611 nos
688 570 741 611 ab
774 570 854 611 hac
887 570 1144 621 conditione,
1179 585 1289 624 quae
1312 586 1405 613 cum
1439 572 1638 615 instituto
1663 566 1810 617 nostro
1843 578 2022 629 pugnat,

267 632 588 676 liberaremur2.
642 633 909 676 Cardinalis3
940 634 1022 677 hac
1055 635 1106 677 de
1137 649 1185 677 re
1217 637 1379 690 poterit
1412 638 1643 681 admoneri.
1698 639 1781 681 Sed
1811 639 1848 681 is
1881 640 2021 690 debet,

266 701 314 740 ut
346 698 511 749 audiob,
554 700 609 740 40
643 699 777 740 millia
818 699 1071 742 ducatorum
1112 700 1180 742 uel
1222 701 1494 752 florenorum,
1535 706 1711 757 praeter
1752 704 1838 746 alia
1879 704 2024 746 debita

266 763 506 805 uetustiora
540 797 548 806 .
583 763 781 816 quicquid
834 764 1009 805 tandem
1063 765 1185 806 nobis
1247 766 1476 819 promittat
1491 773 1513 809 ⁰.
1593 768 1800 810 Dominus
1851 769 2021 811 JESVS

266 827 498 870 nobiscum.

1466 891 1591 932 Jdem
1624 892 1669 933 P.
1694 892 1900 935 Canisius.

383 982 475 1015 Huic
501 981 686 1026 epistulae,
715 982 856 1026 quando
883 983 926 1016 ad
953 995 1057 1027 quem
1086 985 1169 1018 data
1196 988 1300 1026 esset,
1329 987 1524 1031 ascriptum
1542 998 1611 1021 non
1629 990 1694 1022 est.
1733 987 1788 1022 Ex
1806 989 1884 1033 ipsa
1901 991 2022 1023 tamen

265 1034 370 1068 facile
405 1034 642 1076 cognoscitur,
679 1046 766 1075 eam,
804 1047 823 1069 a
855 1036 995 1070 Canisio
1023 1039 1189 1080 Augusta
1224 1049 1345 1072 mense
1371 1039 1563 1073 Februario
1598 1052 1629 1074 a.
1659 1041 1748 1075 1566
1783 1042 1827 1075 ad
1852 1042 2020 1086 Borgiam

265 1087 393 1128 datam,
429 1088 552 1121 alteris
586 1088 718 1122 litteris
754 1089 797 1123 ab
825 1090 945 1123 eodem
983 1090 1025 1123 ad
1064 1091 1214 1125 eundem
1249 1092 1371 1125 eodem
1408 1092 1484 1127 fere
1510 1097 1669 1138 tempore
1696 1095 1789 1128 datis
1815 1095 2019 1130 adiunctam

263 1151 351 1174 esse.
379 1140 489 1174 Binae
515 1143 635 1174 autem
653 1141 853 1176 huiusmodi
873 1142 1016 1176 litterae
1036 1146 1190 1185 exstant,
1217 1144 1351 1178 alterae
1372 1145 1437 1187 14„
1464 1145 1600 1180 alterae
1619 1147 1673 1183 23.
1693 1147 1877 1181 Februarii
1896 1148 2000 1182 datae
2012 1162 2019 1189 3

263 1204 341 1226 cum
368 1193 465 1227 hisce
492 1193 656 1238 epistula,
684 1206 790 1238 quam
817 1196 929 1239 posui,
956 1207 1024 1229 non
1053 1196 1236 1240 congruit;
1263 1209 1343 1231 cuin
1370 1197 1440 1232 illis
1459 1200 1642 1242 congruit,
1670 1199 1778 1234 habet
1803 1201 1895 1234 enim
1914 1200 2021 1236 haec:

266 1245 562 1287 „Deliberandnm
597 1258 785 1292 sumpsere
812 1248 989 1289 Canonici,
1027 1249 1140 1283 velint
1166 1261 1209 1284 ne
1235 1261 1291 1284 me
1317 1251 1459 1285 restitui
1485 1253 1594 1296 priori
1619 1253 1696 1286 loco
1722 1254 2019 1295 contionatoris&

262 1299 317 1332 die
344 1310 428 1333 vero
455 1299 510 1333 23.
536 1299 718 1334 Februarii
746 1300 910 1335 Canisius
936 1302 1080 1336 scribit:
1112 1302 1300 1344 „Canonici
1327 1305 1471 1338 tandem
1498 1309 1708 1347 annuerunt,
1734 1309 1774 1340 ut
1798 1306 1947 1340 redirem
1976 1307 2020 1341 ad

263 1351 497 1386 Cathedram*
530 1353 627 1394 (vide
653 1354 745 1387 infra
772 1365 803 1398 p.
826 1354 927 1396 198J:
956 1357 1142 1398 praeterea
1168 1367 1212 1389 ex
1231 1356 1377 1390 Polanci
1403 1357 1534 1391 litteris
1564 1359 1615 1392 16.
1635 1358 1755 1392 Martii
1782 1363 1817 1393 et
1835 1360 1866 1394 9,
1886 1360 2019 1404 Aprilis

264 1405 355 1439 1566
381 1405 426 1438 ad
445 1404 626 1439 Canisium
654 1406 747 1440 datis
777 1409 882 1450 (quas
907 1407 1000 1441 infra
1027 1408 1101 1441 suis
1127 1408 1214 1443 locis
1240 1410 1385 1454 ponam)
1413 1412 1524 1454 patet,
1551 1411 1643 1445 hano
1661 1412 1850 1456 epistulam
1868 1412 2018 1447 Romam

262 1457 435 1502 perlatam
473 1469 551 1492 esse
588 1470 666 1492 cum
703 1459 833 1493 litteris
862 1461 915 1493 14.
943 1460 1124 1494 Februarii
1161 1462 1264 1503 datis,
1300 1474 1368 1496 non
1406 1474 1485 1497 cum
1516 1463 1598 1505 illis,
1634 1476 1725 1508 quae
1751 1465 1806 1499 ⁶23.
1834 1465 2017 1500 Februarii

263 1510 367 1544 datae
394 1514 488 1545 sunt.

376 1564 526 1607 Borgias
553 1564 694 1598 Canisio
722 1566 904 1610 respondit
931 1567 962 1600 9.
990 1567 1124 1611 Aprilis
1154 1568 1261 1608 1566:
1290 1580 1405 1612 neque
1432 1581 1516 1603 vero
1543 1570 1734 1614 quicquam
1760 1572 1946 1616 rescripsit
1971 1573 2015 1606 ad

259 1626 310 1657 ea,
347 1628 438 1660 quae
474 1617 516 1650 de
542 1616 723 1651 Sociorum
759 1618 852 1652 inter
886 1630 924 1653 se
960 1619 1164 1664 appellandi
1199 1621 1335 1654 ratione
1363 1621 1528 1656 Canisius
1563 1625 1762 1658 notaverat.
1814 1624 1931 1665 Quare
1957 1625 2014 1659 hic

259 1681 349 1713 pono
375 1668 676 1704 *Instructionem
715 1672 777 1713 „de
813 1672 1051 1716 appellatione
1077 1673 1170 1707 inter
1195 1675 1293 1715 nos‘,
1326 1686 1417 1718 quae
1443 1686 1463 1708 a
1490 1675 1527 1709 P.
1555 1677 1774 1720 Hieronymo
1802 1678 1928 1711 Natale
1954 1678 2013 1712 So-

259 1722 396 1756 cietatis
414 1723 600 1757 visitatore
627 1725 823 1768 composita
849 1736 927 1759 esse
950 1727 1090 1760 omnino
1110 1726 1260 1767 videtur,
1288 1738 1401 1771 neque
1421 1731 1540 1762 tamen
1562 1729 1670 1772 (quod
1689 1730 1853 1773 equidem
1881 1731 2009 1775 norim)

258 1775 293 1808 in
323 1775 514 1820 „Epistolis
542 1776 580 1810 P.
608 1778 822 1821 Hieronymi
847 1779 984 1811 Nadal‘
1016 1779 1152 1813 Matriti
1189 1791 1220 1813 a.
1251 1779 1481 1815 1898—1905
1509 1782 1651 1816 excusis
1678 1783 1794 1827 posita
1821 1786 1893 1821 estz
1930 1796 2013 1818 nam

258 1839 303 1861 ex
321 1829 467 1870 duabus,
487 1840 578 1873 quae
596 1830 631 1863 in
652 1830 711 1864 IV.
727 1842 848 1864 earum
867 1834 961 1864 tomo
983 1831 1067 1874 (200
1086 1832 1169 1875 614)
1191 1838 1406 1877 comparent,
1434 1835 1718 1870 institutionibus
1737 1836 2011 1880 appellationem

257 1881 349 1914 inter
375 1881 496 1916 Socios
531 1884 771 1927 usurpandam
806 1885 1053 1928 spectantibus
1089 1886 1184 1929 prior
1210 1885 1415 1930 hispanicas
1441 1890 1582 1921 tantum
1609 1889 1866 1933 appellationes
1892 1890 2011 1932 habet,

257 1933 370 1967 altera
404 1935 448 1968 ad
483 1935 578 1969 aliud
611 1947 724 1979 genus
759 1937 1038 1981 appellationum
1069 1939 1233 1982 pertinet.
1285 1940 1339 1972 lta
1375 1940 1486 1982 igitur
1511 1940 1700 1975 instructio
1726 1942 1807 1977 illa:
1845 1943 2011 1985 „Patrem

256 1989 414 2021 nostrum
450 1988 651 2031 generalem
687 1989 791 2023 titulo
826 1991 1054 2034 paternitatis
1089 2003 1210 2026 onmes
1241 1993 1521 2037 compellabunt,
1557 1995 1794 2038 prouinciales
1830 1999 1950 2030 autem
1977 2000 2012 2031 et

257 2041 519 2075 commissarios
553 2040 779 2076 Reuerentia.
839 2043 989 2077 Nomine
1024 2046 1143 2078 autem
1178 2046 1291 2079 nostri
1328 2046 1444 2080 Patris
1478 2047 1593 2081 solum
1624 2051 1762 2092 patrem
1800 2048 2009 2084 Generalem

255 2093 496 2138 appellabunt.
545 2094 786 2140 Commissarij
814 2099 849 2129 et
885 2097 1123 2140 prouinciales
1149 2109 1232 2132 suos
1257 2098 1444 2133 inferiores
1470 2111 1592 2134 omnes
1617 2101 1823 2135 nominabat
1848 2114 1911 2136 uos
1939 2102 2010 2136 vul-

255 2147 332 2189 gari
357 2158 530 2182 sermone.
573 2148 642 2182 Eos
669 2160 753 2182 uero
780 2149 839 2192 qui
866 2149 1050 2184 inferiores
1068 2162 1137 2184 non
1156 2151 1299 2187 fuerint,
1326 2152 1355 2185 si
1375 2152 1612 2196 prouinciales
1629 2154 1712 2195 sint,
1740 2155 1798 2188 vel
1816 2156 2011 2200 praepositi

254 2200 327 2233 sint
361 2199 504 2242 locales,
538 2201 597 2235 uel
631 2201 783 2245 professi
819 2206 971 2246 quatuor
1005 2206 1167 2237 uotorum
1203 2205 1260 2238 uel
1286 2204 1457 2239 Rectores
1492 2206 1549 2239 uel
1584 2207 1802 2250 probationis
1837 2209 2008 2254 prefectj⁴

254 2253 394 2286 nomine
419 2254 621 2288 reuerentia
647 2254 838 2296 donabunt,
866 2255 948 2300 alijs
967 2256 1086 2290 dicent
1104 2268 1170 2291 uos
1188 2258 1396 2300 uulgariter,
1423 2258 1533 2292 latine
1552 2259 1614 2294 Tu.
1647 2259 1846 2305 Praepositi
1866 2261 2008 2303 locales,

254 2305 424 2340 Rectores
451 2308 486 2340 et
510 2307 684 2351 praefecti
710 2308 958 2352 probationum
984 2309 1077 2343 inter
1103 2321 1139 2344 se
1166 2310 1401 2345 Reuerentiae
1428 2312 1533 2345 titulo
1560 2315 1714 2353 utentur,
1742 2314 1863 2347 eodem
1890 2314 2007 2359 appel-

253 2358 377 2392 labunt
413 2359 619 2394 sacerdotes
657 2360 724 2394 sibi
762 2372 830 2394 non
866 2361 1040 2402 subditos,
1079 2363 1235 2406 reliquos
1272 2364 1413 2398 nomine
1449 2365 1501 2398 Tu
1536 2365 1661 2406 latine,
1701 2365 1898 2409 vulgariter
1932 2379 2007 2401 vos.

254 2411 418 2445 Minister
453 2414 487 2446 et
514 2411 751 2447 Subminister
785 2415 987 2448 reuerentia
1023 2415 1157 2449 dabunt
1191 2417 1436 2451 sacerdotibus
1470 2417 1642 2458 omnibus,
1678 2419 1850 2453 fratribus
1885 2422 1923 2453 tu
1949 2420 2006 2454 uel

252 2475 326 2498 uos.
370 2464 597 2509 praepositos
623 2466 766 2507 locales,
793 2466 965 2501 Rectores
992 2470 1027 2501 et
1054 2469 1255 2512 praefectos
1282 2470 1529 2513 probationum
1556 2471 1735 2504 vocabunt
1761 2483 1882 2505 omnes
1908 2484 2006 2506 reue—

253 2517 413 2557 rentiam,
441 2518 500 2562 quj
528 2518 599 2552 illis
625 2531 693 2553 non
720 2519 853 2553 fuerint
879 2521 1090 2564 superiores,
1123 2522 1329 2556 Ministrum
1362 2523 1420 2556 uel
1446 2523 1714 2557 subministrum
1743 2525 1920 2558 uocabunt
1946 2526 2004 2569 qui

253 2569 324 2603 illis
351 2571 482 2604 subditi
508 2583 578 2605 non
604 2574 688 2606 sunt
714 2572 965 2607 Reuerentiam
992 2574 1021 2607 si
1049 2574 1121 2608 sint
1147 2575 1362 2614 sacerdotes.
1389 2575 1446 2620 [si]
1466 2575 1564 2610 Laici
1582 2576 1646 2620 Tu,
1673 2576 1730 2610 uel
1753 2589 1827 2611 uos.
1867 2578 2006 2612 Subditi

370 2650 395 2671 a)
423 2648 445 2670 Α
470 2648 497 2671 C.
518 2650 676 2672 correctum
702 2656 737 2672 ex·
763 2655 826 2674 nec.
901 2647 929 2674 bl
958 2650 1095 2680 5011111111)-
1122 2658 1259 2674 >timueras
1285 2660 1301 2675 a
1330 2653 1356 2675 (¹.
1384 2652 1574 2676 oblitteratas.
1648 2657 1674 2683 c)
1695 2654 1717 2676 Α
1740 2653 1768 2677 C.
1789 2657 1944 2678 correctum
1969 2663 2006 2678 0,(-

254 2688 413 2718 proponat.

374 2794 382 2811 ¹
411 2793 426 2826 1
457 2793 524 2827 Cor
549 2796 580 2835 4,
608 2795 638 2828 8.

372 2845 383 2864 ²
410 2846 695 2882 Contionatorem
725 2848 847 2882 vivere
879 2861 1026 2883 necesse
1059 2852 1136 2884 erat
1163 2862 1206 2884 ex
1232 2851 1374 2888 salario.
1401 2852 1492 2895 quod
1520 2851 1715 2895 capitulum
1741 2852 1944 2887 cathedrale
1971 2855 2002 2888 ei

252 2895 368 2929 dabat.
419 2896 509 2931 Socii
545 2902 664 2934 autem
695 2902 1010 2936 Constitutiom'bccs
1044 2903 1257 2937 iubebantur
1293 2904 1406 2947 gratis
1442 2903 1636 2937 contionari
1675 2916 1759 2946 „nec
1789 2906 2002 2949 postulando

251 2958 316 2980 nec
341 2949 557 2985 admittendo
584 2953 800 2997 stipendium
826 2954 884 2988 vel
911 2955 1158 3000 eleemosynas
1185 2956 1289 2997 ullas,
1316 2957 1479 3000 quibus“,
1506 2956 1678 2990 eiusmodi
1705 2957 1861 2992 officium
1890 2971 1999 3001 „com-

251 3001 391 3043 pensari
417 3002 639 3039 viderem-“2
677 3006 762 3041 solis
788 3007 950 3050 collegiis
976 3008 1153 3042 redituum
1179 3009 1420 3043 habendorum
1447 3010 1606 3053 potestas
1632 3021 1694 3053 per
1721 3010 2002 3045 Constitutiones

251 3052 401 3086 dabatur
438 3054 492 3095 (Ρ.
519 3057 549 3096 4,
585 3069 614 3090 c.
642 3058 673 3098 2,
710 3071 740 3092 n.
769 3061 810 3100 53
845 3060 885 3094 P.
912 3061 943 3099 6,
980 3073 1007 3095 c.
1036 3061 1068 3099 2,
1103 3074 1135 3095 n.
1165 3062 1194 3101 7,
1221 3063 1292 3105 A.).
1344 3062 1434 3095 Vide
1469 3063 1598 3103 tamen,
1635 3073 1725 3106 quae
1759 3066 1882 3098 notata
1917 3068 2001 3098 sunt

254 3106 340 3138 Can.
368 3105 417 3138 IV
448 3107 518 3140 36³.

372 3159 382 3177 ³
409 3158 614 3194 Truchsess.
760 3166 772 3183 4
798 3164 963 3207 Magistri
991 3167 1223 3200 noviciorum.
