2045 3471
501 205 595 239 Mon.
617 205 684 239 746
711 205 789 238 sive
816 215 926 248 germ.
946 203 968 238 l.
991 203 1081 247 (21).
1123 203 1176 237 12.
1195 202 1280 237 Dec.
1302 202 1403 236 1565.
1754 202 1837 243 667

75 323 332 377 imperfecte
363 322 696 375 transigeretur,
731 325 776 365 et
807 336 892 364 non
925 336 1003 376 pro
1036 321 1200 375 negotij
1225 321 1452 374 dignitate,
1486 319 1726 361 arbitratus
1759 321 1839 368 est,

77 401 206 443 opere
237 387 425 441 pretium
458 401 565 437 esse,
600 390 649 429 vt
681 401 777 429 sese
809 387 1031 441 paulisper
1061 387 1215 437 (donec
1253 385 1417 439 scripta
1459 385 1594 427 allata
1633 397 1728 426 esse
1769 396 1841 425 co-

75 453 322 507 gnosceret)
356 452 409 493 ab
444 455 622 505 aspectu
665 452 897 494 multorum
939 451 1210 493 subduceret.
1276 451 1457 492 Postero
1501 449 1636 502 igitur
1676 447 1744 490 die
1787 448 1841 490 ad

76 518 240 560 Ducem
272 516 413 559 Julie1
455 519 500 558 et
538 516 774 570 Episcopos
807 516 1059 570 Wesphalie
1100 516 1321 570 profectus
1363 517 1442 564 est,
1486 514 1657 555 felicem
1698 526 1842 555 rerum

76 596 321 624 successum
356 583 400 623 et
433 583 635 622 euentum
669 581 794 622 auide
827 584 1121 635 expectamus.

195 646 491 701 Comperimus
523 659 607 687 non
631 646 824 696 obscure,
860 660 1064 699 magnam
1097 645 1139 687 in
1172 645 1289 687 hisce
1313 644 1564 686 ciuitatibus
1587 645 1631 685 et
1654 642 1841 695 regioni-

75 713 168 762 bus,
202 715 402 766 paratam
436 724 530 752 esse
562 724 760 760 messem,
795 714 838 752 et
860 710 1135 753 incredibilea
1156 710 1366 762 affulgere
1389 709 1628 751 animarum
1661 708 1841 757 lucrum,

77 777 111 819 si
145 776 340 819 nonnulli
372 789 585 817 messores
619 777 663 817 et
696 775 880 829 operarij
914 774 1177 817 accommodi
1211 775 1293 815 huc
1326 773 1494 816 extrusi
1526 773 1713 814 essent2.
1759 771 1842 812 Sed

76 856 154 896 pro
188 841 322 892 dolor,
365 843 456 882 tam
489 839 753 882 oscitanterb
786 842 830 881 et
861 839 1219 893 incircumspecte
1252 839 1395 880 omnia
1432 837 1735 891 transiguntur
1768 849 1844 889 per

76 907 286 956 indoctos,
321 908 397 948 aut
429 904 683 947 inhonestae
705 905 823 947 vitae
856 904 1173 946 ecclesiasticos
1196 904 1326 951 viros,
1360 906 1409 946 vt
1440 903 1691 944 innumerae
1725 901 1843 942 vide-

78 975 208 1014 antur
240 972 291 1013 de
323 974 503 1014 aeterna
535 970 775 1012 foelicitate
808 969 1045 1024 periclitari
1078 969 1246 1011 animae
1271 1003 1279 1011 .
1304 968 1458 1021 quibus
1499 981 1604 1009 sane
1636 980 1720 1008 non
1753 979 1843 1007 me-

78 1037 221 1079 diocre
253 1035 443 1089 alioquin
466 1049 492 1077 a
515 1035 734 1077 Societate
761 1037 911 1076 nostra
934 1034 989 1076 ad
1011 1034 1198 1076 salutem
1221 1033 1359 1087 possit
1382 1032 1544 1074 adferri
1566 1030 1842 1086 praesidium,

78 1102 114 1144 si
156 1101 211 1144 ad
252 1101 363 1143 hanc
405 1100 687 1142 excolendam
731 1100 902 1141 vineam
945 1101 1074 1152 (quae
1107 1113 1134 1140 a
1165 1098 1433 1152 vulpeculis3
1470 1097 1661 1150 quotidie
1702 1095 1843 1149 magis

79 1181 129 1210 ac
161 1167 301 1219 magis
333 1164 552 1219 diripitur)
585 1164 793 1218 quosdam
826 1164 1083 1218 praesertim
1115 1163 1165 1205 R.
1189 1163 1236 1206 P.
1261 1163 1476 1204 Canisium
1511 1163 1736 1216 pateretur
1767 1174 1844 1202 ex-

79 1231 193 1274 trudi
236 1231 285 1274 R.
311 1231 357 1273 P.
382 1231 429 1272 T.
465 1230 585 1271 cuius
627 1229 884 1284 prudentiae
925 1231 970 1270 et
1010 1242 1223 1283 propenso
1266 1227 1441 1280 quosuis
1482 1226 1657 1269 iuuandi
1700 1224 1843 1267 animo

79 1296 159 1338 hoc
212 1295 414 1349 quicquid
463 1298 531 1337 est
578 1294 740 1348 negotij
790 1293 1124 1335 examinandum
1174 1292 1577 1345 diiudicandumque
1624 1290 1843 1333 humiliter

82 1361 403 1403 committimus.

201 1426 404 1467 Vestram
444 1424 617 1466 interim
658 1424 708 1467 R.
733 1423 891 1465 Diuina
931 1423 1102 1465 bonitas
1144 1436 1272 1476 quam
1313 1421 1552 1464 diutissime
1593 1422 1740 1462 seruet
1780 1419 1845 1461 in-

83 1491 293 1534 columem
338 1505 433 1532 cum
480 1489 677 1531 omnibus
721 1488 918 1543 patribus
961 1490 1005 1530 et
1051 1488 1261 1530 fratribus
1309 1501 1487 1539 quorum
1535 1485 1757 1539 sacrificijs
1802 1487 1845 1527 et

82 1556 348 1598 orationibus
381 1554 671 1597 commendati
704 1567 798 1595 esse
831 1553 987 1594 obnixe
1021 1552 1328 1594 desideramus.

201 1620 403 1663 Coloniae
437 1619 692 1673 agrippinae
729 1620 778 1659 11
805 1617 1055 1660 Decembris
1087 1618 1212 1658 Anno
1251 1618 1375 1658 1565.

794 1689 844 1731 R.
875 1688 921 1731 P.
946 1689 994 1730 T.

867 1759 1080 1801 Henricus
1113 1758 1334 1812 dionysius
1367 1757 1566 1810 indignus
1599 1756 1725 1798 filius.

202 1855 312 1890 Xanti
339 1867 369 1889 a.
391 1856 481 1890 1906
509 1855 550 1888 R.
570 1854 610 1888 D.
631 1854 753 1888 Hacks
779 1853 951 1887 ecclesiae
978 1852 1011 1886 S.
1031 1852 1189 1886 Victoris
1215 1851 1392 1896 parochus
1418 1850 1454 1884 in
1480 1849 1626 1883 archivo
1654 1847 1845 1893 capitulari

83 1909 275 1953 diligenter
301 1908 494 1953 quaesivit,
525 1919 611 1941 num
637 1906 721 1951 quid
748 1908 909 1940 notatum
937 1908 1033 1939 esset
1058 1906 1100 1938 de
1128 1904 1270 1939 Canisio
1297 1906 1334 1938 et
1358 1903 1530 1948 Dionysio
1557 1914 1577 1936 a
1604 1901 1760 1946 capitulo
1787 1912 1846 1934 ex-

84 1962 216 2008 ceptis;
256 1973 371 2006 neque
409 1963 531 1996 tamen
565 1960 624 1994 vel
658 1961 694 1994 in
729 1959 928 1993 rationibus
964 1958 1131 1992 cellariae
1165 1958 1209 1992 ad
1244 1969 1276 1992 a.
1298 1957 1387 1992 1565
1415 1955 1686 2001 pertinentibus,
1719 1954 1778 1987 vel
1811 1954 1847 1987 in

83 2016 282 2050 rationibus
308 2015 494 2049 bursariae
520 2014 579 2048 vel
604 2014 640 2048 in
667 2013 747 2047 aliis
774 2012 955 2047 codicibus
983 2012 1177 2056 quidquam
1205 2011 1392 2045 inventum
1419 2012 1485 2044 est.

205 2070 424 2103 sacchinum
462 2067 640 2111 „[Canisi0
666 2064 902 2109 Nouiomago]
936 2064 1131 2099 reuertenti
1159 2064 1352 2105 Coloniam,
1388 2075 1434 2096 ex
1468 2062 1594 2096 itinere
1631 2060 1739 2095 etiam
1766 2071 1846 2094 con—

84 2122 295 2156 tionandum
313 2121 392 2156 fuit.
427 2121 541 2165 Saepe
568 2120 661 2154 enim
688 2120 751 2153 vix
777 2130 867 2163 equo
894 2117 1136 2158 descenderat,
1164 2128 1245 2151 cum
1269 2118 1484 2160 suggestum
1510 2114 1719 2148 inscendere
1745 2124 1848 2156 coge-

86 2176 202 2216 batur,
229 2186 294 2209 nec
320 2177 404 2209 ante
431 2174 643 2219 corpusculo
669 2184 733 2207 suo
761 2175 879 2206 terrae
898 2183 1025 2216 panem
1044 2170 1262 2210 inueniebat,
1288 2181 1394 2214 quam
1413 2180 1539 2214 panem
1559 2167 1648 2202 caeli
1667 2167 1848 2212 hospitum

86 2228 297 2274 populorum
325 2227 454 2262 animis
479 2228 556 2272 ipse
582 2226 771 2269 fregisset“
805 2225 906 2269 (Can.
925 2223 1022 2268 223).
1063 2223 1131 2258 Ubi
1150 2223 1261 2257 verba
1283 2222 1415 2267 „Saepe
1439 2221 1552 2255 enim“
1576 2223 1642 2255 etc.
1661 2232 1729 2253 non
1756 2219 1851 2253 hunc

88 2282 222 2316 canisii
249 2281 415 2321 reditum,
450 2280 512 2314 sed
539 2280 756 2319 universam,
788 2290 858 2322 qua
884 2277 944 2311 ille
970 2277 1149 2317 utebatur,
1186 2275 1439 2321 peregrinandi
1463 2275 1639 2308 rationem
1665 2274 1848 2317 spectant;

89 2334 286 2370 Sacehinus
312 2334 406 2368 enim
424 2345 468 2367 ex
487 2333 650 2377 Dionysii
668 2332 812 2372 litteris,
839 2343 928 2375 quas
955 2331 986 2364 ei
1012 2329 1183 2364 scribenti
1210 2332 1354 2374 praesto
1381 2328 1493 2362 fuisse
1520 2339 1565 2360 ex
1591 2326 1703 2371 ipsius
1731 2325 1850 2360 verbis

88 2390 200 2433 patet,
226 2386 464 2427 intellexerat,
491 2386 558 2420 hoc
585 2386 619 2419 in
646 2385 763 2419 reditu
783 2384 965 2418 Canis-ium
990 2382 1111 2422 semel,
1138 2387 1235 2416 certe
1260 2393 1330 2415 non
1356 2392 1463 2426 saepe
1490 2380 1733 2414 contionatum
1760 2389 1850 2412 esse.

90 2442 314 2484 Reiffenhery
349 2452 433 2474 vcro
461 2439 625 2473 Sacchini
662 2438 782 2472 verbis
817 2448 1002 2482 perperam
1040 2435 1251 2470 intellectis:
1289 2434 1431 2469 Canisio
1457 2433 1689 2476 Noviomago,
1726 2432 1852 2476 inquit,

94 2494 297 2537 „Coloniam
324 2493 420 2526 viam
447 2492 621 2536 relegenti
659 2504 703 2525 ex
739 2491 866 2525 itinere
901 2502 1008 2534 saepe
1044 2492 1322 2532 extemporanea
1351 2487 1514 2521 habenda
1541 2486 1610 2519 fuit
1636 2486 1776 2525 concio;
1814 2487 1853 2518 ut

90 2560 160 2582 non
187 2560 267 2582 raro
293 2559 337 2581 ex
365 2558 456 2590 equo
483 2547 518 2579 in
544 2545 752 2579 cathedram
779 2544 1008 2578 ascenderet*
1042 2541 1080 2584 (1.
1107 2553 1137 2576 c.
1168 2542 1262 2584 116).

94 2674 200 2711 ⁶746
227 2675 305 2709 sive
333 2682 501 2718 germ.
521 2671 705 2717 1.(21).
780 2670 827 2706 12.
855 2668 1063 2705 Decembris
1088 2668 1182 2705 1565.

214 2757 266 2790 Ex
293 2755 500 2801 apographo
531 2755 642 2789 eiusd.
670 2756 778 2798 temp.
831 2753 914 2787 cod.
946 2752 1086 2795 „Germ
1115 2752 1179 2786 65“
1210 2752 1233 2785 f.
1256 2752 1313 2786 49.
1364 2749 1584 2784 Particulam
1620 2749 1726 2782 huius
1760 2747 1855 2781 litte-

95 2821 213 2844 rarum
242 2809 370 2854 capitis
397 2808 601 2851 germanice
629 2808 729 2852 posui
756 2807 789 2840 in
818 2805 1033 2851 „Stimmeffl
1062 2808 1130 2839 etc.
1159 2804 1269 2838 LXXI
1302 2803 1501 2838 318—319.

218 2888 255 2920 S.
273 2886 493 2920 Franciscus
518 2885 673 2927 Boryias
698 2888 822 2925 monet,
858 2887 895 2915 uc
925 2883 1093 2915 (lamissus
1127 2881 1297 2923 Zeyatiooze
1333 2892 1352 2912 (1
1383 2881 1445 2912 [²50
1474 2880 1535 2912 11⁷.
1569 2880 1637 2922 [psl
1662 2879 1856 2922 commissa,

98 2941 158 2974 ubi
183 2941 291 2974 huius
317 2943 458 2972 mortem
487 2937 706 2980 comm-erit,
734 2938 888 2970 desistat.

219 3020 247 3051 a)
268 3017 476 3045 incredibilem
498 3027 544 3049 up.
602 3016 631 3048 b)
654 3016 821 3042 ossitanter
841 3025 887 3048 ap.

224 3141 231 3159 ¹
259 3138 509 3178 Guilielmum;
537 3149 570 3171 v,
598 3147 707 3181 supra
733 3147 765 3180 p.
787 3136 851 3170 157
884 3135 959 3169 170.

221 3193 234 3213 ²
260 3192 314 3227 Cf.
341 3192 395 3226 Mt
421 3192 453 3232 9,
481 3190 524 3224 37
552 3190 616 3229 38;
645 3189 692 3223 Lc
721 3189 773 3230 10,
800 3190 841 3228 2;
871 3189 905 3221 lo
931 3189 962 3228 4,
990 3187 1129 3222 35—38
1156 3191 1222 3221 etc.
1369 3187 1381 3206 ³
1408 3185 1461 3219 Cf.
1489 3185 1531 3220 Ct
1558 3185 1589 3226 2,
1619 3185 1671 3219 15.
