2077 3461
145 182 245 217 1211.
274 180 437 215 Canisius
464 180 498 214 S.
525 179 717 214 Francisco
743 179 785 213 de
814 178 955 221 Borgia.
990 179 1157 221 Augusta
1176 176 1316 210 Vindel.
1339 177 1391 211 10.
1410 175 1533 210 Martii
1554 175 1655 210 1565.
1762 177 1815 218 37

344 299 371 349 †
404 299 497 340 Pax
529 298 689 341 Christi
720 297 949 340 admodum
981 295 1235 338 Reuerende
1267 295 1411 338 Pater.

182 382 236 423 20
269 380 491 434 Februarij
525 379 652 422 datas
693 379 839 434 accepi
881 393 976 421 cum
1017 378 1084 420 his
1125 391 1235 431 quae
1274 377 1326 418 ad
1359 376 1675 418 Prouincialem
1707 375 1821 416 Rhe-

63 459 220 487 nanum
251 444 463 487 mittenda
495 444 683 487 fuerunt.
748 444 977 486 Curabitur
1016 445 1065 485 ut
1096 442 1139 484 in
1172 442 1327 484 scholis
1360 441 1614 483 Provinciae
1647 443 1822 482 nostrae

62 512 140 552 fiat
183 509 401 551 Professio
452 509 551 550 fidei
604 514 764 561 quama
808 509 931 551 Pont.
974 508 1102 549 Bulla
1143 506 1335 560 requirit.
1407 505 1599 559 Scripsib
1650 507 1823 547 nostros

63 574 264 627 Dilingae
295 574 406 616 hanc
437 574 565 615 fidem
598 587 693 615 esse
725 573 950 615 Professos
982 587 1126 615 coram
1150 571 1376 614 Cardinale
1391 572 1419 614 1.
1462 570 1629 612 Vellem
1663 569 1824 622 aliquid

63 638 311 694 praescribi,
355 642 403 681 ut
434 653 544 680 unus
575 638 774 691 idemque
815 638 1043 692 profitendi
1082 639 1232 680 modus
1264 636 1421 690 ubique
1454 635 1823 678 obseruareturffi.

63 704 317 758 Ingolstadij
351 718 434 745 non
466 703 596 746 facile
628 703 974 757 profitebuntur3
1005 703 1117 745 hanc
1139 702 1238 744 fidei
1260 701 1504 751 formulam,
1538 699 1620 741 uisi
1642 702 1825 752 urgente

65 769 263 823 Principe
276 770 304 820 4,
349 782 473 822 quem
517 782 572 810 ex
603 768 721 810 Vrbe
753 768 916 809 moneri
951 781 1107 822 operae
1148 767 1334 821 pretium
1370 768 1498 808 esset.
1562 764 1681 818 Opus
1714 763 1825 806 enim

64 835 196 877 habet
228 834 469 876 calcaribus
510 833 755 884 maioribus,
803 847 930 886 quam
973 847 1083 886 quae
1116 846 1142 874 a
1174 832 1400 874 Cardinale
1433 831 1504 872 vel
1537 844 1563 872 a
1594 829 1717 872 nobis
1751 829 1826 871 ad-

67 900 171 942 ferri
204 899 424 953 possuntd.

184 964 393 1006 Miramur
424 966 596 1006 tantum
628 963 791 1005 Romae
833 962 1103 1005 difficultatis
1142 962 1334 1016 exhiberj
1377 961 1499 1003 nobis
1540 960 1656 1002 circa
1693 959 1830 1001 facul-

66 1032 204 1072 tatem
243 1029 416 1082 legendi
455 1028 597 1070 Biblia
649 1031 693 1070 et
741 1028 1062 1070 controuersias
1109 1027 1295 1082 scriptas
1342 1041 1367 1069 a
1410 1025 1684 1075 catholicis5,
1734 1038 1828 1066 cum

67 1094 208 1136 nullus
241 1093 552 1148 Episcoporum
593 1093 648 1135 ad
687 1093 774 1135 ista
814 1093 920 1135 uelit
960 1092 1188 1146 respicere,
1232 1095 1276 1135 et
1316 1106 1394 1133 nos
1435 1105 1645 1133 nouarum
1685 1089 1830 1142 legum

66 1159 414 1214 promulgatores
447 1172 542 1200 esse
575 1172 659 1200 non
692 1158 925 1200 debeamus
957 1157 1000 1199 in
1035 1157 1333 1200 Gerniania⁹⁶.

155 1223 417 1277 Requiescat
447 1223 491 1265 in
523 1225 677 1265 sancta
707 1236 815 1277 pace
847 1223 905 1264 M.
930 1222 1069 1265 Faber
1083 1223 1110 1264 7.
1172 1222 1405 1276 Speramus
1439 1220 1677 1263 Germanos
1710 1219 1830 1268 alios,

68 1289 103 1331 si
126 1288 195 1342 qui
219 1288 333 1331 forte
354 1288 532 1341 grauius
557 1287 708 1330 isthicf
726 1287 998 1340 languerent,
1031 1286 1074 1328 in
1101 1286 1334 1329 Germania
1357 1285 1482 1328 citius
1506 1299 1632 1338 quam
1658 1287 1832 1326 exteros

70 1353 276 1408 quosdam
310 1353 572 1395 reualituros
605 1366 713 1395 esse.

187 1418 339 1460 Visum
371 1420 467 1460 erat
499 1417 713 1468 Patribus,
758 1431 852 1459 cum
893 1430 1084 1459 essemus
1116 1415 1387 1469 Ingolstadij,
1421 1414 1710 1456 reuocandum
1743 1411 1834 1454 Au-

70 1486 243 1537 gustam
276 1497 371 1525 esse
403 1483 450 1526 P.
478 1482 680 1533 Dirsium,
715 1481 886 1536 scriptis
919 1482 973 1524 ad
1005 1481 1217 1535 Reginam
1250 1481 1294 1522 in
1325 1480 1406 1522 hoc
1438 1480 1590 1530 literis,
1625 1481 1673 1521 ut
1704 1478 1835 1520 sciret

71 1549 124 1591 ob
157 1548 378 1602 eligendos
412 1548 466 1590 ad
500 1548 738 1590 Romanam
779 1547 1090 1602 profectionem
1125 1547 1290 1597 Patres,
1324 1546 1483 1588 iustam
1517 1558 1690 1587 causam
1724 1543 1834 1585 Rec-

72 1617 191 1656 tores
224 1613 498 1657 euocandissss.
551 1613 686 1655 Miror
720 1611 811 1667 [etc.
846 1619 890 1654 ut
923 1627 1055 1667 supra
1082 1627 1125 1667 p.
1159 1610 1251 1667 25].
1315 1610 1503 1664 Requiro
1537 1610 1579 1651 in
1611 1609 1692 1651 hoc
1724 1609 1835 1650 Rec-

72 1682 167 1721 tore
190 1678 394 1721 maiorem
420 1693 514 1720 cum
538 1678 698 1721 nostris
731 1677 1088 1731 conjunctionem,
1123 1677 1348 1729 minusque
1381 1676 1569 1718 studium
1603 1674 1834 1724 libertatis,

74 1757 201 1797 quam
235 1746 360 1786 extra
392 1743 628 1796 Collegium
660 1743 820 1785 habere
852 1743 1036 1785 uidetur.
1097 1742 1222 1784 Certe
1255 1741 1292 1783 si
1324 1741 1395 1782 diu
1428 1741 1658 1783 abfuturae
1691 1741 1836 1781 essent

75 1808 281 1861 Reginae,
316 1809 369 1850 ad
401 1808 615 1862 regendos
647 1808 756 1850 bene
788 1808 949 1849 fratres
982 1807 1066 1849 alio
1100 1807 1243 1861 capite
1274 1806 1566 1859 indigeremus
1589 1803 1834 1859 Oeniponti.

192 1874 327 1915 Credo
360 1873 578 1915 difficilem
612 1887 755 1915 rerum
790 1886 1004 1915 annonam
1048 1886 1142 1914 esse
1176 1872 1351 1914 Romae.
1415 1870 1507 1913 Nos
1548 1872 1719 1912 tantum
1762 1883 1836 1923 pe-

76 1938 226 1981 cuniae
267 1939 495 1981 corradere
539 1952 623 1980 non
666 1952 915 1993 possumus,
966 1940 1173 1991 quantum
1216 1937 1270 1979 ad
1312 1935 1554 1978 exoluenda
1596 1935 1740 1978 debita
1781 1934 1838 1976 sit

76 2003 195 2046 satis.
259 2003 467 2057 Quicquid
510 2006 656 2045 autem
697 2002 947 2057 poterimus,
991 2002 1175 2045 libenter
1217 2001 1501 2051 conferemus,
1545 2001 1599 2043 ad
1641 2002 1837 2053 sumptus

77 2069 206 2111 etiam
240 2069 404 2111 Romae
435 2069 760 2110 imminuendos

196 2163 222 2189 a)
243 2168 334 2194 quem
359 2169 458 2193 apoyr.
544 2160 574 2188 b)
595 2162 630 2186 In
655 2161 762 2185 (trehet.
783 2161 916 2192 sequitur
940 2159 987 2188 ad,
1017 2161 1105 2185 omitt.
1192 2162 1217 2191 c)
1246 2160 1279 2184 In
1312 2168 1402 2191 mary.
1423 2158 1573 2190 archetypi
1600 2165 1686 2182 manu
1717 2164 1836 2181 νυηιιιηα

77 2203 169 2228 eiusd.
190 2206 274 2235 temp.
295 2204 428 2234 (Polanci
438 2203 480 2233 ?):
505 2202 558 2228 che
579 2202 599 2228 il
619 2202 729 2227 Rettor
748 2201 769 2227 il
790 2202 863 2227 dara
883 2202 913 2227 et
933 2208 965 2226 se
986 2200 1007 2226 li
1026 2201 1146 2227 manda.
1238 2200 1267 2229 d)
1289 2202 1325 2225 In
1346 2208 1447 2232 mary„
1475 2203 1504 2224 ut
1523 2207 1616 2231 supra
1645 2198 1723 2222 muln.
1745 2203 1787 2223 c).·
1813 2195 1838 2221 Si

78 2244 200 2277 procuri
214 2244 260 2270 col
274 2243 375 2274 Echio,
396 2243 449 2270 che
471 2243 496 2269 si
517 2245 595 2269 teme
616 2243 646 2269 di
667 2243 831 2270 offendere.
896 2243 922 2274 e)
945 2244 980 2268 In
995 2251 1097 2275 mar-ss„
1119 2246 1149 2267 ut
1167 2251 1277 2274 snpra.-
1297 2241 1351 2268 che
1371 2239 1448 2267 vene
1468 2240 1568 2273 [tiene
1582 2241 1607 2272 12]
1626 2239 1655 2264 la
1675 2237 1839 2264 medesima

81 2283 192 2312 facolta
213 2285 266 2311 che
286 2285 384 2318 prima
404 2284 501 2310 finche
521 2282 543 2310 1³1
562 2285 641 2310 uada
660 2284 803 2317 risposta.
873 2283 895 2313 f)
917 2285 976 2309 Hoc
998 2292 1020 2309 r.
1036 2285 1083 2309 ¹ab
1105 2285 1165 2315 ipso
1181 2286 1218 2313 C..
1241 2287 1269 2308 nt
1292 2284 1417 2311 ridetur)
1437 2291 1529 2314 snpra
1547 2289 1617 2307 ret-s.
1631 2281 1773 2311 scriptum
1789 2283 1837 2303 est.

79 2330 108 2359 g)
129 2328 163 2352 In
185 2336 275 2359 marg.
296 2330 340 2354 (ιιι
359 2331 465 2358 supra)
486 2327 596 2358 aliquot
618 2335 658 2351 rr.
678 2326 828 2351 obscurius
855 2326 983 2357 svripta:
1011 2324 1065 2351 elle
1086 2326 1111 2351 si
1131 2326 1174 2357 [ἓ]
1194 2325 1226 2350 fu
1250 2324 1399 2350 chiamato
1421 2324 1497 2349 bene
1518 2323 1549 2348 et
1574 2329 1634 2348 non
1653 2322 1699 2353 [?]
1719 2319 1838 2353 quando

79 2368 288 2402 [proua11d0?]
306 2383 342 2387 -
360 2367 389 2393 la
409 2368 645 2400 congregatione
666 2375 681 2393 e
700 2367 835 2400 legitima
855 2368 908 2399 [2²]-

200 2471 209 2491 ¹
237 2470 367 2505 Ottone
385 2469 593 2510 Truchsess,
621 2469 786 2514 episcopo
805 2470 1017 2512 augustano,
1061 2467 1227 2502 Ceterum
1247 2478 1317 2511 qua
1336 2465 1489 2511 epistula
1509 2464 1672 2499 Canisius
1691 2463 1839 2497 Romam

78 2525 112 2558 id
139 2523 331 2564 rettulerit,
358 2523 522 2567 equidem
548 2522 678 2556 nescio.

200 2577 212 2597 2
240 2578 328 2611 Plus
344 2577 409 2611 IV.
437 2575 472 2610 in
492 2575 596 2610 Bulla
614 2575 725 2609 Roma
754 2575 808 2609 13.
826 2574 1041 2609 Novembris
1062 2574 1153 2608 1564
1171 2573 1264 2614 data,
1293 2584 1361 2616 qua
1382 2583 1458 2605 eam
1478 2570 1560 2604 fidei
1583 2568 1841 2614 professionem

80 2630 156 2665 fieri
182 2630 289 2671 iubet,
327 2630 435 2664 etiam
462 2629 591 2673 quibus
618 2629 738 2663 verbis
774 2628 939 2662 facienda
966 2628 1023 2668 sit,
1060 2627 1203 2667 definit;
1240 2637 1309 2670 quo
1336 2628 1456 2659 autem
1492 2624 1563 2658 ritu
1599 2623 1677 2657 sive
1712 2622 1841 2666 quibus

81 2695 161 2718 cum
197 2683 421 2717 caerimoniis
456 2682 531 2716 fieri
570 2681 716 2723 debeat,
755 2693 824 2715 non
860 2681 1044 2724 significat
1080 2679 1304 2724 (Baliarium
1339 2678 1537 2712 Romanum
1574 2676 1658 2718 VII,
1692 2675 1841 2720 Neapoli

84 2736 184 2778 1882,
211 2736 427 2779 3253—327).

201 2790 213 2810 ³
238 2789 497 2824 Universitatis
523 2788 746 2833 professores
772 2787 862 2829 illos,
891 2787 950 2831 qui
969 2787 1011 2820 de
1030 2785 1208 2820 Societatc
1235 2796 1304 2818 non
1324 2785 1425 2818 erant
1444 2803 1487 2807 —
1506 2785 1615 2827 atque
1641 2782 1677 2817 hi
1696 2793 1841 2816 numero

81 2842 185 2887 longe
211 2842 333 2887 plures
359 2844 462 2876 erant
487 2861 530 2865 —
559 2841 724 2875 Canisius
750 2840 992 2883 significabat.

200 2897 213 2916 ⁴
238 2895 386 2929 Alberto
413 2907 447 2929 v.
475 2893 650 2928 Bavariae
677 2894 777 2927 duce.

201 2949 213 2968 ⁵
240 2947 403 2982 Canisius
439 2947 596 2992 optabat,
632 2948 670 2980 ut
706 2945 896 2980 Societatis
931 2943 1178 2979 sacerdotibus
1211 2942 1367 2977 facultas
1403 2942 1620 2976 tribueretur
1654 2941 1842 2976 bibliorum

83 3001 285 3043 germanice
314 3001 350 3044 (a
377 2999 579 3043 catholicis)
608 3009 795 3033 versorum
831 3000 866 3031 et
892 2997 1218 3031 controversiarum
1245 2995 1448 3039 germanice
1475 3006 1495 3029 a
1521 2994 1708 3029 catholicis
1733 2993 1842 3038 scrip-

84 3058 199 3088 tarum
225 3053 413 3087 lectionem
440 3053 493 3094 iis,
521 3052 581 3097 qui
608 3052 695 3097 ipsis
722 3054 868 3096 peccata
897 3051 1161 3090 confiterentur,
1188 3048 1436 3093 permittendi:
1464 3048 1546 3082 vide
1573 3050 1659 3082 Can.
1688 3047 1736 3081 IV
1764 3047 1841 3081 698.

203 3107 215 3126 ⁰
241 3106 331 3140 Vide
361 3107 446 3140 Can.
474 3105 524 3139 IV
552 3106 619 3139 744
647 3106 724 3139 791.
873 3104 884 3123 7
910 3103 949 3137 P.
978 3102 1154 3146 Georgius
1181 3101 1312 3143 Faber;
1341 3102 1421 3136 vide
1447 3113 1556 3146 supra
1584 3113 1616 3146 p.
1644 3101 1700 3135 34.

183 3155 215 3178 '⁸
241 3159 332 3193 Vide
358 3171 466 3204 supra
492 3171 524 3204 p.
553 3160 624 3193 ⁵26¹.
