2077 3461
130 204 229 237 1276.
260 203 344 237 Can.
373 202 520 237 Senatui
546 203 747 248 populoque
774 203 992 248 reipublicae
1020 203 1243 237 coloniensis.
1281 202 1427 236 Colonia
1447 203 1684 237 6111111566.
1756 205 1835 245 159

78 322 249 354 nocturno
283 322 454 364 tempore.
483 346 517 355 ..
537 346 545 355 .
573 320 678 354 Redit
712 321 748 354 in
783 320 934 354 multam
969 321 1109 354 noctem
1146 319 1337 363 aliquando
1373 319 1509 361 solus“;
1546 320 1624 354 ideo
1659 332 1739 354 eum
1766 321 1836 355 Au-

77 378 184 416 gusta
210 373 432 406 avocandum
458 384 549 407 esse.

197 426 364 460 Fortasse
383 426 593 460 Theodorici
619 426 763 460 litterae
781 426 1005 470 Moguntiam
1033 426 1076 460 ad
1096 424 1217 460 Socios
1234 425 1367 460 missae
1387 428 1420 459 et
1439 426 1483 459 ab
1501 425 1567 468 his,
1594 427 1654 460 ubi
1674 426 1838 461 Canisius

79 479 234 522 degeret,
261 479 510 522 ignorantibus
537 480 596 513 diu
623 482 783 514 retentae
810 482 903 513 suut.

76 593 226 630 1276.
331 595 547 630 CANISIUS
582 594 879 631 SENATFI
915 593 1323 642 POPULOQUE
1360 593 1835 631 REIPIYBLICAE

266 646 737 683 COLONIENSIS.
813 648 959 682 Colonia
987 649 1017 682 6.
1038 648 1193 682 Ianuarii
1223 647 1295 691 (vel
1322 648 1494 692 proximis
1521 648 1662 691 diebus)
1687 649 1787 683 1566.

194 717 247 751 Ex
271 717 435 760 „Summa
454 717 636 751 doctrinae
655 717 893 758 Christianae,
914 746 921 752 .
941 745 948 752 .
969 746 975 752 .
996 718 1145 752 authore
1164 718 1205 753 D.
1224 719 1328 752 Petro
1350 719 1529 759 Canisiffl,
1549 718 1714 752 Coloniae
1735 719 1836 760 1566,

75 770 98 804 f.
118 770 259 811 2²²—4b;
288 771 331 804 de
357 782 427 814 qua
453 771 557 815 plura
582 770 675 804 infra
702 782 856 805 monum.
875 771 944 804 litt.
965 771 1041 813 (13)
1071 772 1161 813 (14).
1206 771 1363 805 Litterae
1390 782 1497 816 saepe
1522 782 1670 805 recusae
1690 774 1774 806 sunt
1801 772 1835 805 in

74 823 330 867 posterioribus
359 823 567 866 Ἤ811111111110“
598 823 824 864 editionibus,
859 827 899 857 ut
934 825 969 857 in
1004 825 1058 865 iis,
1095 836 1186 868 quae
1221 824 1340 859 factae
1375 826 1460 858 sunt
1487 824 1707 869 Antverpiae
1745 825 1834 859 1566

76 875 115 918 (f.
135 877 164 909 A
184 877 303 910 Sb——A
322 877 374 920 71³)
404 879 439 910 et
466 876 632 911 Coloniae
661 877 751 910 1573
781 877 820 918 (f.
840 877 871 910 A
891 877 991 911 2-A
1012 878 1060 920 5),
1097 880 1132 911 et
1168 878 1261 922 apud
1288 879 1393 912 Frid.
1413 878 1708 921 Reiffenberylum
1737 877 1771 911 S.
1790 878 1834 917 J.‚

72 928 232 963 Historia
258 928 450 964 Societatis
478 930 565 964 Jesu
592 930 636 964 ad
664 930 827 963 Rhenum
856 930 1059 964 inferiorem
1088 931 1113 972 Ι,
1141 930 1308 965 Coloniae
1334 930 1556 975 Agrippinae
1585 930 1686 971 1764,
1722 931 1834 965 Maut.

73 981 224 1017 28—30.

191 1048 327 1081 Novam
355 1046 565 1091 „Summae“
594 1049 778 1080 editionem
817 1049 861 1081 ils
895 1049 1043 1081 dedicat.
1097 1050 1187 1081 Ante
1215 1050 1257 1081 10
1286 1059 1399 1081 (timos
1425 1049 1654 1081 Ferdinandt
1680 1050 1707 1082 I.
1735 1049 1835 1082 iussu

72 1101 201 1134 librum
231 1102 341 1144 illum,
379 1103 519 1134 nomine
551 1112 614 1134 suo
649 1112 721 1134 uon
748 1102 914 1144 ascripto,
947 1103 1103 1144 primum
1143 1103 1304 1144 vulgavit.
1359 1102 1407 1135 Ob
1443 1113 1541 1145 quem
1575 1102 1787 1135 <vehementer
1811 1114 1833 1135 α

69 1155 229 1188 sectariis
256 1155 431 1197 impetitus
457 1159 513 1188 est.
564 1155 684 1198 Neque
712 1155 747 1187 td
782 1159 957 1198 moratur,
993 1167 1071 1188 cum
1098 1160 1235 1188 tantum
1261 1156 1422 1188 ecclesiae
1445 1157 1567 1198 qratia
1594 1159 1624 1188 et
1649 1167 1691 1188 ex
1726 1155 1833 1189 huius

69 1208 238 1240 sententia
263 1209 456 1249 scripserit.
499 1208 656 1241 Plurimi
682 1209 784 1240 etiam
811 1208 943 1240 librum
971 1209 1091 1250 maslai
1114 1209 1275 1250 facium,-
1301 1209 1358 1241 01ιί
1384 1210 1455 1251 ipse
1482 1210 1551 1241 iam
1581 1219 1700 1242 nomen
1728 1220 1831 1242 sumn

71 1263 225 1304 apponit.
281 1262 488 1294 Tractatum
523 1262 564 1294 (Ze
597 1261 846 1302 iustificatione
872 1262 1012 1293 addidit
1039 1266 1067 1294 et
1102 1262 1213 1294 multa
1247 1262 1456 1305 inmutavit,
1490 1263 1587 1295 salsa
1622 1263 1832 1295 auctoritate

70 1315 233 1347 editionis
262 1316 412 1357 prioris.
467 1314 689 1347 Colonienses
726 1314 910 1347 Canz'se'nm
948 1316 1101 1347 iuvenem
1137 1315 1256 1348 multis
1292 1315 1463 1357 beneficiis
1497 1316 1691 1357 affecerunt
1726 1319 1755 1348 et
1790 1315 1830 1348 ob

68 1367 151 1408 fidei
176 1368 365 1401 catholicae
391 1368 624 1400 constantiam
649 1368 795 1400 summis
820 1368 987 1400 laudibus
1013 1368 1113 1411 de'yni
1138 1373 1230 1401 sunt.

186 1445 266 1487 AD
308 1444 589 1487 SENATVM
625 1444 1020 1494 POPVLVMQUE
1061 1444 1487 1496 COLONIENSEM,
1530 1445 1701 1486 PETRI
1734 1445 1827 1487 CA-

68 1510 205 1553 NISII
238 1510 444 1552 THEOL.
478 1509 824 1553 PRAEFATIO.

185 1575 365 1618 ΜΙΤΤΟ
409 1575 463 1617 ad
503 1589 580 1617 uos
612 1575 943 1624 Catechismum,
986 1575 1091 1626 siue,
1135 1578 1183 1617 ut
1224 1589 1303 1629 ego
1346 1575 1488 1617 dicere
1521 1575 1665 1625 malui,
1708 1575 1827 1617 Chri-

66 1641 234 1684 stianae
257 1640 478 1683 doetrinae
505 1654 716 1682 sumniam
739 1639 981 1682 Lectissimi
1004 1640 1355 1694 Amplissimique
1378 1640 1493 1682 Viri:
1527 1654 1633 1694 opus
1657 1640 1826 1693 quidem

65 1706 242 1760 puerile,
276 1708 325 1747 ut
356 1705 549 1747 nonnulli
572 1705 773 1748 fortassis
797 1705 1119 1755 existimabunt,
1154 1708 1197 1747 et
1220 1708 1321 1748 ante
1344 1705 1425 1747 hac
1447 1705 1620 1759 saepius
1643 1705 1826 1748 editum:

66 1771 141 1813 sed
182 1771 295 1824 quod
336 1770 453 1812 uiros
494 1770 625 1813 etiam
668 1773 886 1820 exerceat,
929 1773 973 1812 et
1014 1770 1081 1812 cui
1118 1784 1361 1824 supremam
1396 1784 1476 1824 ego
1508 1784 1682 1812 manum
1715 1785 1826 1812 nunc

64 1836 239 1878 tandem
282 1835 452 1890 impono
467 1837 495 1879 ¹.
559 1835 661 1877 Cum
704 1837 849 1877 autem
882 1839 984 1878 ante
1016 1835 1267 1878 decennium
1300 1835 1496 1878 Viennae
1527 1849 1739 1885 uersarer,
1783 1841 1827 1878 et

65 1900 362 1943 laudatissimo
404 1900 514 1953 Regi
555 1900 839 1951 Ferdinando,
882 1900 952 1954 qui
993 1903 1146 1954 postea
1187 1900 1347 1943 Caesar
1388 1901 1635 1943 declaratus
1676 1905 1755 1952 est,
1799 1916 1826 1944 a

65 1965 200 2007 saeris
230 1979 369 2007 essem
393 1965 681 2014 concionibus,
714 1965 795 2007 hoc
817 1979 896 2019 ego
920 1966 1215 2019 qualecunque
1238 1981 1356 2021 opus,
1392 1968 1440 2008 ut
1462 1966 1647 2019 ingenue
1670 1966 1825 2017 fatear,

66 2031 215 2072 eodem
249 2030 447 2084 Principe
480 2030 541 2072 sic
581 2030 829 2084 postulante
862 2031 1165 2085 conscriptum,
1207 2031 1250 2073 in
1291 2032 1431 2073 lucem
1472 2031 1655 2086 primum
1688 2032 1826 2075 dedi2.

65 2096 227 2138 Causas
260 2095 414 2137 edendi
446 2098 645 2150 repetere
678 2109 762 2137 non
796 2096 967 2146 attinet,
1002 2099 1051 2139 ut
1083 2111 1190 2150 quas
1223 2097 1410 2151 optimus
1432 2097 1505 2138 ille
1528 2097 1758 2139 Mecoenas
1784 2097 1825 2139 in

66 2175 142 2203 suo
176 2160 245 2202 uel
278 2160 525 2214 diplomate,
560 2161 629 2202 uel
652 2160 806 2211 edicto,
841 2162 953 2214 quod
977 2162 1096 2216 operi
1128 2164 1371 2217 praefixum
1394 2165 1531 2213 extat,
1566 2162 1608 2203 in
1640 2162 1825 2204 medium

65 2225 272 2280 profe-12³.
335 2225 489 2278 Neque
530 2225 630 2266 mihi
677 2225 756 2267 hoc
797 2226 903 2268 uitio
945 2227 1200 2270 uertendum
1242 2230 1369 2282 puto,
1413 2228 1524 2280 quod
1566 2227 1678 2269 idem
1719 2227 1828 2270 liber

66 2292 227 2344 absque
258 2290 437 2333 Autoris
479 2291 649 2332 nomine
686 2291 895 2344 prodierit
926 2306 1078 2346 saepe:
1123 2292 1204 2335 etsi
1247 2296 1400 2347 postea
1432 2293 1589 2336 Veneti
1623 2296 1666 2335 et
1700 2292 1826 2343 Galli,

66 2352 165 2398 dum
198 2370 304 2410 opus
337 2356 560 2406 recudunt,
603 2370 670 2398 me
703 2356 874 2409 quidem
907 2357 1054 2408 inscio,
1098 2372 1253 2400 nomen
1286 2372 1427 2400 meum
1461 2358 1784 2411 adscripserunt
1797 2359 1824 2401 4.

66 2421 159 2475 Ego
203 2435 306 2463 uero
350 2421 451 2463 talis
495 2421 693 2474 tantique
738 2422 969 2476 Principis,
1016 2422 1087 2476 qui
1131 2423 1260 2465 facile
1304 2423 1465 2477 primas
1509 2423 1551 2464 in
1595 2422 1826 2465 Germania

65 2486 254 2536 tenebat,
298 2489 389 2529 tum
423 2486 702 2536 authoritate,
744 2490 835 2529 tum
868 2488 1073 2530 mandato
1115 2491 1357 2539 contentus,
1401 2489 1492 2529 Deo
1526 2487 1664 2541 magis
1697 2502 1825 2540 quam

65 2551 306 2593 hominibus
350 2554 551 2594 conatum
599 2551 711 2592 hunc
758 2554 953 2594 nostrum
1003 2554 1283 2608 comprobare
1330 2554 1540 2595 uolebam.
1619 2552 1733 2594 Nam
1782 2554 1826 2594 et

66 2616 247 2658 nominis
289 2616 483 2670 expressi
525 2616 820 2659 additamento
862 2617 904 2659 id
942 2617 1134 2661 futurum
1167 2618 1460 2672 prouidebam,
1503 2620 1551 2659 ut
1591 2618 1823 2660 multorum

65 2681 108 2722 in
149 2696 216 2723 me
258 2681 355 2724 odia
398 2682 674 2732 concitarem,
718 2684 762 2724 et
795 2682 1033 2725 uiruleutos
1067 2683 1255 2725 calamos
1289 2697 1500 2726 acuerem.
1565 2682 1686 2725 Adeo
1720 2683 1824 2724 nihil

65 2745 156 2788 fere
198 2750 288 2788 tam
333 2750 534 2789 exactum
580 2750 624 2788 et
668 2747 938 2789 elaboratum
983 2762 1095 2789 nunc
1140 2748 1303 2798 editur,
1349 2748 1449 2801 quin
1490 2748 1685 2789 Momos⁵
1725 2747 1823 2790 ilico

187 2874 196 2893 ¹
222 2873 314 2918 Ipsis
340 2873 395 2908 his
423 2874 547 2909 diebus
574 2873 741 2908 Coloniae
767 2887 844 2908 eam
871 2875 1095 2920 imponebat;
1122 2876 1203 2910 vide
1230 2876 1322 2910 infra
1349 2888 1503 2910 monum.
1532 2876 1599 2911 litt.
1630 2877 1720 2920 (13).

184 2926 196 2946 ²¹
225 2928 311 2962 Can.
339 2927 354 2961 I
381 2928 476 2961 537¹.
523 2928 559 2962 Ο.
581 2929 850 2971 Braunsberfler
876 2928 910 2962 S.
931 2929 975 2968 J.‚
1003 2929 1231 2971 Entstehung
1258 2929 1327 2962 und
1356 2931 1451 2962 erste
1479 2929 1734 2973 Entwickluug
1760 2930 1822 2965 der

67 2978 318 3014 Katechismen
345 2980 407 3014 des
433 2981 570 3023 seligen
597 2981 727 3014 Petrus
753 2981 926 3021 Canisius,
955 2981 1128 3025 Freiburg
1154 2982 1176 3015 i.
1198 2982 1253 3016 ΒΓ.
1284 2982 1384 3023 1893,
1411 2982 1539 3017 8—49.

185 3033 197 3052 ³
223 3032 299 3067 Hoc
325 3033 480 3078 diploma
506 3033 587 3067 vide
617 3035 704 3068 Can.
732 3034 745 3067 1
774 3034 971 3067 752—754.

183 3087 195 3105 ⁴
222 3086 275 3120 Cf.
303 3088 583 3130 Braunsberyer,
615 3087 842 3129 Entstebung
869 3090 935 3121 ete.
965 3088 1026 3122 74:
1063 3090 1146 3122 (jan.
1175 3088 1222 3120 Ill
1252 3089 1319 3121 774
1347 3089 1412 3122 777
1442 3089 1509 3123 788
1538 3089 1623 3128 7903
1654 3089 1701 3123 IV
1731 3089 1820 3125 1004

68 3137 155 3172 1007
185 3139 284 3173 1023.

185 3193 196 3212 5
222 3192 509 3237 Reprehensores
536 3197 571 3227 et
598 3194 768 3227 irrisores.
