2045 3471
176 192 261 234 270
451 187 552 222 1332.
579 188 730 221 Ioannes
757 187 798 220 de
824 187 979 221 Polanco
1007 186 1158 221 Canisio.
1208 186 1324 221 Roma
1354 187 1407 221 18.
1427 186 1519 221 Iunii
1547 187 1649 222 1566.

295 307 375 341 Una
401 317 481 340 cum
507 305 576 339 hac
602 304 768 350 epistula,
803 307 844 339 ut
870 316 916 339 ex
942 304 1090 339 Polanci
1123 304 1256 339 litteris
1291 305 1416 338 eodem
1442 304 1497 338 die
1532 304 1576 338 ad
1603 303 1786 338 Canisium
1812 301 1931 336 missis

176 360 412 404 cognoscitur,
439 359 644 402 Augustam
681 358 725 392 ad
753 357 935 392 Canisium
973 358 1084 392 missa
1121 359 1177 392 est
1214 357 1369 402 epistula
1408 358 1530 391 eodem
1570 357 1625 391 die
1659 369 1680 391 a
1714 358 1849 400 Bor-qia
1887 356 1929 389 ad

174 413 215 448 P.
233 413 493 457 Hieronymum
517 411 684 445 Natalem
703 411 927 445 visitatorem
955 410 1057 451 data;
1085 422 1129 444 ex
1156 422 1226 454 qua
1252 410 1384 454 aliqua,
1411 410 1495 454 quia
1521 410 1564 444 ad
1583 409 1765 444 Canisium
1792 419 1932 452 quoque

174 466 365 511 pertinent,
391 468 590 509 ponuntur:
630 464 883 506 „Intendiamo,
920 463 984 498 che
1020 467 1077 498 sta
1107 474 1173 497 5113
1207 463 1341 497 santita
1368 464 1464 497 assai
1490 464 1656 497 contento
1684 462 1741 496 del
1766 472 1932 495 successo

175 519 268 554 della
291 518 406 559 Dieta,
433 518 668 552 confessendo
693 517 743 551 lui
769 518 910 558 istesso,
937 517 1003 551 che
1028 528 1097 550 non
1123 516 1157 550 lo
1184 518 1374 560 aspettaua
1391 518 1492 550 tanto
1510 516 1636 556 buono,
1663 517 1698 549 et
1722 515 1749 549 li
1767 513 1933 549 catholici

173 572 343 607 massime
370 571 505 605 Prelati
529 570 647 605 hanno
683 571 791 604 etiam
816 573 987 615 superata
1012 569 1278 614 laspettatione,
1314 569 1485 603 massime
1512 571 1646 612 quanto
1678 568 1747 602 allo
1774 568 1933 602 accettar

174 626 200 660 11
227 624 415 665 Concili01,
443 624 491 658 dil
519 624 583 658 che
610 624 697 657 tutti
724 623 754 657 ci
781 623 893 657 siamo
920 623 1095 657 consolati
1120 622 1156 656 in
1182 621 1343 656 Domino.
1364 650 1370 656 .
1391 649 1398 656 .
1419 650 1427 656 .
1465 621 1556 663 Quel
1582 622 1646 655 che
1664 621 1706 655 V.
1726 620 1933 654 Reuerenza

176 678 294 714 scriue
319 690 389 712 non
423 677 448 711 11
484 689 569 722 pare
595 677 722 711 debbia
748 676 940 710 accettarsi
968 676 1059 710 altro
1086 675 1236 718 collegio
1262 675 1297 709 in
1326 674 1518 710 Germania
1543 676 1658 720 prima
1684 674 1718 708 di
1745 673 1863 718 quello
1890 672 1932 706 de

174 731 359 776 Herbipoli
385 733 525 765 attenta
549 730 585 764 la
611 731 819 774 promessa²
845 731 911 763 etc.
937 729 986 763 mi
1012 740 1098 774 pare
1124 728 1236 762 anche
1262 731 1282 762 a
1309 740 1365 762 me
1391 729 1491 762 bene.
1509 755 1516 762 .
1533 756 1539 763 .
1556 755 1563 762 .
1600 728 1672 762 Sua
1698 727 1838 762 83111113
1863 737 1932 760 non

174 786 212 820 fa
237 786 298 830 piu
324 784 503 818 mentione
529 783 622 817 delle
647 782 819 823 missioni,
855 794 899 816 ne
934 782 1047 816 anche
1083 781 1114 815 si
1143 783 1256 815 tratta
1283 781 1377 815 della
1403 781 1535 815 andata
1562 781 1619 815 del
1645 780 1753 825 padre
1780 779 1932 820 03111510,

175 838 255 873 anzi
280 849 366 883 pare
391 836 574 881 probabile
610 847 678 869 non
705 836 734 869 si
761 835 839 869 fara
864 837 992 880 troppo
1027 835 1199 869 instantia
1235 846 1298 879 per
1324 834 1494 868 l'auenire
1528 835 1565 868 in
1591 836 1719 878 questa
1744 834 1846 877 parte
1871 843 1934 876 per

175 890 430 925 l’information
456 889 522 923 che
547 889 597 922 s'e
624 889 727 922 data“
745 888 757 907 ³
793 888 855 929 (ex
880 888 1077 932 archetypo
1103 888 1147 922 ab
1174 889 1250 932 ipso
1276 887 1411 931 Borgia
1436 887 1649 932 subscripto,
1685 886 1778 931 quod
1813 887 1934 919 exstat

176 945 212 978 in
239 944 321 978 Cod.
352 942 452 986 „1⁴3ss²
483 954 515 975 n.
538 942 620 981 181;
650 942 758 975 etiam
784 941 819 974 in
845 940 933 986 Epp.
961 942 1082 974 Nadal
1108 941 1159 974 III
1187 941 1401 984 159—160).

298 997 501 1035 Praeterea,
520 997 615 1039 puto,
643 1006 724 1029 cum
750 994 807 1028 his
832 994 962 1028 litteris
988 994 1032 1028 ad
1052 994 1232 1028 Canisium
1258 994 1409 1028 missum
1436 996 1492 1028 est
1508 994 1778 1038 *praeceptum,
1805 992 1847 1025 de
1865 1002 1934 1035 quo

177 1051 213 1084 in
232 1049 314 1083 Cod.
337 1048 456 1091 „Def.“
478 1050 640 1082 notatum
667 1048 807 1082 inveni:
838 1049 889 1089 „A
909 1048 942 1081 di
963 1048 1017 1081 14.
1036 1047 1070 1081 di
1089 1047 1222 1090 giugno
1244 1047 1343 1082 1566.
1370 1047 1409 1080 fil
1432 1047 1593 1081 ordinato
1620 1046 1684 1080 che
1710 1045 1792 1089 ogni
1818 1056 1933 1079 sacer—

177 1103 258 1137 dote
285 1102 379 1136 della
405 1101 624 1146 Compagnia
651 1101 789 1135 dicesse
815 1101 882 1134 due
908 1112 1036 1141 messe,
1072 1102 1108 1134 et
1141 1100 1166 1134 li
1192 1100 1327 1134 fratelli
1353 1100 1534 1134 facessero
1560 1100 1628 1134 due
1654 1099 1750 1133 uolte
1777 1098 1935 1132 oratione

176 1167 239 1200 per
265 1155 289 1189 il
316 1154 445 1197 Signor
470 1154 584 1187 Pedro
604 1152 792 1194 Quadrado
819 1153 988 1187 fundator
1013 1153 1162 1187 insieme
1188 1165 1253 1187 con
1280 1164 1344 1187 sua
1372 1153 1504 1196 moglie
1530 1152 1614 1186 uiua
1640 1152 1697 1186 del
1724 1150 1873 1195 collegio
1899 1150 1933 1184 di

176 1209 320 1243 Medina
347 1207 404 1242 del
430 1219 554 1251 campo
581 1219 644 1251 per
661 1207 775 1240 tutto“
799 1207 936 1250 (Messe
957 1234 964 1241 .
980 1234 986 1241 .
1003 1234 1010 1241 .
1037 1218 1100 1251 per
1118 1206 1142 1240 li
1160 1206 1308 1247 Fundd.,
1334 1207 1370 1240 in
1395 1218 1426 1241 a.
1445 1206 1563 1249 1566).
1598 1206 1728 1239 Petrus
1747 1204 1934 1239 Cuadrado

174 1264 352 1296 mercator
378 1261 578 1305 opulentus,
605 1260 665 1304 qui
693 1271 762 1293 una
781 1271 861 1294 cum
879 1271 989 1294 uxore
1010 1260 1200 1293 Francisca
1216 1259 1362 1304 Manjon
1389 1271 1421 1294 a.
1442 1260 1530 1293 1557
1551 1259 1741 1302 collegium
1759 1258 1933 1302 methym-

174 1327 285 1350 nense
314 1314 473 1358 (Medina
508 1313 565 1346 del
592 1312 740 1357 Campo)
778 1313 1021 1354 incohaverat,
1051 1314 1104 1347 14.
1132 1312 1266 1357 Aprilis
1296 1313 1385 1346 1566
1411 1312 1488 1346 vita
1524 1315 1683 1346 cesserat
1711 1312 1933 1354 (Sacchimcs,

175 1369 268 1403 Hist.
297 1367 330 1402 S.
358 1368 392 1401 J.
419 1367 462 1407 II,
490 1367 511 1400 1.
534 1367 562 1405 1,
589 1378 622 1400 n.
646 1367 730 1406 116:
759 1368 910 1400 Astraia
940 1366 961 1399 l.
990 1378 1019 1400 0.
1047 1366 1077 1399 ΙΙ
1103 1366 1179 1409 42).
1215 1367 1369 1410 Boryz'as
1395 1366 1507 1399 Roma
1536 1366 1588 1400 19.
1608 1365 1816 1399 Decembris
1844 1364 1932 1398 1567

173 1423 214 1457 P.
240 1420 431 1455 Laurentio
457 1420 578 1463 Magio
605 1419 818 1464 provinciali
844 1419 1013 1453 Austriae
1039 1419 1235 1463 *scripsitz
1275 1418 1443 1461 „Quando
1479 1419 1504 1453 li
1539 1419 1717 1453 sacerdoti
1751 1418 1875 1451 dicono
1900 1417 1933 1451 le

174 1486 301 1515 messe,
328 1486 391 1519 per
416 1473 441 1507 li
467 1473 659 1514 fundatori,
686 1472 711 1506 li
737 1472 871 1506 fratelli
898 1472 1058 1516 sogliono
1085 1472 1139 1505 dir
1165 1472 1200 1505 in
1226 1471 1329 1505 luoco
1357 1471 1438 1505 dela
1463 1483 1582 1506 messa
1608 1483 1678 1505 una
1704 1481 1843 1511 corona,
1870 1469 1933 1504 hor

175 1527 383 1562 trouandosi
410 1528 430 1560 'a
456 1526 588 1571 quella,
615 1525 680 1559 hor
705 1527 794 1560 non“
827 1525 889 1569 (ex
915 1537 1036 1570 apogr.
1064 1525 1174 1559 eiusd.
1200 1527 1330 1570 temp.;
1363 1524 1502 1566 „Germ.
1523 1526 1586 1560 67“
1609 1526 1634 1559 f.
1654 1524 1854 1567 92¹³—93³).

293 1580 459 1615 Canisius
485 1579 518 1613 S.
546 1579 736 1613 Fraucisco
763 1579 916 1621 Borgiae
942 1578 1125 1623 respondit
1151 1579 1182 1612 6.
1210 1578 1290 1612 Iulii
1320 1578 1420 1612 1566.

174 1666 325 1703 1332.
425 1666 484 1702 Ρ.
521 1666 819 1702 ΙΟ1ΔΝΝΕ8
855 1665 947 1702 DE
983 1664 1323 1709 POLANCO,
1366 1666 1581 1701 secretarius
1619 1666 1809 1700 Societatis
1843 1667 1934 1707 Iesu,

341 1720 539 1755 CANISIO.
1452 1718 1564 1753 Roma
1594 1719 1644 1753 18.
1666 1719 1756 1753 Iunii
1786 1720 1886 1755 1566.

292 1774 347 1807 Ex
374 1773 579 1818 apographo
599 1773 710 1807 einsd.
728 1775 855 1818 temp:
885 1773 919 1806 in
938 1773 1110 1816 margine,
1130 1773 1250 1807 eadem
1272 1784 1399 1807 mann:
1422 1772 1585 1814 „Eidem¹‘
1602 1785 1608 1812 ;
1635 1772 1795 1817 proxime
1814 1774 1933 1806 autem

174 1831 257 1861 ante
282 1827 350 1861 hoc
376 1838 497 1871 apogr.
526 1826 682 1870 positum
709 1829 764 1860 est
790 1838 911 1871 apogr.
939 1826 1141 1860 litterarum
1167 1837 1188 1859 a
1214 1825 1347 1868 Borgia
1375 1825 1419 1859 ad
1449 1825 1630 1859 Canisium
1659 1826 1712 1859 18.
1731 1825 1822 1859 Iunii
1843 1826 1932 1860 1566

177 1881 352 1914 datarum.
407 1880 547 1922 „Germ.
575 1880 640 1913 65⁶⁴
670 1879 695 1913 f.
717 1880 811 1913 138¹).

291 1941 344 1973 De
369 1940 608 1982 compluribus
634 1940 792 1982 epistulis
818 1940 865 1971 ad
891 1949 956 1982 eos,
984 1939 1030 1971 ad
1056 1949 1142 1981 quos
1166 1950 1187 1971 α
1212 1950 1247 1971 se
1273 1939 1378 1971 datae
1403 1939 1485 1981 sint,
1506 1939 1743 1981 perferendis.

291 2005 343 2048 V.
368 2005 418 2048 R.
452 2005 508 2046 mi
541 2005 698 2046 mando
731 2004 871 2057 questi
905 2005 950 2045 ds
979 2004 1145 2058 passati
1177 2018 1233 2045 un
1266 2004 1377 2058 plico
1413 2004 1454 2046 di
1487 2004 1656 2054 lettere,
1699 2005 1738 2046 d'
1762 2005 1801 2046 V
1804 2004 1932 2047 ratis-

172 2070 302 2121 lauia,
346 2071 415 2111 del
446 2071 498 2113 D.
522 2069 747 2111 Theodoro
780 2069 972 2110 Lindano
997 2103 1005 2112 .
1030 2069 1174 2121 alqual
1206 2068 1343 2110 saccio
1376 2068 1566 2123 risposta
1598 2069 1722 2110 conla
1752 2069 1930 2119 inclusa,

176 2136 228 2178 V.
254 2135 303 2177 R.
337 2149 414 2189 per
447 2134 615 2176 charita
647 2134 779 2187 gliela
812 2134 977 2183 mandi;
1020 2134 1063 2174 in
1098 2133 1376 2184 Vratislauia‚
1413 2137 1457 2176 et
1489 2148 1536 2175 se
1568 2134 1817 2176 andaranno
1860 2135 1935 2188 qul'

176 2201 333 2243 lettere
373 2214 450 2254 per
490 2200 519 2241 il
552 2200 598 2242 P.
633 2199 794 2241 Natale
819 2233 827 2241 .
852 2199 988 2240 anche
1020 2198 1060 2240 10
1101 2198 1273 2239 indrizzi
1309 2199 1419 2241 doue
1451 2199 1510 2240 lui
1543 2201 1625 2250 sta,
1668 2199 1808 2241 scriuo
1850 2200 1932 2241 ben

176 2266 218 2308 al
251 2266 298 2307 P.
322 2265 477 2315 Dirsio,
512 2264 588 2306 che
621 2278 667 2305 se
699 2263 758 2305 lui
790 2278 840 2305 sa
872 2265 1005 2312 certo,
1041 2263 1118 2304 che
1150 2263 1214 2304 513
1247 2263 1409 2305 andato
1441 2263 1485 2305 in
1512 2263 1691 2316 Vienna,
1726 2264 1755 2305 li
1787 2265 1932 2307 mandi

176 2344 252 2372 sue
284 2331 452 2379 lettere,
486 2333 530 2372 et
562 2329 697 2371 anche
730 2329 869 2381 quelle
903 2328 970 2369 del
1002 2328 1048 2369 P.
1073 2328 1234 2381 Lanoy.

295 2399 490 2433 Polancum
509 2399 636 2432 harum
655 2398 856 2432 litterarum
874 2399 1055 2431 auctorem
1075 2409 1153 2431 esse
1172 2397 1393 2441 intellegitur
1420 2409 1464 2431 ex
1483 2398 1571 2442 ipsis
1589 2399 1706 2438 rebus,
1725 2401 1761 2432 et
1777 2399 1932 2433 maxime

174 2464 217 2486 ex
245 2452 400 2496 epistula
427 2452 556 2496 Dyrsio
582 2451 712 2485 rectori
739 2451 975 2495 oenipontano
1002 2450 1180 2484 destinata
1207 2450 1345 2495 (apogr.
1374 2451 1449 2484 eod.
1476 2453 1585 2495 temp.
1611 2451 1784 2496 scriptum
1811 2453 1932 2485 exstat

173 2506 209 2538 in
239 2505 379 2547 „Germ.
407 2506 470 2538 65“
506 2504 529 2537 f.
561 2504 806 2547 13812—139222),
842 2514 935 2547 quae
971 2503 1006 2536 in
1042 2503 1084 2536 iis
1119 2505 1351 2543 memoratur;
1390 2503 1482 2537 hanc
1518 2503 1608 2537 enim
1642 2515 1662 2537 a
1697 2504 1851 2537 Polanco
1885 2505 1930 2538 ad

174 2558 343 2603 Dyrsium
383 2558 503 2591 datam
542 2568 621 2591 esse
657 2559 795 2590 certum
831 2558 905 2596 est;
942 2567 984 2589 ac
1023 2556 1214 2590 Polancum
1243 2555 1388 2590 Canisio
1416 2556 1470 2591 18.
1497 2556 1588 2590 Iunii
1616 2556 1705 2590 1566
1743 2557 1930 2601 scripsisse

174 2612 402 2655 cognoscitur
428 2622 472 2643 ex
499 2622 549 2650 eo,
586 2610 678 2653 quod
710 2611 745 2643 in
771 2609 924 2652 registro
953 2612 988 2642 et
1012 2609 1143 2642 litteris
1169 2609 1330 2653 proxime
1357 2609 1661 2649 antecedentibus,
1694 2611 1729 2642 et
1755 2609 1929 2653 epistulae

174 2664 334 2708 proxime
360 2664 524 2707 sequenti
550 2663 580 2696 is
608 2663 683 2696 dies
709 2663 889 2706 ascriptus
915 2663 981 2695 est.

292 2716 471 2750 Polancus
498 2727 568 2749 una
595 2727 673 2749 cum
701 2715 756 2749 his
782 2715 914 2748 litteris
934 2714 1076 2748 Canisio
1101 2714 1207 2747 etiam
1231 2715 1478 2755 „communes“
1508 2714 1591 2748 illas
1615 2714 1757 2748 misisse
1776 2715 1928 2757 videtur,

175 2769 217 2802 de
243 2770 371 2813 quibus
397 2769 433 2802 in
452 2769 533 2802 Cod.
558 2768 678 2810 ,Def.“
701 2769 886 2802 *notatum
906 2770 980 2801 est:
1012 2769 1062 2809 „A
1089 2767 1197 2801 (1118.
1225 2767 1259 2801 di
1285 2768 1421 2810 giugno
1449 2767 1503 2800 66.
1530 2767 1561 2800 51
1585 2767 1714 2800 mando
1741 2779 1810 2800 una
1837 2780 1928 2802 com-

174 2833 279 2855 mune
305 2822 417 2856 latina
444 2822 478 2855 di
505 2833 586 2855 cose
613 2821 647 2854 di
674 2821 899 2855 edificatione
926 2820 983 2854 del
1010 2820 1130 2864 Papa.
1147 2820 1206 2854 alli
1233 2821 1401 2864 seguenti
1428 2819 1560 2862 luoghi‚
1580 2819 1735 2859 Aust-ria,
1763 2820 1928 2865 Superior

175 2873 376 2915 Germania,
403 2874 537 2913 Rheno,
565 2874 723 2907 Jnferior
742 2873 945 2913 Germania,
973 2873 1128 2913 Polonia‚
1158 2872 1360 2916 Aquitania,
1381 2872 1542 2911 Francia,
1563 2871 1716 2916 Spagna,
1735 2872 1927 2916 Sardegna‚

175 2926 395 2967 Lombardia‚
415 2927 585 2966 Tosaana,
604 2926 742 2971 Napoli‚
762 2925 914 2959 Sicilia.“
940 2925 1097 2969 (Diuersi
1115 2926 1239 2966 ordini,
1265 2926 1301 2958 in
1325 2937 1356 2959 a.
1375 2924 1493 2968 1566.)
1529 2923 1626 2966 Quae
1651 2925 1793 2959 litterae
1812 2927 1928 2961 editae

174 2980 257 3011 sunt
284 2990 304 3011 a
330 2981 423 3013 Lml.
451 2981 615 3022 Delplace
641 2979 675 3013 S.
701 2979 733 3013 J.
760 2980 797 3012 in
823 2980 1005 3013 Analeetis
1031 2978 1274 3012 Bollandianis
1293 2978 1362 3012 VH
1390 2977 1538 3011 56—63.

296 3065 304 3083 ¹
333 3064 385 3098 Cf.
412 3076 520 3108 supra
545 3078 578 3110 p.
606 3066 673 3100 249
701 3068 737 3099 et
762 3066 855 3100 infra
880 3078 1035 3100 monum.
1063 3077 1143 3108 aug.
1171 3065 1205 3109 (c
1224 3065 1296 3108 20).

295 3116 307 3135 2
335 3116 497 3150 Canisius
524 3118 675 3160 Borgiae
711 3119 852 3152 nomine
887 3118 1052 3163 episcopo
1088 3118 1123 3151 id
1149 3118 1380 3162 promiserat3
1408 3116 1489 3150 vide
1514 3127 1623 3160 supra
1648 3128 1680 3160 p.
1706 3117 1769 3151 105
1800 3118 1864 3152 129
1891 3120 1926 3151 01

175 3168 269 3202 infra
294 3179 448 3202 monum.
475 3180 584 3211 germ.
611 3170 633 3203 l.
655 3171 721 3213 (7).
867 3172 880 3191 3
907 3171 959 3205 Cf.
987 3182 1096 3215 supra
1121 3182 1154 3214 p.
1181 3171 1248 3204 259
1276 3170 1344 3203 264
1373 3168 1568 3203 267-268.
