2045 3471
552 198 646 232 Mon.
665 197 733 232 722
759 197 836 231 sive
863 196 923 231 dil.
945 195 1034 239 (26).
1073 195 1166 230 Vere
1192 207 1224 230 a.
1244 196 1346 230 1567.
1739 196 1822 237 633

186 316 225 348 Ρ.
250 315 487 349 Theodoricus
508 315 676 349 (lanistas
703 315 737 348 S.
757 315 794 348 J.
822 315 957 357 collegii
982 314 1162 356 dilinyani
1189 318 1304 346 rector
1322 313 1470 355 Dilinqa
1495 315 1525 345 9.
1545 312 1718 346 Ianuarii
1737 314 1828 346 1567

69 370 105 404 S.
132 370 328 403 Francisco
355 369 510 411 Boryiae
533 368 734 411 praeposito
758 368 917 409 penei-ali
941 368 1106 410 scripsit:
1131 366 1240 399 Pater
1265 364 1497 409 prouincialis
1524 392 1531 399 .
1548 391 1555 399 .
1570 391 1579 399 .
1606 364 1708 399 nobis
1733 375 1828 398 nunc

68 423 171 457 adest
189 448 196 456 .
212 448 243 455 ..
279 420 442 455 Confessi
469 432 590 455 omnes
616 422 702 455 sunt
727 419 945 463 generaliter
969 419 1076 453 huius
1103 419 1186 453 anni
1212 418 1312 452 initio
1340 421 1375 451 et
1401 420 1487 452 vota
1513 419 1740 458 renouarunt,
1768 429 1828 451 ex-

68 477 171 520 cepto
197 474 402 508 Hermanno
429 473 554 515 Fabro,
590 474 650 518 qui
677 485 723 507 ex
748 473 934 507 Nouitiatu
961 473 1005 507 ad
1032 484 1096 506 nos
1123 472 1298 517 superiori
1333 482 1424 505 anno
1450 471 1583 505 missus
1609 471 1727 505 fuerat
1753 471 1827 504 Mo-

66 528 204 568 nachio,
243 529 280 561 et
316 529 584 572 praeceptorem
622 527 765 560 infimae
804 526 932 560 classis
966 525 1187 569 aliquamdiu
1222 524 1281 559 hic
1316 526 1451 567 egerat.
1504 524 1732 569 Compertum
1773 526 1827 558 est

68 583 163 616 enim
188 580 288 614 illum
315 580 480 614 laborare
505 580 613 614 tertio
639 579 906 624 impedimento,
933 591 978 613 ex
1005 579 1162 623 quinque
1182 577 1467 617 excludentibus,
1494 588 1560 611 nec
1578 577 1710 612 adsunt
1728 577 1830 612 dotes

67 634 174 676 aliae,
211 633 341 678 quibus
375 632 587 677 suppleatur
621 632 680 666 hic
707 632 886 673 defectus,
922 633 992 666 imo
1028 632 1120 665 vrsit
1154 632 1231 676 ipse
1258 630 1515 671 dimissionem,
1552 641 1659 674 quam
1695 631 1731 664 et
1765 629 1828 663 im-

66 687 225 733 petrauit
252 698 272 720 a
289 687 398 720 Patre
416 685 548 726 Natali,
563 685 687 720 Vtitur
712 697 806 720 nunc
833 697 873 719 eo
899 686 943 719 ad
962 688 1105 729 tempus
1133 687 1235 728 pater
1261 683 1503 729 prouinciali&
1530 683 1715 728 scriptoris
1739 683 1827 717 loco.

186 740 353 775 Canisius
380 739 411 773 7.
438 739 595 772 Ianuarii
625 738 701 782 (qui
736 751 776 773 eo
812 750 904 773 anno
939 738 1015 772 dies
1041 737 1170 771 Martis
1207 737 1299 780 erat)
1338 736 1518 778 Dilingam
1555 736 1703 770 advenit
1730 735 1829 779 (vide

66 805 175 839 supra
201 806 234 838 p.
261 793 359 836 377).
403 792 687 826 Renovationem
723 794 843 826 autem
870 794 1034 826 votorum
1061 790 1227 834 Dilingae
1254 790 1411 824 habitam
1440 801 1519 823 esse
1545 800 1673 823 censeo
1698 789 1758 823 vel
1786 790 1828 829 1.,

66 847 126 881 vel
151 848 183 881 6.
211 846 377 880 Ianuarii.
421 845 472 879 De
499 845 705 879 Hermanno
732 845 846 879 Fabro
874 845 950 879 eius
976 845 1152 889 scriptore
1178 856 1212 878 v.
1244 845 1330 878 Can.
1358 843 1408 877 IV
1425 843 1538 882 42533
1565 842 1605 882 is,
1634 844 1827 886 antequam

67 900 281 935 Societatem
308 899 469 944 petisset,
496 899 681 932 mensibus
707 898 843 942 aliquot
866 898 1048 940 „habitum
1066 897 1322 931 monasticun1“
1345 897 1439 941 apud
1459 895 1691 930 Cal-tusiauos
1710 898 1827 938 gesta-

67 956 190 994 verat;
225 953 261 986 in
287 964 355 996 quo
386 952 681 996 „impedimento“
713 952 820 994 (Can.
850 951 897 985 lV
915 951 1021 994 4252)
1052 962 1143 984 anno
1174 951 1264 984 1564
1299 962 1318 984 a
1345 949 1429 983 sede
1456 948 1654 993 apostolica
1680 960 1760 982 cum
1787 960 1827 983 eo

66 1007 311 1052 dispensatum
339 1006 418 1039 erat
442 1006 503 1046 ita,
531 1007 571 1039 ut
597 1005 632 1038 in
660 1004 851 1039 Societatis
877 1004 1079 1038 tirocinium
1106 1003 1217 1048 recipi
1244 1005 1366 1047 posset
1395 1002 1432 1043 (l.
1460 1014 1489 1036 c.
1517 1002 1584 1036 592
1611 1002 1710 1043 596).

68 1115 172 1152 722
198 1116 276 1151 sive
303 1114 398 1150 dil.
426 1113 564 1159 (26).
639 1113 734 1149 Vere
760 1123 793 1150 a.
812 1113 904 1150 1567.

185 1185 240 1220 Ex
266 1185 502 1231 autographo,
537 1185 593 1219 cui
628 1196 736 1219 manu
770 1196 917 1218 romana
953 1184 1111 1218 eiusdem
1137 1182 1310 1228 temporis
1336 1182 1548 1216 adnotatum
1575 1184 1661 1217 est:
1701 1182 1825 1225 „1567.

67 1238 212 1283 Dilinga
237 1239 276 1274 P.
297 1239 438 1284 Gaspar
456 1237 605 1281 Jnglese
633 1238 676 1272 10
703 1237 733 1271 d'
750 1238 907 1282 Aprile“.
947 1236 1009 1280 „G.
1028 1236 1212 1282 Ep.V111“
1243 1236 1268 1270 f.
1289 1236 1355 1271 130
1384 1235 1445 1279 (cf.
1472 1235 1495 1269 l.
1514 1248 1543 1270 c.
1562 1236 1587 1270 f.
1608 1235 1824 1278 140—141).

185 1305 224 1338 P.
256 1305 440 1338 Hatvodus
475 1315 551 1336 cum
589 1304 627 1337 P.
656 1304 809 1336 Polanco
837 1303 1021 1336 Soce'etatz's
1054 1303 1244 1335 secretario
1271 1303 1453 1345 queritur:
1486 1301 1556 1334 Per
1582 1301 1652 1334 PP.
1679 1301 1822 1334 Petrum

67 1362 96 1391 et
127 1358 381 1392 Theodoricum
410 1358 597 1391 Canisium
631 1369 674 1390 ex
708 1368 782 1389 una
812 1360 921 1399 parte
954 1367 989 1388 se
1014 1356 1062 1388 ad
1087 1356 1353 1398 disputationes,
1382 1355 1508 1398 quibus
1535 1351 1757 1398 „licentiam“
1785 1356 1825 1387 rin

66 1412 238 1453 theoloqia
257 1415 501 1454 consequatur,
529 1411 710 1443 habendas
734 1411 868 1453 uryeri,
896 1420 938 1442 σα)
964 1410 1077 1442 altera
1104 1419 1183 1441 vero
1210 1409 1323 1451 ipsam
1351 1408 1527 1440 licentiam
1544 1408 1613 1441 sibi
1629 1407 1824 1441 retardari.

66 1465 99 1498 A
125 1465 230 1498 Petro
256 1465 395 1508 quidem
425 1464 569 1497 Οαηὶεἰο
603 1474 637 1496 se
671 1463 830 1496 orationi
864 1463 903 1495 in
934 1463 1106 1505 prom-ima
1131 1461 1266 1503 synodo
1291 1461 1470 1494 habendae
1496 1461 1709 1494 destinatum
1734 1471 1826 1502 esse,-

64 1518 124 1551 sed
161 1518 328 1551 blandius
366 1529 472 1561 quam
509 1518 684 1550 sincerius
718 1527 832 1549 secum
859 1517 928 1558 aqi.
982 1515 1169 1548 canisium
1205 1525 1226 1547 (ι
1259 1515 1461 1557 praeposito
1494 1514 1656 1557 ⁸qeneralc'
1689 1515 1826 1547 moneri

67 1573 173 1616 cupit,
199 1583 242 1604 ne
268 1571 471 1605 Haivodum
497 1571 611 1604 denuo
636 1571 687 1603 ita
715 1570 831 1603 iubeat
856 1570 1050 1612 disputare.

188 1636 226 1670 P.
266 1636 412 1678 Gaspar
446 1635 631 1668 Haivoclus
669 1635 706 1667 S.
732 1635 781 1674 ιῙ.,
814 1634 999 1676 professor
1034 1637 1064 1665 et
1099 1634 1321 1665 contionator
1354 1632 1581 1674 (tilmannus,
1622 1632 1658 1665 P.
1695 1633 1828 1665 Ioanni

67 1690 108 1722 de
134 1689 288 1722 Polanco
324 1688 510 1721 Socz'etatis
542 1689 732 1720 secretario
767 1688 909 1729 scripsit
944 1686 1093 1728 Dilinya
1122 1688 1175 1720 10.
1203 1685 1346 1728 Aprilis
1373 1688 1464 1718 1567
1498 1686 1540 1718 de
1566 1685 1634 1718 PP.
1662 1685 1766 1719 Petro
1798 1690 1828 1718 et

73 1743 288 1776 Theodorico
323 1742 502 1775 Canisiis:
536 1739 670 1784 Lepida
705 1742 760 1774 est
794 1739 944 1773 historia
979 1749 1084 1782 quam
1120 1750 1215 1772 nunc
1248 1738 1450 1782 scripturus
1484 1749 1563 1772 sum
1591 1764 1598 1772 .
1626 1738 1828 1772 Reverendi

67 1795 197 1829 Patres
222 1794 337 1828 nostri
364 1792 602 1827 Provincialis
630 1794 666 1826 et
690 1793 831 1832 Hector,
863 1791 934 1837 hijs
960 1792 1092 1836 elapsis
1119 1791 1312 1833 mensibus,
1339 1803 1396 1825 me
1422 1802 1530 1836 saepe
1556 1791 1827 1828 admonuerunt.

67 1848 174 1892 idque
210 1860 254 1882 ex
288 1849 390 1892 parte
417 1846 618 1880 Reverendi
645 1846 767 1880 Patris
792 1845 944 1886 Natalis,
971 1847 1012 1878 vt
1037 1845 1317 1889 disputationem
1351 1844 1533 1879 solennem
1565 1856 1826 1889 praepararem.

68 1913 131 1946 pro
166 1901 312 1935 licentia
347 1900 390 1934 ad
418 1900 640 1933 doctoratum
672 1899 713 1944 jn
739 1899 935 1941 Theologia
961 1898 1222 1942 consequenda,
1254 1898 1295 1943 jn
1330 1900 1414 1932 actu
1448 1900 1535 1932 tunc
1560 1909 1644 1932 mox
1679 1898 1800 1931 futuro
1820 1924 1827 1931 .

68 1954 275 1989 differebam
296 1953 507 1998 ‚justabant
528 1952 662 1997 jterum
690 1954 798 1996 atque
821 1952 954 1997 jterum
974 1978 981 1986 .
1000 1951 1145 1986 tandem
1172 1963 1217 1985 ex
1243 1951 1455 1992 obedientia,
1481 1950 1561 1991 feci,
1588 1950 1680 1995 quod
1704 1950 1827 1995 jussus

69 2019 166 2042 eram
186 2008 435 2052 ‚disputatum
469 2008 525 2039 est
559 2005 699 2050 publice
719 2007 958 2050 .expectatur
992 2007 1104 2046 actus,
1140 2006 1394 2049 praeparatur;
1430 2004 1548 2038 omnia
1582 2004 1649 2038 sub
1684 2003 1827 2038 silentio

68 2062 270 2101 transeunt,
297 2059 385 2093 nihil
411 2059 474 2093 fit.
488 2060 570 2103 post
587 2058 764 2092 modicum
782 2058 953 2103 temporis
976 2057 1109 2102 jterum
1125 2057 1223 2102 jdem
1237 2057 1445 2102 jnstitutum
1464 2060 1651 2091 renovant.
1695 2057 1829 2090 Jubent

70 2112 317 2147 conclusiones
342 2112 508 2146 solennes
531 2111 664 2156 jterum
692 2111 907 2155 praeparari,
933 2110 1034 2154 affigi
1060 2110 1211 2155 publice,
1238 2112 1274 2144 et
1300 2110 1342 2144 ad
1372 2110 1463 2144 diem
1491 2112 1667 2144 statutum
1686 2109 1829 2144 defendi

70 2178 133 2211 pro
160 2167 283 2200 eodem
310 2165 424 2209 gradu
461 2165 720 2208 consequendo.
771 2164 827 2198 Fit
859 2164 926 2210 jta,
960 2166 1233 2209 praeparantur,
1269 2163 1519 2208 publicantur³
1554 2163 1588 2197 in
1615 2163 1827 2203 Academia;

71 2220 309 2253 admonentur
334 2217 507 2261 Theologi
542 2217 649 2261 idque
684 2218 726 2251 de
753 2229 830 2251 meo
861 2218 1013 2262 proprio,
1043 2217 1202 2262 (jubente
1229 2217 1263 2250 id
1289 2216 1499 2251 Reverendo
1526 2216 1633 2250 Patre
1660 2217 1826 2261 Rectore)

71 2274 112 2306 vt
138 2272 264 2306 adesse
291 2271 431 2305 velint.
451 2270 557 2315 paulo
592 2272 676 2304 ante
711 2282 817 2315 quam
845 2271 920 2305 dies
947 2270 1179 2315 disputationi
1213 2270 1432 2304 constitutus
1463 2269 1598 2315 jlluxit‚
1634 2272 1741 2304 vocat
1775 2281 1831 2304 me

71 2325 306 2359 Reverendus
332 2324 441 2358 Pater
469 2323 707 2358 provincialis
733 2325 777 2358 ad
803 2335 842 2358 se
861 2350 868 2358 .
888 2326 964 2358 tum
1001 2323 1060 2357 ille
1086 2323 1204 2357 laetus
1229 2323 1420 2366 ridensque
1446 2323 1524 2356 ait.
1541 2323 1717 2365 Magister
1744 2322 1832 2357 Gas-

71 2390 146 2424 par,
173 2379 286 2412 maior
312 2377 392 2411 laus
417 2380 480 2411 tua
507 2380 613 2417 esset,
640 2378 823 2421 maiorque
850 2377 975 2421 gloria,
1002 2377 1144 2411 differre
1170 2376 1236 2410 has
1257 2376 1529 2421 disputationes,
1556 2376 1667 2410 donec
1693 2376 1832 2410 conclu-

72 2431 192 2466 siones
217 2431 316 2476 typis
344 2430 419 2465 dari
447 2430 597 2474 possint,
632 2432 673 2464 vt
706 2430 755 2464 sit
781 2430 953 2464 celebrior
979 2432 1041 2464 tua
1067 2429 1251 2475 promotio,
1286 2433 1322 2463 et
1347 2429 1517 2463 maiorem
1544 2429 1725 2463 hominum
1753 2440 1832 2463 con-

72 2496 217 2519 cursum
244 2484 379 2518 habeas
399 2511 407 2518 .
426 2487 464 2517 at
490 2495 567 2526 ego,
603 2495 689 2526 rogo
721 2483 870 2528 jnquam
898 2485 1011 2528 pater,
1046 2483 1077 2517 si
1112 2482 1315 2517 obedientia
1350 2482 1417 2516 hoc
1443 2482 1519 2516 fieri
1547 2482 1756 2523 decreverit,
1793 2485 1833 2517 vt

72 2549 166 2572 nunc
201 2537 320 2582 potius
346 2548 465 2571 coram
494 2536 733 2570 vniversitate
759 2539 881 2570 nostra
908 2538 1060 2576 tantum,
1095 2536 1172 2569 sine
1210 2535 1334 2569 maiori
1362 2535 1544 2569 hominum
1572 2546 1747 2569 concursu
1773 2547 1832 2569 ex-

73 2589 575 2635 pediatur.quandoquidem
606 2588 646 2633 jn
681 2589 968 2623 conclusionibus
1003 2588 1230 2631 colligendis,
1267 2588 1482 2629 scribendis,
1522 2588 1760 2622 rescribendis
1798 2590 1834 2622 et

73 2643 300 2688 publicandis
331 2643 407 2688 jam
432 2641 585 2676 multum
612 2641 810 2676 laboratum
839 2642 897 2681 sit,
933 2644 969 2676 et
995 2653 1061 2685 ego
1087 2641 1199 2675 semel
1225 2641 1268 2675 ab
1295 2641 1362 2675 hoc
1388 2652 1494 2675 onere
1521 2640 1664 2674 liberari
1691 2641 1833 2685 cupiam

74 2708 119 2731 ne
141 2696 275 2742 jterum
302 2696 384 2741 plus
410 2707 517 2740 quam
544 2706 632 2739 opus
659 2696 717 2736 sit,
746 2706 766 2729 a
784 2694 998 2729 lectionibus
1023 2697 1060 2728 et
1077 2693 1208 2739 studijs
1230 2693 1408 2739 jmpediar
1424 2720 1430 2727 .
1446 2693 1534 2727 haec
1552 2705 1632 2727 cum
1651 2693 1833 2734 dixissem,

74 2749 306 2784 Reverendus
332 2748 442 2783 Pater
467 2747 700 2782 Provintialis
735 2759 873 2782 omnem
910 2748 1020 2782 risum
1055 2759 1076 2781 a
1109 2759 1149 2781 se
1184 2758 1384 2787 removens,
1419 2758 1476 2780 me
1511 2746 1555 2780 ad
1582 2746 1832 2780 Reverendum

74 2802 222 2837 Patrem
246 2802 435 2836 Rectorem
462 2801 625 2836 remittit.
675 2801 786 2835 Pater
812 2801 943 2835 Rector
969 2801 1110 2835 omnino
1136 2800 1252 2834 suasit
1278 2807 1318 2833 vt
1343 2811 1427 2834 mox
1461 2799 1538 2834 sine
1564 2799 1638 2833 vlla
1663 2799 1833 2834 dilatione

75 2855 142 2890 hoc
168 2855 352 2899 negotium
377 2854 660 2897 transigeretur3
688 2856 912 2888 transactum
939 2856 1006 2888 est.
1056 2853 1248 2898 Disputavi
1271 2852 1405 2897 jterum
1432 2852 1572 2897 publice
1599 2863 1717 2886 eoram
1744 2852 1832 2887 Aea-

75 2908 192 2943 demia
217 2920 281 2953 pro
307 2908 421 2952 gradu
448 2907 570 2941 eodem
597 2907 846 2951 consequendo
862 2934 869 2941 .
885 2906 1116 2941 constituitur
1141 2918 1162 2940 a
1188 2905 1397 2940 Reverendo
1424 2905 1554 2939 Patreb
1580 2904 1732 2940 Rectore
1757 2906 1834 2940 dies

76 2961 289 3006 promotioni
323 2961 368 2996 ad
394 2960 549 2994 mediam
575 2960 889 3004 quadragesimam
917 2960 1078 3005 proxime
1104 2959 1376 3004 praeteritam¹:
1408 2958 1582 3004 jmpletur
1607 2959 1742 3000 domus,
1765 2959 1834 3004 jm-

75 3013 196 3059 pletur
220 3013 389 3059 oppidum
423 3013 521 3047 fama
554 3013 697 3047 futurae
724 3012 785 3053 rei,
822 3012 902 3057 quis
937 3013 1005 3046 nisi
1038 3024 1114 3056 ego,
1151 3012 1342 3056 magnifico
1368 3023 1505 3046 messer
1529 3011 1572 3046 si.
1622 3011 1832 3046 Parturiunt

193 3083 222 3115 a)
241 3084 307 3109 Duo
326 3091 369 3108 vv.
388 3090 446 3115 sqq.
466 3083 502 3108 ab
522 3083 611 3108 Ηαίυ.
629 3089 723 3114 supra
743 3089 858 3107 versum
876 3082 988 3113 scripta
1007 3084 1083 3106 sunt.
1157 3080 1186 3112 b)
1207 3080 1299 3106 Pater
1318 3083 1378 3105 aue.

199 3179 209 3199 ¹
234 3178 338 3213 Circa
364 3178 397 3212 d.
424 3178 455 3213 9.
482 3177 615 3212 Martii.
