2077 3461
235 205 316 245 130
385 200 485 235 1:260.
514 198 677 234 Canisius
695 197 816 231 Marco
837 195 990 230 Antonio
1010 194 1159 229 Amulio.
1199 191 1385 235 Moguntia
1410 191 1503 225 inter
1523 189 1576 224 14.
1597 191 1632 223 et
1652 188 1706 222 16.
1724 187 1815 222 Nov.
1835 185 1936 220 1565.

231 320 502 372 omniumque
524 317 710 359 fratrum
733 318 777 358 et
800 315 990 358 Patrum.
1045 311 1254 355 Dominus
1275 309 1432 362 ubique
1453 307 1686 356 nobiscum,
1718 303 1983 358 Moguntiae.

233 388 321 428 15.ὃ
352 383 563 426 Nouemb.
597 382 723 424 1565.

346 450 411 491 De
441 448 522 490 hoo
548 445 738 500 Collegio
771 443 875 486 nihil
908 443 1060 492 dicam,
1094 454 1177 482 uno
1211 442 1381 482 tantum
1414 437 1481 480 die
1511 436 1580 478 hio
1611 434 1744 485 haesi,
1778 436 1822 476 et
1854 431 1983 475 oredo

228 516 273 557 P.
307 512 565 557 Rectorem²
608 511 652 553 in
696 509 832 552 offitio
879 521 987 550 esse.
1050 506 1255 548 Fortasse
1298 503 1381 545 huc
1424 502 1593 551 redibo,
1643 514 1737 541 cum
1781 510 1984 540 reversus

227 579 402 621 Colonia
439 580 587 632 petam
619 574 920 629 Argentinam.
984 569 1242 613 Commendo
1274 581 1342 610 me
1373 566 1605 621 plurimum
1642 561 1908 606 orationibus
1941 563 1985 602 et

227 643 450 696 sacrificijs
482 642 532 684 R.
568 642 612 684 P.
646 640 695 682 T.
728 642 773 681 et
805 637 1047 680 SocietatiS.

1108 700 1266 743 Seruus
1298 698 1342 739 in
1375 695 1544 738 Christo
1576 695 1622 736 P.
1657 691 1863 735 Canisius.

344 788 586 831 Admodum
627 784 879 828 Reuerendo
926 783 970 824 in
1011 781 1180 824 Christo
1222 779 1343 822 Patri
1367 813 1375 821 .
1399 778 1450 820 D.
1484 775 1716 818 Francisco
1757 788 1784 816 a
1823 771 1984 825 Borgia

227 854 428 897 Generali
462 851 711 906 Praeposito
745 848 975 893 Societatis
1006 847 1106 889 Iesv
1130 881 1138 889 .
1163 846 1339 887 Romae.

345 942 446 975 Hanc
472 938 663 984 epistulam
689 935 877 980 Moguntia
912 946 957 969 m.
984 932 1179 967 Novembri
1215 932 1336 965 datam
1363 941 1442 964 esse
1467 927 1574 963 facile
1599 928 1718 972 patet;
1756 925 1831 959 dies
1863 925 1983 958 autem

225 995 359 1028 mensis
386 994 421 1027 in
448 992 643 1036 archetypo
669 990 765 1024 haud
790 990 841 1023 ita
867 987 972 1033 plane
999 986 1156 1030 scriptus
1191 986 1264 1024 est;
1301 983 1360 1027 qui
1395 982 1461 1017 sub
1496 993 1526 1015 a.
1556 980 1648 1014 1860
1673 980 1822 1013 curante
1847 977 1886 1010 P.
1913 977 1981 1010 Ios.

226 1048 339 1081 Boero
364 1046 398 1081 S.
427 1046 460 1081 J.
488 1045 680 1090 epistulam
707 1054 752 1077 ex
778 1041 974 1085 archetypo
1001 1038 1205 1083 exscripsit,
1233 1037 1326 1070 diem
1354 1036 1407 1071 18.
1427 1033 1641 1069 Novembris
1666 1031 1804 1077 posuit;
1832 1029 1982 1064 eundem

225 1100 317 1134 diem
352 1100 536 1143 legerunt,
573 1098 633 1141 qui
669 1094 915 1141 apographum
950 1093 1017 1126 hoc
1052 1103 1132 1126 cum
1168 1090 1363 1134 archetypo
1398 1088 1465 1123 sub
1501 1099 1532 1122 a.
1563 1086 1649 1121 1891
1679 1087 1714 1119 et
1740 1084 1806 1119 sub
1832 1095 1863 1118 a.
1892 1082 1981 1117 1902

226 1153 472 1193 contulerunt;
515 1152 551 1186 in
594 1151 670 1196 ipso
714 1151 835 1183 autem
877 1145 1054 1192 epistulae
1097 1143 1315 1188 archetypae
1357 1144 1460 1185 tergo
1502 1139 1650 1183 antiqua
1690 1149 1798 1172 manu
1836 1147 1982 1170 romana.

227 1206 335 1250 (saec.
361 1206 509 1249 XVIIP)
546 1206 707 1239 notatum
745 1205 819 1236 est:
860 1199 1068 1243 „Moguntia
1104 1198 1142 1231 Ρ.
1172 1196 1314 1230 Canisio
1341 1195 1408 1230 .10.
1436 1194 1470 1228 di
1496 1194 1604 1233 9¹³‘e“;
1641 1195 1677 1226 et
1712 1191 1772 1235 qui
1807 1188 1981 1235 epistulae

223 1259 438 1304 particulam
473 1271 518 1293 ex
553 1258 677 1292 eodem
712 1255 908 1300 archetypo
944 1255 980 1287 in
1007 1252 1094 1296 Epp.
1122 1251 1244 1284 Nadal
1270 1249 1303 1282 II
1330 1248 1399 1283 670
1428 1245 1676 1291 transcripsit,
1712 1245 1805 1278 diem
1833 1244 1886 1277 16.
1913 1242 1980 1276 No—

224 1313 380 1347 vembris
405 1312 505 1355 legit.
556 1310 632 1354 Ego
658 1321 743 1343 vero
770 1308 862 1342 diem
890 1307 944 1341 15.
971 1304 1162 1348 legendum
1189 1313 1268 1336 esse
1295 1301 1436 1336 omnino
1463 1311 1601 1334 censeo.
1644 1299 1736 1333 Nam
1754 1296 1919 1332 Canisius
1945 1295 1980 1328 in

223 1366 289 1400 hac
316 1365 470 1411 epistula
496 1364 665 1404 affirmat,
691 1374 730 1397 se
756 1359 953 1405 Moguntia,
980 1358 1041 1392 ubi
1067 1357 1107 1391 P.
1134 1356 1329 1391 Antonium
1354 1353 1473 1388 Vinck
1498 1352 1686 1393 invenerit,
1712 1349 1885 1396 postridie
1912 1348 1981 1383 dis-

223 1430 408 1453 oessurum
435 1429 532 1457 esse;
569 1418 715 1451 exstant
742 1417 862 1449 autem
884 1411 1031 1446 Vinckii
1056 1411 1200 1444 litterae
1227 1407 1472 1452 autographae
1500 1406 1595 1450 [vide
1622 1405 1715 1438 infra
1748 1415 1840 1438 mon.
1869 1413 1980 1446 germ.

222 1472 244 1506 l.
262 1472 366 1516 (13)]‚
384 1473 420 1506 in
439 1470 569 1516 quibus
588 1469 771 1505 Canisium
788 1466 976 1510 Moguntia
995 1464 1026 1499 d.
1044 1464 1098 1498 16.
1113 1461 1326 1496 Novembris
1345 1461 1462 1494 abisse
1480 1461 1658 1493 narratur.
1694 1457 1887 1491 Praeterea
1900 1466 1980 1489 eum

223 1525 278 1559 die
306 1526 359 1560 15.
379 1525 580 1568 congruunt
606 1525 641 1557 et
659 1522 886 1560 conveniunt,
913 1529 1004 1563 quae
1024 1517 1065 1551 de
1085 1515 1227 1550 Canisio
1250 1513 1469 1559 profectione
1488 1514 1669 1556 comperta
1687 1512 1790 1544 sunt:
1817 1509 1907 1543 Eum
1926 1508 1981 1542 die

223 1578 254 1614 2.
282 1578 495 1612 Novembris
522 1577 720 1620 Augustae,
751 1575 783 1609 9.
810 1571 1005 1616 Herbipoli‚
1042 1569 1168 1604 deinde
1203 1580 1266 1613 per
1292 1568 1312 1602 3
1339 1567 1414 1601 dies
1440 1563 1739 1607 Aschaffenburgi
1772 1563 1886 1596 fuisse
1913 1564 1979 1595 etc.

224 1631 262 1666 P.
283 1633 523 1675 Hieronymus
540 1630 684 1664 Natalis
702 1628 736 1662 S.
757 1628 789 1662 J.
808 1624 997 1668 Moguntia
1022 1624 1078 1658 20.
1097 1621 1280 1657 Februarii
1301 1621 1390 1654 1567
1417 1619 1570 1662 Borgiae
1596 1617 1760 1662 scripsit:
1791 1615 1979 1658 „Aschem-

222 1685 313 1728 burg
350 1685 385 1728 [i.
413 1696 441 1718 e.
469 1680 769 1725 Aschaffenburg]
806 1683 825 1714 e
859 1679 928 1713 due
963 1678 1126 1721 giornate
1154 1674 1188 1708 di
1226 1685 1305 1718 qua,
1342 1675 1378 1707 et
1403 1673 1433 1707 si
1469 1683 1577 1717 passa
1611 1682 1674 1716 per
1700 1668 1976 1703 Franchfordia“

225 1738 329 1783 (Epp.
356 1738 477 1771 Natlul
503 1737 553 1770 III
580 1735 677 1778 390).

340 1807 518 1842 Polancus
544 1806 684 1840 nomine
711 1803 863 1847 Borgiae
891 1799 1033 1836 Canisio
1063 1797 1247 1843 respondit
1277 1797 1308 1830 2.
1336 1795 1519 1830 Februarii
1548 1794 1649 1828 1566.

225 1928 383 1965 1260.
507 1926 722 1962 CANISIUS
766 1925 1025 1961 CARDINALI
1075 1920 1310 1958 MARCO
1355 1914 1658 1955 ANTONIO
1702 1911 1982 1954 AMPLIQ

390 1982 556 2027 episcopo
583 1980 732 2014 reatino.
1028 1977 1217 2020 Moguntia
1244 1975 1338 2008 inter
1365 1974 1419 2007 14.
1448 1974 1484 2005 et
1513 1971 1564 2005 16.
1591 1967 1804 2003 Novembris
1833 1966 1933 2000 1565.

340 2053 395 2086 Ex
412 2052 615 2086 litterarum
634 2049 767 2083 Canisii
785 2047 1001 2093 apographo,
1029 2047 1070 2081 de
1089 2058 1157 2091 quo
1184 2045 1277 2079 infra
1303 2056 1337 2078 n.
1359 2043 1459 2083 1259,
1486 2043 1521 2074 et
1540 2052 1584 2074 ex
1609 2039 1811 2073 litterarum
1829 2036 1981 2080 Borgiae

222 2106 426 2151 apographo
465 2104 588 2138 eodem
624 2105 784 2147 tempore
822 2102 965 2145 scripto,
1005 2100 1097 2144 quod
1137 2101 1192 2133 est
1229 2098 1263 2131 in
1302 2096 1441 2140 „Germ
1478 2095 1541 2129 65“
1581 2093 1605 2126 f.
1642 2092 1714 2126 56³³.
1763 2090 1978 2124 Litterarum

221 2160 437 2194 mentionem
463 2158 532 2192 feci
558 2157 594 2190 in
622 2154 835 2200 „Stimmen“
863 2158 931 2188 etc.
958 2153 1070 2187 LXXI
1098 2153 1153 2186 71.

339 2231 391 2263 De
418 2229 520 2262 rebus
545 2228 786 2270 episcoporum
812 2226 1016 2268 cmyustaul,
1042 2223 1303 2266 herbipolensis,
1330 2219 1538 2262 nzoquntini.

344 2301 507 2333 (omissus
534 2301 571 2332 iu
597 2298 745 2341 epistula
771 2297 957 2338 Illoyuutz'a
986 2294 1068 2335 (ubi
1092 2305 1114 2326 a
1143 2295 1195 2327 14.
1223 2293 1270 2325 ad
1296 2293 1351 2324 16.
1369 2289 1575 2324 Novembris
1602 2289 1692 2321 1565
1715 2285 1806 2328 fuit)
1836 2286 1888 2317 15.
1907 2283 1979 2316 No-

222 2354 367 2386 vmbris
404 2355 493 2385 1565
529 2353 679 2385 Romam
717 2350 764 2383 acl
798 2350 966 2390 Boryz'am
1003 2348 1087 2379 (luta
1122 2350 1251 2379 narrat
1290 2345 1439 2387 quidem,
1476 2353 1511 2375 se
1545 2341 1711 2382 Dilinqae
1749 2348 1824 2371 cum
1861 2337 1979 2369 Ottone

226 2407 415 2440 Truchsess
449 2405 631 2438 cardinali
665 2408 694 2436 et
729 2402 887 2446 episcopo
922 2405 1135 2443 (cumessam,
1173 2397 1358 2440 Herbipoli
1392 2407 1470 2429 cum
1504 2395 1693 2427 Frislerc'co
1727 2392 1768 2424 (le
1803 2390 1980 2432 Wirsbery

221 2462 390 2502 episeopo,
426 2457 724 2500 Aschaffeuburyi
758 2466 834 2488 cum
867 2454 1017 2488 Daniele
1051 2452 1205 2485 Bremld
1240 2451 1502 2492 archiepiscopo
1538 2452 1567 2480 et
1601 2447 1742 2479 electore
1775 2444 1978 2486 moquntino

221 2514 347 2556 coisse,-
373 2522 461 2555 quae
479 2516 594 2544 (tutem
611 2510 816 2543 tractaverit
835 2512 864 2541 et
883 2507 968 2550 (Juld
985 2506 1147 2548 effecerit,
1170 2515 1279 2547 parce
1305 2507 1454 2545 tautum,
1480 2502 1595 2542 immo,
1623 2498 1715 2542 quod
1732 2497 1778 2529 ad
1806 2495 1978 2537 archiepi—

219 2576 360 2608 scopum
385 2565 628 2607 moyuutiuum
655 2564 787 2603 attinet,
815 2572 857 2593 ne
876 2571 986 2603 parce
1004 2559 1142 2602 qcciclem
1167 2557 1353 2599 Siyttt‘fic·at.
1401 2556 1441 2587 In
1467 2558 1621 2586 eoez‘rema
1647 2550 1786 2583 tandem
1809 2549 1979 2590 epistula.-

223 2615 431 2661 „Reliqua“,
453 2617 578 2659 inquit,
599 2627 664 2659 „es
677 2615 857 2647 adiunctis
874 2613 987 2645 literis
1007 2607 1279 2652 &mellifluum-P
1306 2609 1460 2650 Boryias
1478 2609 1593 2638 autem
1606 2605 1718 2637 Roma.
1736 2604 1791 2634 26.
1807 2601 1979 2633 Ianuarii

223 2673 313 2703 1566
330 2671 369 2702 P.
395 2670 608 2702 Theodorico
631 2669 774 2702 Caulsio
799 2668 942 2709 scripsit
952 2677 963 2698 .·
990 2665 1142 2709 „Questa
1160 2664 1347 2695 settimuna
1369 2687 1375 2694 .
1396 2686 1402 2693 .
1423 2685 1431 2692 .
1448 2670 1532 2692 sono
1558 2654 1734 2690 ricemcte“
1761 2655 1876 2687 lettere
1903 2653 1979 2696 „del

221 2724 338 2756 Padre
363 2723 575 2756 Proue'ucial
603 2721 748 2755 Canis-io
774 2720 912 2753 uecelm'e
935 2719 1022 2761 fatte
1050 2719 1085 2749 iu
1112 2715 1314 2758 sslayuntiu,
1338 2715 1402 2756 fra
1428 2711 1559 2755 lequali
1584 2720 1646 2743 era
1671 2719 1744 2741 unu
1767 2707 1860 2749 peril
1890 2707 1978 2739 Car-

224 2776 325 2808 ‹llual
352 2773 546 2809 Aemulio.“

339 2845 570 2887 Moguntinae
597 2844 680 2878 illae
699 2843 832 2877 Canisii
858 2842 1002 2875 litterae
1020 2838 1368 2880 Aschafl'enburgum
1394 2834 1563 2880 perlatae,
1590 2831 1670 2865 inde
1689 2830 1744 2864 29.
1763 2828 1976 2863 Novembris

224 2898 312 2931 1565
339 2897 487 2930 Romam
514 2898 644 2931 missae
670 2899 772 2936 sunt;
799 2896 882 2929 vide
908 2895 1000 2928 infra
1019 2905 1110 2927 mon.
1131 2903 1241 2935 germ.
1260 2890 1282 2924 l.
1305 2889 1393 2932 (13).
1436 2885 1586 2929 Borgias
1605 2883 1786 2918 canisium
1809 2882 1974 2920 iusserat,

223 2961 311 2993 quas
338 2950 381 2983 ad
399 2950 581 2983 Amulium
607 2950 756 2983 daturus
783 2951 879 2982 esset
905 2946 1089 2991 epistulas,
1117 2944 1161 2978 ad
1187 2955 1224 2977 se
1251 2942 1394 2976 mittere
1412 2941 1576 2984 apertas;
1602 2936 1684 2969 vide
1710 2946 1817 2979 supra
1843 2945 1877 2978 p.
1898 2933 1975 2967 106.

223 3002 322 3036 Haec
348 3005 466 3036 autem
494 3002 647 3046 epistula
673 3002 809 3046 perisse
835 3000 990 3034 videtur.

344 3078 371 3107 a)
392 3078 439 3101 Ita
459 3078 572 3101 omnino
593 3085 689 3101 censeo
709 3084 769 3101 esse
790 3076 947 3107 leyemlum.
986 3076 1057 3105 Ap:
1078 3072 1128 3099 .18.
1148 3072 1215 3097 Vide
1236 3078 1307 3102 quae
1327 3069 1379 3094 sub
1401 3068 1478 3099 ipsas
1498 3066 1551 3090 hus
1571 3066 1684 3090 litteras
1705 3064 1850 3087 dicuntur.

345 3179 354 3198 ¹
382 3178 610 3212 Lambertum
638 3178 743 3209 Auer.
