2045 3471
171 204 255 245 718
383 202 479 236 Mon.
499 201 686 237 787—788
715 202 793 236 sive
815 202 888 245 ing.
909 201 1084 246 (cn—(5).
1123 201 1221 235 Inter
1246 212 1291 235 m.
1310 199 1447 234 Maium
1473 201 1510 233 et
1526 199 1620 243 Aug.
1640 198 1742 233 1566.

170 322 355 364 ceptorum
374 319 515 353 Natalis
541 319 879 362 ingolstadiensium
898 319 1063 363 catalogo
1082 319 1206 353 eodem
1232 318 1308 352 fere
1326 320 1489 361 tempore
1507 327 1528 350 a
1546 315 1587 350 P.
1605 315 1760 350 Martino
1778 315 1938 350 Leuben-

170 373 266 408 stain
285 371 319 407 S.
335 372 368 407 J.
387 371 598 416 Ingolstadii
617 373 753 417 scripto
771 374 807 407 et
825 373 868 407 ab
887 373 965 417 ipso
982 372 1113 407 Natale
1139 371 1339 411 emendam,
1366 369 1427 414 qui
1453 370 1576 404 exstat
1600 369 1636 402 in
1658 367 1781 412 „NIG⁴‘
1807 369 1833 404 f.
1851 369 1938 410 48¹2

173 426 282 460 etiam
308 426 401 470 apud
433 427 562 459 Gomez
586 427 733 460 Rodeles
758 425 781 460 l.
809 437 839 460 c.
867 426 964 468 787).

173 533 279 570 ’787
306 534 385 569 sive
412 533 523 578 ing.
544 532 644 579 (4).
718 533 822 570 Inter
847 544 892 570 m.
917 532 1048 570 Maium
1075 535 1112 570 et
1137 532 1345 580 Augustum
1370 531 1465 568 1566.

292 605 348 639 Ex
373 605 506 639 litteris
531 604 751 650 archetypis.
807 604 869 647 „G.
897 605 962 650 Ep.
981 605 1068 639 V11“
1098 605 1123 639 f.
1151 606 1206 639 66.

298 675 437 709 canisii
474 686 582 719 opera
622 676 806 709 Societatis
841 676 1007 709 sacellum
1052 675 1322 718 inyolstadiense
1359 674 1565 707 ›mmeribus
1606 673 1650 706 ab
1687 671 1943 706 archidueissis

174 728 342 762 donatur.

294 795 343 837 P.
367 795 586 836 Martinus
608 795 895 837 Leubenstain
918 795 961 836 S.
985 792 1043 847 J„
1079 794 1236 848 colleqii
1259 793 1602 847 myolstaclz‘ensts
1627 795 1771 844 rector,
1805 790 1942 845 Inyol-

175 859 315 901 stadio
336 862 406 902 26.
430 860 614 914 Auyustz’
635 861 751 901 1566
773 860 951 901 Romam
975 859 1032 900 ad
1054 860 1096 900 S.
1122 859 1400 900 Franciscum
1421 857 1624 911 Borqiam
1652 856 1942 911 praepositum

175 927 411 980 yeneralem.
443 925 556 979 haec7
597 929 767 979 praeter
800 925 901 978 alia)
944 925 995 965 (Ze
1027 925 1150 966 rebus
1182 924 1340 977 eolleyii
1372 924 1440 964 sui
1473 923 1652 963 rettulit:
1692 921 1809 962 Data
1841 922 1946 962 sunt,

177 988 309 1032 etiam
340 990 538 1043 preciosa
570 989 783 1042 quaedam
815 1003 996 1030 munera
1028 988 1190 1042 templo
1224 990 1386 1038 nostro,
1421 987 1472 1028 de
1496 985 1650 1039 quibus
1683 985 1797 1027 forte
1819 985 1869 1028 R..
1893 984 1941 1027 P.

177 1053 474 1104 Prouincialis‚
507 1054 600 1108 ipse
633 1053 745 1095 enim
777 1054 958 1108 accepit.

298 1128 462 1163 canisius
491 1129 673 1173 „preciosa
699 1130 882 1170 munera“,
919 1140 1010 1172 quae
1045 1140 1108 1172 per
1135 1139 1215 1161 eum
1246 1126 1419 1172 „templo“
1450 1125 1635 1160 Sociorum
1669 1123 1944 1169 ingolstadiensi

182 1181 371 1224 (sacellum
407 1183 650 1216 academicum
689 1182 723 1216 S.
760 1182 978 1216 Catharinae
1015 1181 1284 1215 Alexandrinae
1318 1179 1516 1223 significari
1551 1179 1714 1219 videtur;
1752 1178 1798 1212 cf.
1832 1188 1943 1222 supra

179 1247 211 1280 p.
231 1235 317 1279 338)
345 1235 430 1269 data
463 1238 557 1276 sunt,
592 1236 776 1280 accepisse
802 1236 945 1269 videtur
971 1246 992 1268 a
1017 1234 1244 1278 Magdalena,
1278 1233 1489 1276 Margarita,
1525 1231 1662 1266 Helena
1688 1230 1946 1265 archiducissis

183 1290 279 1331 (cum
313 1299 358 1322 m.
378 1288 478 1322 Iunio
513 1300 544 1322 a.
574 1289 664 1322 1566
691 1287 890 1332 Oeniponte
926 1299 1007 1322 cum
1034 1288 1122 1332 ipsis
1148 1288 1302 1330 ageret?
1355 1286 1408 1320 Cf.
1435 1297 1543 1330 supra
1580 1297 1613 1330 p.
1641 1285 1739 1328 274).
1789 1283 1881 1318 Nam
1907 1284 1943 1317 in

180 1341 323 1385 collegii
348 1341 641 1385 ingolstadiensis
663 1343 837 1376 ÷L27tteris
862 1344 996 1375 annuis
1013 1340 1232 1384 Ingolstadio
1259 1351 1382 1374 mense
1408 1339 1498 1373 lulio
1520 1339 1610 1373 1566
1636 1339 1729 1372 datis
1754 1339 1945 1372 narratur:

185 1395 332 1436 „Plures
358 1395 424 1429 hoc
450 1407 541 1429 anno
566 1406 740 1440 personae
766 1395 846 1439 piae
874 1397 908 1428 et
933 1394 1081 1435 nobiles,
1117 1394 1210 1428 inter
1236 1405 1326 1437 quas
1360 1393 1535 1437 imprimis
1561 1392 1720 1435 Reginas
1746 1391 1945 1426 Caesareae

181 1448 385 1482 Maiestatis
410 1460 551 1483 sorores
576 1448 853 1489 recensebimus,
879 1460 942 1493 pro
962 1459 1027 1482 sua
1053 1447 1089 1481 in
1107 1458 1171 1481 nos
1198 1446 1448 1481 beneuolentia
1466 1448 1503 1479 et
1527 1445 1744 1479 liberalitate
1770 1443 1944 1488 templum

181 1503 342 1536 nostrum
361 1501 532 1546 preciosis
549 1502 757 1535 muneribus
776 1502 1014 1535 exornarunt“
1037 1501 1097 1542 (ex
1116 1500 1279 1545 exemplo
1298 1499 1513 1544 archetypo;
1538 1498 1601 1542 „G.
1617 1498 1681 1543 Ep.
1696 1498 1782 1532 VII“
1806 1498 1830 1531 f.
1846 1497 1944 1540 231).

183 1605 292 1642 788
319 1607 396 1641 sive
423 1605 534 1651 ing.
555 1605 653 1651 (5).
727 1604 841 1641 Medio
868 1604 948 1641 fere
975 1606 1012 1641 et
1038 1605 1195 1640 exeunte
1220 1613 1266 1640 m.
1285 1603 1452 1650 Augusto
1477 1603 1572 1639 1566.

302 1670 357 1705 Ex
382 1671 515 1705 litteris
541 1671 760 1716 archetypis.
814 1670 877 1713 πθ.
906 1671 969 1715 Ep.
990 1670 1077 1704 VH“
1109 1670 1133 1704 f.
1161 1671 1216 1704 66.

303 1737 406 1770 Iussa
437 1736 575 1769 Caussa
604 1738 804 1779 praepositi
832 1736 1068 1779 provincialis
1103 1736 1285 1778 colleyiam
1312 1735 1583 1778 inqolstadiense
1607 1734 1785 1767 visitantis
1811 1733 1947 1777 colleyii

184 1795 298 1823 rector
315 1791 487 1833 Boo-ysam
508 1791 754 1833 praepositam
777 1790 977 1832 {senet-alem
1004 1791 1186 1822 certiorem
1210 1790 1300 1830 facit
1326 1790 1367 1821 cle
1390 1787 1713 1831 dispensationibus
1739 1797 1816 1820 cum
1835 1787 1948 1820 Sociis

183 1843 319 1886 aliquot
342 1843 449 1885 factis
485 1845 521 1875 in
547 1843 652 1876 rebus
677 1844 724 1875 ad
747 1853 920 1885 somnam,
957 1842 1167 1885 cubiculum,
1204 1843 1342 1884 rictum,
1376 1842 1571 1874 orationem
1598 1845 1655 1874 etc.
1679 1840 1945 1883 pertinentibus.

187 1896 353 1930 canisius
387 1897 426 1928 in
460 1897 573 1929 locam
592 1897 813 1939 professoris
839 1896 994 1928 (alicuius
1020 1896 1141 1928 animo
1176 1899 1206 1927 et
1232 1906 1380 1938 corpore
1404 1895 1620 1937 aegnotantis
1645 1893 1757 1926 alium
1781 1893 1950 1926 substitui

184 1950 304 1983 debere
330 1953 451 1982 censet.

302 2014 341 2047 P.
360 2014 546 2047 Martinus
564 2014 799 2047 Lenbenstain
822 2014 857 2047 S.
872 2015 921 2057 J.,
948 2015 1084 2056 colleyiz'
1104 2013 1388 2056 z’nqolstadiensis
1406 2017 1532 2053 rector,
1559 2011 1777 2054 [wool-stadio
1795 2013 1850 2043 26.
1870 2011 1948 2043 Aa·

181 2069 276 2111 qustt'
296 2069 388 2100 1566
404 2068 552 2100 Romam
580 2068 627 2099 ad
652 2068 686 2101 S.
706 2068 944 2100 Francz'semn
969 2068 1010 2100 de
1035 2068 1172 2110 Borqia
1192 2067 1439 2109 praepositum
1462 2066 1658 2108 yeneralem
1685 2065 1779 2108 haec,
1800 2067 1947 2107 praeter

183 2121 270 2164 alia,
296 2121 431 2153 rettulit
457 2121 497 2153 (le
519 2121 663 2154 Cam'sio
681 2123 886 2164 praeposito
909 2120 1137 2163 provinciali,
1164 2131 1185 2152 a
1210 2120 1242 2153 d.
1263 2122 1294 2152 9.
1313 2120 1361 2151 acl
1377 2121 1434 2152 26.
1453 2119 1606 2162 Auyasti
1624 2120 1717 2151 1566
1734 2117 1949 2160 Inyolstadz't‘

182 2177 339 2206 versato:
365 2173 482 2207 Jussit
509 2173 549 2207 R.
578 2173 616 2207 Ρ.
644 2173 876 2218 prouincialis
895 2176 936 2207 vt
953 2172 994 2206 R.
1014 2173 1110 2207 RV.
1138 2172 1325 2206 certiorem
1352 2171 1508 2205 facerem
1535 2171 1578 2204 de
1605 2169 1817 2214 quibusdam
1843 2180 1948 2213 regu-

182 2225 298 2259 larum
324 2225 651 2270 dispensationibus
677 2237 756 2260 cum
775 2226 955 2260 nonnullis
973 2226 1093 2259 factis.
1130 2225 1386 2269 Dispensatum
1413 2226 1469 2258 est
1487 2225 1608 2257 autem
1634 2234 1715 2257 cum
1731 2222 1773 2257 D.
1792 2222 1945 2256 Pisano¹

184 2279 226 2312 de
251 2282 411 2323 tempore
428 2279 599 2322 surgendi
625 2282 662 2312 et
687 2280 792 2313 eundi
818 2280 988 2319 cubitum,
1015 2279 1058 2312 de
1083 2278 1275 2312 sternendo
1301 2277 1406 2317 lecto,
1433 2279 1469 2310 et
1494 2275 1656 2311 cubiculo
1684 2275 1877 2320 purgando,
1904 2286 1946 2309 ao

182 2331 346 2366 faciendo
373 2331 590 2366 exercicium
617 2333 811 2377 corporale,
838 2335 950 2376 vtque
976 2333 1087 2366 faciat
1113 2332 1270 2374 largiora
1295 2329 1487 2371 ientacula,
1515 2332 1552 2364 et
1569 2329 1780 2364 collationes
1798 2340 1944 2373 vesper—

183 2385 278 2419 tinas
305 2385 429 2419 diebus
456 2384 576 2429 ieiunij
591 2385 614 2418 2'.
666 2385 763 2426 Quae
798 2386 883 2419 licet
917 2397 987 2419 non
1016 2385 1204 2418 videantur
1240 2383 1440 2424 aedificare,
1476 2386 1598 2417 tamen
1631 2382 1840 2416 necessitati
1874 2393 1945 2414 non

183 2438 328 2471 videtur
353 2438 627 2482 praescribenda
654 2438 724 2472 lex.
764 2438 851 2472 Cum
871 2438 1103 2482 Marquezio³
1129 2438 1224 2471 circa
1243 2437 1423 2470 orationes
1449 2438 1593 2481 praeter
1611 2435 1717 2469 horas
1736 2434 1947 2475 Canonicas,

185 2490 270 2524 dicit
296 2491 389 2524 enim
424 2502 462 2525 se
488 2491 637 2524 nimium
671 2492 707 2525 in
746 2492 863 2536 capite
889 2491 1070 2525 debilitari
1105 2491 1215 2524 etiam
1249 2490 1329 2524 istis
1365 2489 1446 2534 alijs
1472 2488 1664 2533 exercitijs,
1701 2499 1791 2532 quae
1824 2487 1946 2528 habet,

183 2555 310 2588 nempe
336 2544 474 2578 duabus
505 2544 726 2586 lectionibus,
763 2545 858 2579 circa
891 2544 1080 2578 nonnullos
1115 2544 1222 2578 etiam
1250 2543 1346 2577 cibos
1373 2545 1460 2576 etc.:
1511 2542 1608 2586 Jpse,
1634 2543 1675 2575 vt
1699 2552 1812 2585 nuper
1836 2540 1945 2583 signi-

185 2596 301 2637 ficaui,
336 2597 372 2630 in
399 2600 572 2641 vtroque⁴¹
599 2598 633 2631 in
661 2598 736 2632 dies
763 2598 916 2632 deficere
942 2598 1095 2638 videtur,
1128 2596 1202 2642 jmo
1228 2597 1279 2630 ita
1305 2595 1462 2640 corporis
1488 2595 1627 2628 viribus
1654 2597 1709 2628 est
1734 2593 1947 2635 exhaustus,

306 2706 316 2724 ¹
342 2705 381 2739 Ρ.
421 2705 626 2749 Alphonsus
665 2704 819 2738 Pisanus
856 2703 1074 2747 theologiam
1119 2702 1155 2737 in
1193 2702 1432 2736 universitate
1469 2699 1742 2744 ingolstadiensi
1780 2699 1945 2733 tradebat

186 2760 303 2800 atque,
338 2758 377 2792 P.
405 2757 546 2792 Natalis
572 2758 771 2792 visitatoris
800 2757 981 2798 mandatu,
1018 2756 1111 2790 domi
1148 2757 1226 2789 erat
1264 2754 1490 2800 „praefectus
1524 2753 1723 2788 studiorum
1756 2752 1945 2795 utriusque

186 2809 381 2851 facultatis,
408 2811 634 2853 theologicae
657 2812 693 2844 et
710 2809 1013 2854 philosophicae“,
1044 2809 1284 2851 „admonitor“
1307 2807 1466 2847 rectoris,
1496 2805 1758 2848 „confessarius
1777 2805 1945 2846 omnium,

186 2862 255 2895 nisi
293 2874 382 2906 quos
419 2863 486 2896 sibi
518 2863 946 2907 reseruassetsuperi01·“
979 2862 1083 2906 (Epp.
1110 2862 1232 2895 Nadal
1258 2860 1307 2894 IV
1335 2860 1403 2894 250
1430 2860 1534 2903 252);
1574 2860 1652 2892 erat
1689 2858 1807 2899 etiam,
1845 2861 1943 2902 puto,

186 2925 277 2948 unus
304 2926 348 2948 ex
373 2916 522 2949 rectoris
553 2915 853 2956 „consultoribus“
887 2915 993 2958 (Can.
1024 2914 1071 2948 lV
1088 2915 1189 2948 455⁴.
1240 2913 1329 2958 Epp.
1356 2913 1477 2946 Nadab
1502 2912 1552 2945 IV
1578 2911 1675 2954 252).

306 2967 318 2987 ²
343 2967 395 3000 De
420 2967 476 3002 his
502 2968 828 3013 dispensationibus
855 2979 896 3002 ac
922 2968 964 3001 de
990 2967 1045 3009 iis⁷
1072 2978 1163 3011 quae
1183 2978 1202 3000 a
1221 2965 1496 3000 Leubenstainio
1521 2964 1682 3009 proxime
1700 2965 1944 3003 recensentur,

187 3018 280 3059 vide,
307 3030 396 3062 quae
423 3020 489 3054 sub
516 3021 613 3064 ipsas
639 3021 747 3054 hasce
773 3021 916 3054 litteras
942 3020 1117 3054 dicentur.

307 3072 319 3088 ³³
345 3072 492 3105 loannes
527 3074 696 3116 Marquez
730 3073 765 3106 in
799 3073 1037 3106 universitate
1073 3073 1162 3106 duas
1196 3071 1338 3106 scholas
1373 3069 1620 3115 philosophiae
1654 3068 1821 3109 curabat;
1861 3067 1944 3102 vide

189 3133 296 3166 supra
323 3135 355 3166 p.
383 3124 461 3157 296.

307 3177 319 3194 4
347 3176 385 3208 In
411 3179 561 3219 utroque
588 3177 740 3217 homine,
767 3177 844 3210 sive
871 3180 905 3210 et
931 3177 967 3210 in
994 3177 1113 3210 anima
1140 3179 1175 3210 et
1201 3177 1236 3210 in
1263 3188 1419 3221 corpore.
