2045 3471
322 190 417 224 Mon.
438 190 505 225 788
530 191 609 225 sive
634 191 707 235 ing.
728 191 795 235 (5).
833 191 951 225 Medio
977 191 1052 226 fere
1079 192 1115 224 et
1141 192 1294 224 exeunte
1320 201 1366 224 m.
1384 189 1477 233 Aug.
1500 189 1601 224 1566.
1763 191 1846 232 719

84 308 126 341 vt
150 307 213 341 vix
248 307 390 342 ossibus
423 307 582 349 haereat,
616 309 886 353 timendumque
911 321 957 343 ne
992 309 1105 350 illum,
1143 308 1254 350 (sicut
1280 309 1316 341 et
1342 307 1401 342 .M.
1427 306 1666 350 Arboreum1)
1707 306 1849 340 initium

84 359 182 394 veris
207 359 349 393 omnino
375 360 539 405 deijciat:
566 361 692 395 deinde
718 361 838 396 nescio
865 362 951 406 quid
976 362 1044 396 sibi
1071 360 1304 395 meloncoliae
1331 360 1581 404 acquesierita‚
1607 360 1643 393 in
1662 370 1733 403 qua
1758 359 1849 404 peri-

85 412 227 447 culosas
252 412 443 446 admodum
470 413 513 447 de
538 413 622 458 alijs
647 413 872 459 suspiciones
900 414 1072 459 [animo]b
1091 413 1138 458 [5³]
1156 413 1361 458 imprimere
1379 413 1480 450 solet,
1507 424 1600 457 quae
1621 412 1720 447 nullo
1745 412 1850 446 modo

84 465 254 499 videntur
280 476 385 510 posse
411 465 528 500 euelli.
578 466 645 500 Est
670 466 776 501 valde
802 467 892 501 liber
918 467 954 501 in
980 466 1230 502 obseruatione
1256 466 1475 510 regularum.
1519 466 1590 500 Sua
1617 464 1851 500 Conuersatio

84 518 166 564 alijs
191 521 296 552 nocet
313 545 322 552 .
341 520 408 553 etc.
460 517 578 560 Quare
604 531 673 554 non
708 520 950 554 inconsultum
985 520 1061 554 fore
1087 521 1206 554 visum
1233 521 1289 553 est
1313 519 1526 554 Reuerendo
1552 518 1593 553 P.
1619 518 1849 560 Prouinciah,

84 573 127 606 vt
151 571 344 616 aliquando
371 572 454 617 alijs
480 572 699 614 substitutis,
728 573 834 617 (quos
860 573 1002 607 omnino
1038 574 1273 618 expectamus
1299 572 1393 606 sicut
1426 583 1541 616 nuper
1575 571 1786 616 petiuimus)
1813 571 1850 605 in

87 624 236 659 Jtaliam
272 627 515 666 reuocaretur,
551 625 612 660 vbi
647 626 782 670 absque
817 626 923 661 dubio
950 626 1095 661 facilius
1120 626 1315 660 iuuaretur.
1367 625 1456 659 Cum
1474 624 1730 668 Wolffgango²
1756 625 1852 659 circa

84 678 263 712 orationes
289 678 407 719 etiam,
435 680 471 712 et
497 679 727 721 surgendum,
754 681 864 723 atque
889 690 974 714 suas
1001 678 1168 719 fabricas,
1203 680 1351 723 propter
1377 677 1599 712 debilitatem
1625 678 1681 712 sui
1708 677 1849 722 capitis.

84 730 228 775 Reliqui
253 730 330 765 fere
355 741 480 765 omnes
506 731 609 765 iuxta
634 743 795 766 normam
821 732 1029 776 regularum
1055 732 1185 766 uiuunt
1197 732 1220 766 ³.
1428 723 1432 727 ”

203 785 240 819 S.
265 785 431 827 Iynatz'us
456 785 714 819 constituerat:
755 784 965 827 „Statuatur
989 787 1143 830 tempus,
1179 784 1297 828 quoad
1334 783 1409 818 eius
1444 783 1520 818 fieri
1545 785 1676 829 potest,
1711 783 1849 825 edendi,

84 837 247 877 cubandi,
283 837 465 881 surgendi,
502 837 595 881 quod
622 838 857 872 communiter
883 849 1006 872 omnes
1032 838 1235 872 observent.
1265 865 1270 871 .
1291 863 1298 870 .
1320 865 1326 871 .
1370 836 1407 871 Si
1432 839 1554 871 tamen
1579 836 1779 882 peculiares
1805 836 1848 871 ob

84 901 215 925 causas
241 890 347 925 alicui
373 891 470 925 aliud
497 891 717 931 conveniret,
743 891 866 925 videat
891 891 1069 936 Superior,
1095 902 1181 924 num
1207 890 1474 935 dispensatione
1501 901 1580 924 cum
1608 901 1648 924 eo
1673 890 1722 924 sit
1748 891 1847 923 uten-

84 943 179 985 dum,
204 955 327 978 necne.
356 971 363 979 .
384 971 419 978 ..
470 943 628 989 Tempus
662 955 787 978 somno
821 944 1060 985 tribuendum,
1097 944 1133 978 in
1160 955 1291 986 genere
1317 943 1504 987 loquendo,
1539 943 1634 977 intra
1660 945 1785 977 sextae
1812 946 1849 977 et

83 997 258 1042 septimae
283 997 392 1031 horae
418 997 577 1042 spatium
604 997 732 1031 debere
758 1008 838 1031 esse
863 997 1026 1035 videtur:
1055 1025 1061 1031 .
1082 1024 1089 1032 .
1110 1024 1117 1031 .
1155 997 1229 1036 sed,
1257 997 1350 1041 quia,
1377 996 1412 1030 in
1438 998 1541 1030 tanta
1566 997 1744 1030 varietate
1769 1007 1847 1041 per-

82 1061 250 1084 sonarum
276 1062 318 1084 ac
343 1049 606 1090 habitudinum,
634 1052 733 1084 certa
759 1049 885 1094 regula
910 1050 1107 1095 praescribi
1132 1050 1278 1094 nequit;
1306 1052 1345 1083 ut
1373 1049 1584 1083 detrahatur
1609 1049 1668 1083 vel
1694 1049 1847 1083 addatur

82 1102 166 1137 huic
190 1104 354 1148 tempori,
389 1103 591 1148 Praepositi
616 1103 827 1148 prudentiae
853 1103 1087 1147 relinquetur,
1123 1104 1183 1146 qui
1210 1103 1360 1142 curabit,
1395 1105 1436 1136 ut
1461 1102 1623 1146 quisque,
1658 1103 1751 1146 quod
1786 1114 1845 1136 ne-

84 1156 237 1191 cessitas
261 1156 439 1191 naturalis
457 1156 582 1200 exigit,
601 1156 766 1190 retineat.
784 1184 789 1190 .
809 1184 815 1191 .
832 1184 838 1191 .
877 1157 931 1190 Ad
957 1157 1075 1191 omnia
1094 1156 1255 1190 conferet
1271 1156 1444 1200 temporis
1470 1156 1554 1189 ordo
1580 1156 1615 1189 in
1633 1156 1774 1196 studiis,
1790 1183 1797 1190 .
1814 1182 1821 1190 .
1838 1183 1845 1190 .

83 1220 207 1244 somno
233 1212 270 1244 et
294 1211 331 1244 in
357 1209 507 1254 reliquis
533 1212 720 1244 servatus:
748 1212 783 1243 et
809 1209 951 1252 signum
979 1209 1186 1243 constitutis
1211 1208 1309 1243 horis
1327 1209 1441 1250 detur,
1468 1220 1537 1252 quo
1563 1209 1696 1251 audito,
1721 1220 1845 1244 omnes

83 1263 217 1304 statim,
238 1291 244 1297 .
261 1291 269 1298 .
286 1291 292 1296 .
320 1263 362 1297 ad
381 1263 428 1303 id,
455 1263 498 1296 ad
518 1263 611 1306 quod
630 1265 815 1304 vocantur,
833 1274 872 1297 se
890 1262 1085 1297 conferant.
1108 1290 1114 1295 .
1132 1289 1138 1296 .
1155 1289 1162 1296 .
1206 1261 1355 1305 Signum
1373 1262 1516 1296 dabitur
1541 1273 1604 1306 per
1621 1273 1843 1306 campanam,

83 1326 174 1359 quae
200 1316 413 1361 pulsabitur,
439 1318 480 1349 ut
505 1327 543 1350 se
570 1316 747 1360 recipiant
772 1316 817 1349 ad
835 1327 1010 1355 somnum,
1039 1318 1075 1349 et
1092 1315 1136 1349 ad
1154 1326 1326 1355 mensam,
1345 1317 1412 1349 etc.
1433 1315 1734 1357 (Constitutiones
1753 1315 1843 1357 S.J.,

83 1368 123 1403 P.
139 1370 171 1411 3,
198 1381 226 1404 c.
243 1369 274 1411 2,
300 1381 333 1403 n.
349 1369 370 1402 2
396 1369 424 1403 Β
440 1369 487 1410 Ε;
516 1369 554 1403 Ρ.
570 1369 601 1409 4,
629 1380 658 1403 c.
676 1369 729 1409 10,
756 1381 789 1402 n.
806 1369 826 1403 9
844 1368 887 1412 Ι).
926 1370 1045 1412 Atque
1074 1369 1251 1412 „Reyulae
1269 1366 1487 1402 communes“
1515 1368 1598 1401 olim
1625 1367 1768 1411 quidem
1794 1369 1845 1402 ita

83 1421 303 1457 habuerant:
346 1421 506 1466 „Singuli
531 1424 608 1456 tum
634 1422 850 1460 sacerdotes.
876 1423 952 1455 tum
980 1421 1077 1455 Laici
1105 1433 1184 1455 cum
1211 1421 1365 1466 primum
1391 1423 1554 1464 surgunt,
1580 1421 1713 1455 lectum
1739 1432 1842 1455 suum

85 1476 258 1519 operiant,
294 1478 403 1520 atque
430 1478 524 1517 ante,
560 1478 621 1509 aut
647 1478 728 1520 post
755 1474 987 1513 Sacrificium,
1023 1476 1127 1519 prout
1153 1474 1305 1508 diuersis
1331 1474 1550 1518 temporibus
1582 1474 1845 1519 praescriptum

83 1529 203 1570 fuerit,
229 1532 327 1563 recte
353 1531 577 1573 componant,
613 1531 650 1562 et
675 1528 793 1573 scopis
820 1527 1021 1562 cubiculum
1049 1529 1206 1568 uerrant,
1239 1527 1420 1561 nonnullis
1446 1527 1608 1572 exceptis
1634 1527 1695 1570 qui
1721 1527 1763 1561 ob
1791 1539 1845 1561 oc-

84 1583 292 1627 cupationes
318 1582 464 1616 maioris
489 1582 672 1623 momenti,
708 1583 771 1615 aut
795 1581 1005 1615 ualitudinis
1031 1580 1278 1614 infirmitatem
1316 1580 1351 1613 id
1378 1582 1563 1624 praestare
1589 1591 1658 1613 non
1684 1583 1845 1624 possunt,

83 1636 213 1680 quibus
239 1636 406 1670 Minister
431 1635 587 1680 aliquem
614 1634 724 1669 alium
751 1634 961 1677 assignabit,
997 1633 1098 1668 cuius
1134 1645 1242 1678 opera
1274 1633 1527 1667 subleuentur“
1561 1633 1620 1676 (ex
1654 1632 1846 1676 *,Regulis

83 1689 249 1723 omnibus
276 1690 319 1723 iis
345 1688 604 1728 communibus,
631 1688 690 1731 qui
718 1687 811 1721 domi
838 1688 984 1730 agunt“‚
1012 1698 1103 1731 quae
1130 1689 1276 1720 exstant
1303 1687 1338 1719 in
1358 1685 1486 1720 Codice
1513 1688 1784 1730 praeceptorum
1811 1689 1847 1720 et

83 1742 350 1777 institutionum
375 1753 396 1776 a
422 1742 460 1776 P.
488 1742 617 1775 Natale
644 1741 830 1775 visitatore
858 1741 1034 1781 datarum,
1065 1739 1188 1781 ,N1G“
1219 1740 1243 1773 f.
1271 1740 1348 1773 85¹³.
1399 1740 1542 1772 Natalis
1566 1750 1631 1773 sua
1658 1750 1764 1772 manu
1790 1739 1846 1772 his

204 1830 232 1860 a)
254 1831 318 1859 Sic;
335 1838 392 1861 pro
411 1828 631 1854 melancholiae
651 1826 860 1861 acquisiverit.
951 1827 982 1858 b)
1006 1828 1065 1851 Hoc
1086 1828 1128 1851 vel
1147 1827 1242 1852 simile
1264 1835 1287 1851 v.
1311 1827 1425 1852 ridetur
1445 1834 1505 1851 esse
1525 1827 1728 1858 supplendum.

206 1955 216 1974 ¹
244 1954 282 1987 P.
303 1953 480 1988 Henricus
498 1953 679 1987 Arboreus
705 1953 741 1986 in
767 1953 1004 1986 universitate
1031 1951 1293 1997 philosophiam
1319 1951 1504 1990 tradebat;
1533 1963 1565 1984 v.
1585 1962 1692 1995 supra
1712 1962 1743 1995 p.
1764 1950 1843 1985 296.

203 2007 216 2027 2
246 2006 530 2050 „XVolfganguff
552 2006 611 2040 hic
636 2018 656 2040 a
675 2008 829 2040 Polanco
849 2005 1066 2045 (Chronicon
1084 2004 1134 2038 VI
1160 2004 1244 2047 345)
1277 2004 1445 2046 „Faber¹‘,
1473 2005 1506 2038 in
1530 2005 1707 2048 Cataloyz's
1731 2003 1846 2047 ingol-

82 2060 326 2095 stadiensibus
360 2060 415 2094 31.
435 2060 591 2103 Augusti
620 2060 720 2099 1563,
756 2059 788 2093 2.
815 2059 970 2093 Ianuarii
1000 2059 1100 2096 1564,
1139 2059 1169 2092 1.
1188 2058 1345 2092 Ianuarii
1376 2058 1464 2092 1565
1500 2057 1645 2102 scriptis
1673 2057 1734 2100 (cf.
1757 2058 1843 2091 Can.

84 2113 134 2147 IV
160 2113 266 2156 353⁵)
300 2113 563 2155 „Arcularius“,
598 2113 633 2146 in
660 2113 868 2155 *Cataloyis
902 2111 1245 2154 ingolstadiensibus
1271 2114 1426 2145 exeunte
1461 2122 1491 2145 a.
1522 2112 1611 2145 1566
1638 2113 1674 2144 et
1699 2111 1845 2144 ineunte

83 2178 128 2201 m.
157 2166 303 2201 Octobri
332 2167 420 2200 1567
456 2165 601 2210 scriptis
632 2165 794 2207 „Vietor“
827 2167 977 2199 vocatur
1004 2164 1132 2207 (,GSC
1158 2165 1222 2198 66“
1253 2165 1277 2199 f.
1306 2165 1372 2198 392
1410 2165 1478 2199 393
1513 2164 1603 2199 408α
1629 2163 1844 2207 388-389).

84 2220 311 2254 Monacensis
336 2219 367 2253 is
393 2222 489 2259 erat;
518 2218 749 2253 Vindobonae
776 2231 806 2252 a.
838 2219 927 2252 1556
955 2220 991 2251 et
1017 2217 1232 2252 Societatem
1270 2218 1457 2261 ingressus
1484 2220 1561 2251 crat
1587 2220 1622 2250 et
1653 2216 1848 2261 „simplicia

83 2274 189 2308 vota“
218 2275 509 2317 nuncupaverat;
537 2272 666 2306 ibidem
694 2284 724 2305 a.
748 2272 837 2306 1559
868 2271 1072 2313 ,coadiutor
1099 2270 1157 2304 uel
1183 2271 1349 2305 minister
1375 2271 1457 2304 noui
1485 2269 1645 2312 collegii“
1670 2272 1787 2304 fuerat
1813 2272 1849 2303 et

90 2327 279 2368 „docuerat
305 2337 433 2370 pueros
459 2337 539 2359 cum
566 2326 601 2358 in
629 2325 730 2359 domo
757 2327 831 2358 tum
853 2326 889 2359 in
907 2324 1040 2358 scholis
1059 2324 1259 2364 scribere“;
1288 2323 1500 2367 Ingolstadii
1520 2335 1551 2357 a.
1574 2323 1662 2357 1563
1686 2323 1849 2365 „infimae

85 2380 248 2419 classis“,
283 2391 313 2413 a.
344 2379 433 2412 1564
473 2378 641 2420 „duarum
678 2378 885 2412 ultimarum
922 2377 1110 2411 classium⁴⁴
1151 2379 1363 2421 praeceptor
1399 2378 1518 2410 suerat
1547 2377 1739 2419 (Focaneus
1768 2376 1790 2410 l.
1817 2388 1847 2410 c.

89 2434 277 2476 Cataloqus
302 2431 579 2465 vindobonensis
605 2443 636 2465 a.
665 2432 754 2465 1559
791 2431 825 2464 in
856 2432 998 2473 „Austru
1026 2430 1138 2464 Fund.
1166 2430 1237 2463 lw
1267 2431 1292 2465 f.
1323 2430 1421 2464 16012.
1474 2429 1637 2472 Catalogi
1672 2433 1728 2463 asi.
1758 2429 1848 2463 1563

88 2486 179 2520 1564
208 2486 297 2520 1565
324 2486 345 2518 l.
365 2486 425 2528 c.).
469 2485 508 2518 In
527 2485 722 2527 *Cataloyo
748 2484 914 2518 exeuntis
941 2496 972 2517 a.
995 2484 1084 2517 1566
1105 2483 1147 2517 de
1166 2495 1206 2516 eo
1233 2486 1398 2517 notatur:
1426 2482 1513 2516 Fere
1534 2483 1578 2517 30
1604 2494 1715 2516 annos
1741 2484 1849 2516 natus

86 2541 152 2573 est.
191 2538 394 2581 „Hactenus
412 2549 554 2582 semper
572 2537 691 2570 docuit
710 2536 888 2581 paruulos,
915 2537 1011 2570 sicut
1028 2539 1064 2570 et
1081 2536 1183 2570 modo
1203 2535 1436 2580 Ingolstadij“
1453 2549 1459 2573 ς
1487 2536 1545 2569 ubi
1566 2536 1672 2569 etiam
1695 2535 1848 2577 logicam

85 2591 225 2626 audivit
250 2594 284 2624 et
310 2602 403 2624 nunc
429 2590 646 2633 theologiam
673 2590 784 2623 audit.
841 2589 1050 2631 ,Foeliciter
1075 2589 1275 2623 concionari
1312 2591 1434 2633 posset
1461 2591 1496 2622 et
1521 2600 1590 2622 non
1617 2588 1692 2622 sine
1728 2588 1847 2621 fructu

85 2645 319 2690 simplicibus,
355 2655 434 2677 cum
461 2644 591 2687 quibus
618 2644 726 2677 etiam
752 2643 971 2686 singularem
999 2642 1234 2676 conuersandi
1267 2642 1420 2685 gratiam
1448 2641 1586 2675 babet.“
1641 2641 1680 2675 P.
1708 2640 1849 2674 Natalis

86 2710 117 2732 a.
147 2698 237 2732 1566
263 2698 298 2731 in
325 2697 533 2731 visitatione
560 2696 701 2739 collegii
737 2697 990 2730 mandaverat:
1032 2694 1314 2736 „permittantur
1350 2694 1402 2728 illi
1433 2706 1519 2728 suae
1546 2694 1714 2734 fabricae,
1750 2694 1847 2727 dum-

86 2751 189 2785 modo
227 2762 295 2784 non
334 2750 486 2784 afferant
524 2749 705 2793 impensas
738 2748 897 2792 Collegio
933 2749 1085 2782 alicuius
1123 2747 1304 2782 momenti.
1366 2747 1412 2781 Et
1449 2749 1479 2781 si
1519 2748 1602 2790 quid
1641 2747 1847 2788 fabricetur,

86 2806 242 2845 curetur,
270 2806 310 2837 vt
326 2803 413 2836 illud
441 2803 555 2847 possit
581 2813 659 2836 esse
678 2803 759 2836 vsui
779 2801 958 2844 Collegi0“
985 2801 1044 2844 (ex
1064 2803 1334 2846 praeceptorum
1355 2800 1496 2835 Natalis
1512 2800 1846 2844 ingolstadiensium

86 2857 260 2900 catalogo,
288 2856 410 2890 eodem
437 2856 512 2889 fere
542 2858 701 2899 tempore
728 2867 748 2889 a
774 2855 813 2888 P.
833 2855 988 2888 Martino
1008 2854 1248 2889 Leubenstain
1268 2854 1348 2888 S.J.
1377 2854 1588 2897 Ingolstadii
1615 2854 1760 2898 scripto,
1787 2853 1847 2897 qui

87 2912 142 2944 est
175 2910 212 2944 iu
242 2909 365 2952 „N1G“
395 2909 419 2942 f.
440 2909 527 2949 32³;
564 2908 671 2942 etiam
708 2908 742 2941 in
773 2908 860 2953 Epp.
889 2909 1010 2941 Nadal
1047 2907 1096 2941 IV
1122 2907 1220 2950 252).
1264 2906 1507 2950 wolfgangus
1542 2907 1653 2951 igitur
1688 2910 1723 2940 et
1759 2907 1848 2940 artis

86 2962 319 3007 lignariorum
344 2963 422 2996 sive
441 2961 696 2996 arculariorum
716 2961 853 3006 peritus
872 2964 959 3002 erat,
987 2963 1021 2995 et
1040 2972 1082 2994 ea
1100 2959 1355 3001 delectabatur,
1383 2963 1490 3004 atque
1518 2962 1609 2994 hanc
1628 2961 1670 2994 ob
1690 2971 1845 3000 causam,

88 3019 183 3060 puto,
214 3016 366 3058 „Faber-'⁴
398 3018 433 3048 et
463 3014 711 3057 „Arcularius“
742 3015 950 3048 vocabatur.

208 3070 220 3090 ³
245 3070 285 3102 In
312 3069 484 3102 *Litteris
510 3069 644 3101 <maianis
668 3067 808 3110 collegii
837 3067 1139 3110 ingolstadiensis,
1166 3078 1211 3100 m.
1240 3066 1328 3100 lulio
1354 3077 1386 3100 a.
1416 3066 1504 3101 1566
1532 3066 1636 3107 datis,
1672 3067 1845 3100 refertur:

88 3122 128 3156 ln
154 3121 304 3165 collegio
331 3122 375 3155 24
401 3133 480 3155 esse
507 3120 639 3165 Socios,
674 3132 692 3154 e
719 3121 848 3164 quibus
875 3121 893 3154 7
921 3120 1128 3154 sacerdotes
1153 3120 1225 3153 sint
1253 3120 1313 3162 (ex
1340 3119 1555 3164 archetypo;
1586 3119 1647 3162 „G.
1676 3120 1840 3164 Ep.V11“

88 3176 112 3209 f.
144 3174 358 3217 231—232).
