<?xml version="1.0" encoding="UTF-8"?>
<!DOCTYPE html PUBLIC "-//W3C//DTD XHTML 1.0 Transitional//EN"
    "http://www.w3.org/TR/xhtml1/DTD/xhtml1-transitional.dtd">
<html xmlns="http://www.w3.org/1999/xhtml" xml:lang="en" lang="en">
 <head>
  <title>
</title>
<meta http-equiv="Content-Type" content="text/html;charset=utf-8" />
  <meta name='ocr-system' content='tesseract 3.04.00' />
  <meta name='ocr-capabilities' content='ocr_page ocr_carea ocr_par ocr_line ocrx_word'/>
</head>
<body>
  <div class='ocr_page' id='page_1' title='image "beatipetricanisi05cani_0435.png"; bbox 0 0 2045 3471; ppageno 0'>
   <div class='ocr_carea' id='block_1_1' title="bbox 694 191 1823 250">
    <p class='ocr_par' dir='ltr' id='par_1_1' title="bbox 694 191 1823 250">
     <span class='ocr_line' id='line_1_1' title="bbox 694 191 1823 250; baseline -0.008 -10"><span class='ocrx_word' id='word_1_1' title='bbox 694 205 892 250; x_wconf 86' lang='lat' dir='ltr'>Oeniponte</span> <span class='ocrx_word' id='word_1_2' title='bbox 918 203 974 237; x_wconf 81' lang='lat'>21.</span> <span class='ocrx_word' id='word_1_3' title='bbox 993 200 1073 236; x_wconf 80' lang='lat' dir='ltr'>Oct.</span> <span class='ocrx_word' id='word_1_4' title='bbox 1094 199 1194 235; x_wconf 81' lang='lat'>1566,</span> <span class='ocrx_word' id='word_1_5' title='bbox 1742 191 1823 232; x_wconf 78' lang='lat'>347</span> 
     </span>
    </p>
   </div>
   <div class='ocr_carea' id='block_1_2' title="bbox 70 310 1832 449">
    <p class='ocr_par' dir='ltr' id='par_1_2' title="bbox 70 310 1832 449">
     <span class='ocr_line' id='line_1_2' title="bbox 188 310 1832 373; baseline -0.015 0"><span class='ocrx_word' id='word_1_6' title='bbox 188 331 253 373; x_wconf 90' lang='lat' dir='ltr'>De</span> <span class='ocrx_word' id='word_1_7' title='bbox 294 329 498 372; x_wconf 87' lang='lat' dir='ltr'>adiuncta</span> <span class='ocrx_word' id='word_1_8' title='bbox 539 325 696 368; x_wconf 78' lang='lat' dir='ltr'>scheda</span> <span class='ocrx_word' id='word_1_9' title='bbox 737 322 896 366; x_wconf 76' lang='lat' dir='ltr'>scribet</span> <span class='ocrx_word' id='word_1_10' title='bbox 929 321 975 364; x_wconf 89' lang='lat' dir='ltr'>P.</span> <span class='ocrx_word' id='word_1_11' title='bbox 999 318 1214 362; x_wconf 87' lang='lat' dir='ltr'>Visitator</span> <span class='ocrx_word' id='word_1_12' title='bbox 1245 318 1289 358; x_wconf 92' lang='lat' dir='ltr'>et</span> <span class='ocrx_word' id='word_1_13' title='bbox 1330 328 1434 367; x_wconf 84' lang='lat' dir='ltr'>rogo</span> <span class='ocrx_word' id='word_1_14' title='bbox 1468 325 1548 366; x_wconf 84' lang='lat' dir='ltr'>ego</span> <span class='ocrx_word' id='word_1_15' title='bbox 1582 322 1750 364; x_wconf 88' lang='lat' dir='ltr'>quoque</span> <span class='ocrx_word' id='word_1_16' title='bbox 1782 310 1832 350; x_wconf 93' lang='lat' dir='ltr'>vt</span> 
     </span>
     <span class='ocr_line' id='line_1_3' title="bbox 70 376 1628 449; baseline -0.015 -9"><span class='ocrx_word' id='word_1_17' title='bbox 70 399 147 440; x_wconf 86' lang='lat' dir='ltr'>fiat</span> <span class='ocrx_word' id='word_1_18' title='bbox 178 394 322 449; x_wconf 87' lang='lat' dir='ltr'>gratia</span> <span class='ocrx_word' id='word_1_19' title='bbox 352 394 464 435; x_wconf 89' lang='lat' dir='ltr'>bono</span> <span class='ocrx_word' id='word_1_20' title='bbox 496 391 589 433; x_wconf 90' lang='lat' dir='ltr'>uiro</span> <span class='ocrx_word' id='word_1_21' title='bbox 622 392 666 432; x_wconf 90' lang='lat' dir='ltr'>et</span> <span class='ocrx_word' id='word_1_22' title='bbox 698 387 835 431; x_wconf 88' lang='lat' dir='ltr'>amico</span> <span class='ocrx_word' id='word_1_23' title='bbox 868 387 1032 435; x_wconf 83' lang='lat' dir='ltr'>nostro,</span> <span class='ocrx_word' id='word_1_24' title='bbox 1066 382 1185 425; x_wconf 87' lang='lat' dir='ltr'>cuius</span> <span class='ocrx_word' id='word_1_25' title='bbox 1217 379 1438 434; x_wconf 76' lang='lat' dir='ltr'>negotium</span> <span class='ocrx_word' id='word_1_26' title='bbox 1472 376 1628 431; x_wconf 83' lang='lat' dir='ltr'>agitur.</span> 
     </span>
    </p>
   </div>
   <div class='ocr_carea' id='block_1_3' title="bbox 73 448 1832 592">
    <p class='ocr_par' dir='ltr' id='par_1_3' title="bbox 73 448 1832 592">
     <span class='ocr_line' id='line_1_4' title="bbox 189 448 1832 524; baseline -0.015 -10"><span class='ocrx_word' id='word_1_27' title='bbox 189 473 217 524; x_wconf 65' lang='grc' dir='ltr'>’ξ’</span> <span class='ocrx_word' id='word_1_28' title='bbox 249 469 492 513; x_wconf 87' lang='lat' dir='ltr'>Admodum</span> <span class='ocrx_word' id='word_1_29' title='bbox 524 465 777 509; x_wconf 86' lang='lat' dir='ltr'>Reuerendo</span> <span class='ocrx_word' id='word_1_30' title='bbox 809 464 853 505; x_wconf 90' lang='lat' dir='ltr'>in</span> <span class='ocrx_word' id='word_1_31' title='bbox 885 461 1053 505; x_wconf 86' lang='lat' dir='ltr'>Christo</span> <span class='ocrx_word' id='word_1_32' title='bbox 1084 457 1217 507; x_wconf 90' lang='lat' dir='ltr'>Patri,</span> <span class='ocrx_word' id='word_1_33' title='bbox 1252 456 1299 499; x_wconf 90' lang='lat' dir='ltr'>P.</span> <span class='ocrx_word' id='word_1_34' title='bbox 1323 453 1553 497; x_wconf 85' lang='lat' dir='ltr'>Francisco</span> <span class='ocrx_word' id='word_1_35' title='bbox 1587 452 1639 494; x_wconf 87' lang='lat' dir='ltr'>de</span> <span class='ocrx_word' id='word_1_36' title='bbox 1670 448 1832 502; x_wconf 87' lang='lat' dir='ltr'>Borgia</span> 
     </span>
     <span class='ocr_line' id='line_1_5' title="bbox 73 524 1246 592; baseline -0.014 -11"><span class='ocrx_word' id='word_1_37' title='bbox 73 536 326 592; x_wconf 77' lang='lat' dir='ltr'>Praeposito</span> <span class='ocrx_word' id='word_1_38' title='bbox 361 532 562 577; x_wconf 80' lang='lat' dir='ltr'>Generali</span> <span class='ocrx_word' id='word_1_39' title='bbox 595 529 826 573; x_wconf 83' lang='lat' dir='ltr'>Societatis</span> <span class='ocrx_word' id='word_1_40' title='bbox 858 526 1004 569; x_wconf 77' lang='lat' dir='ltr'>IEsV.</span> <span class='ocrx_word' id='word_1_41' title='bbox 1068 524 1246 566; x_wconf 86' lang='lat' dir='ltr'>Romae.</span> 
     </span>
    </p>
   </div>
   <div class='ocr_carea' id='block_1_4' title="bbox 75 616 1850 1648">
    <p class='ocr_par' dir='ltr' id='par_1_4' title="bbox 75 616 1847 1219">
     <span class='ocr_line' id='line_1_6' title="bbox 195 616 1835 674; baseline -0.016 1"><span class='ocrx_word' id='word_1_42' title='bbox 195 639 360 674; x_wconf 86' lang='lat' dir='ltr'>Canisius</span> <span class='ocrx_word' id='word_1_43' title='bbox 386 636 551 672; x_wconf 83' lang='lat' dir='ltr'>adiunxit</span> <span class='ocrx_word' id='word_1_44' title='bbox 576 634 632 668; x_wconf 88' lang='lat' dir='ltr'>his</span> <span class='ocrx_word' id='word_1_45' title='bbox 659 631 803 674; x_wconf 87' lang='lat' dir='ltr'>litteris,</span> <span class='ocrx_word' id='word_1_46' title='bbox 830 632 870 663; x_wconf 91' lang='lat' dir='ltr'>ut</span> <span class='ocrx_word' id='word_1_47' title='bbox 897 641 941 663; x_wconf 83' lang='lat' dir='ltr'>ex</span> <span class='ocrx_word' id='word_1_48' title='bbox 968 627 1057 672; x_wconf 88' lang='lat' dir='ltr'>ipsis</span> <span class='ocrx_word' id='word_1_49' title='bbox 1083 624 1316 667; x_wconf 76' lang='lat' dir='ltr'>intellegitur.</span> <span class='ocrx_word' id='word_1_50' title='bbox 1343 619 1581 655; x_wconf 82' lang='lat' dir='ltr'>*schedulam</span> <span class='ocrx_word' id='word_1_51' title='bbox 1608 619 1718 652; x_wconf 88' lang='lat' dir='ltr'>hanc:</span> <span class='ocrx_word' id='word_1_52' title='bbox 1751 616 1835 659; x_wconf 74' lang='lat' dir='ltr'>‚Do-</span> 
     </span>
     <span class='ocr_line' id='line_1_7' title="bbox 75 669 1835 729; baseline -0.015 0"><span class='ocrx_word' id='word_1_53' title='bbox 75 694 193 729; x_wconf 81' lang='lat' dir='ltr'>minus</span> <span class='ocrx_word' id='word_1_54' title='bbox 219 692 391 727; x_wconf 88' lang='lat' dir='ltr'>Erasmus</span> <span class='ocrx_word' id='word_1_55' title='bbox 416 690 561 728; x_wconf 86' lang='lat' dir='ltr'>steiner,</span> <span class='ocrx_word' id='word_1_56' title='bbox 588 685 773 720; x_wconf 87' lang='lat' dir='ltr'>Parochus</span> <span class='ocrx_word' id='word_1_57' title='bbox 800 685 835 717; x_wconf 90' lang='lat' dir='ltr'>in</span> <span class='ocrx_word' id='word_1_58' title='bbox 861 693 954 728; x_wconf 88' lang='lat' dir='ltr'>pago</span> <span class='ocrx_word' id='word_1_59' title='bbox 981 680 1076 714; x_wconf 85' lang='lat' dir='ltr'>Flies</span> <span class='ocrx_word' id='word_1_60' title='bbox 1102 675 1327 712; x_wconf 81' lang='lat' dir='ltr'>Brixinensis</span> <span class='ocrx_word' id='word_1_61' title='bbox 1354 673 1538 713; x_wconf 84' lang='lat' dir='ltr'>diocoesiS,</span> <span class='ocrx_word' id='word_1_62' title='bbox 1566 672 1621 706; x_wconf 89' lang='lat' dir='ltr'>uir</span> <span class='ocrx_word' id='word_1_63' title='bbox 1647 669 1835 705; x_wconf 84' lang='lat' dir='ltr'>admodum</span> 
     </span>
     <span class='ocr_line' id='line_1_8' title="bbox 76 722 1837 790; baseline -0.015 -8"><span class='ocrx_word' id='word_1_64' title='bbox 76 747 259 788; x_wconf 85' lang='lat' dir='ltr'>honestus,</span> <span class='ocrx_word' id='word_1_65' title='bbox 295 745 504 790; x_wconf 81' lang='lat' dir='ltr'>priusquam</span> <span class='ocrx_word' id='word_1_66' title='bbox 540 740 720 784; x_wconf 85' lang='lat' dir='ltr'>acciperet</span> <span class='ocrx_word' id='word_1_67' title='bbox 755 737 848 771; x_wconf 87' lang='lat' dir='ltr'>hanc</span> <span class='ocrx_word' id='word_1_68' title='bbox 874 732 1098 771; x_wconf 80' lang='lat' dir='ltr'>Parochiam,</span> <span class='ocrx_word' id='word_1_69' title='bbox 1135 729 1360 775; x_wconf 89' lang='lat' dir='ltr'>competitori</span> <span class='ocrx_word' id='word_1_70' title='bbox 1386 739 1461 767; x_wconf 90' lang='lat' dir='ltr'>suo,</span> <span class='ocrx_word' id='word_1_71' title='bbox 1497 726 1557 770; x_wconf 87' lang='lat' dir='ltr'>qui</span> <span class='ocrx_word' id='word_1_72' title='bbox 1596 725 1744 758; x_wconf 85' lang='lat' dir='ltr'>eandem</span> <span class='ocrx_word' id='word_1_73' title='bbox 1772 722 1837 756; x_wconf 84' lang='lat' dir='ltr'>Pa-</span> 
     </span>
     <span class='ocr_line' id='line_1_9' title="bbox 76 777 1837 841; baseline -0.015 -6"><span class='ocrx_word' id='word_1_74' title='bbox 76 800 236 835; x_wconf 89' lang='lat' dir='ltr'>rochiam</span> <span class='ocrx_word' id='word_1_75' title='bbox 269 798 337 833; x_wconf 89' lang='lat' dir='ltr'>sibi</span> <span class='ocrx_word' id='word_1_76' title='bbox 363 795 570 841; x_wconf 88' lang='lat' dir='ltr'>quaerebat,</span> <span class='ocrx_word' id='word_1_77' title='bbox 607 792 696 827; x_wconf 87' lang='lat' dir='ltr'>alias</span> <span class='ocrx_word' id='word_1_78' title='bbox 722 789 858 824; x_wconf 88' lang='lat' dir='ltr'>nolenti</span> <span class='ocrx_word' id='word_1_79' title='bbox 885 787 1021 827; x_wconf 83' lang='lat' dir='ltr'>cedere,</span> <span class='ocrx_word' id='word_1_80' title='bbox 1061 785 1198 819; x_wconf 89' lang='lat' dir='ltr'>ratione</span> <span class='ocrx_word' id='word_1_81' title='bbox 1225 781 1358 822; x_wconf 79' lang='lat' dir='ltr'>viatici,</span> <span class='ocrx_word' id='word_1_82' title='bbox 1394 782 1430 814; x_wconf 91' lang='lat' dir='ltr'>et</span> <span class='ocrx_word' id='word_1_83' title='bbox 1455 780 1661 823; x_wconf 88' lang='lat' dir='ltr'>sumptuum</span> <span class='ocrx_word' id='word_1_84' title='bbox 1699 777 1733 810; x_wconf 89' lang='lat' dir='ltr'>in</span> <span class='ocrx_word' id='word_1_85' title='bbox 1760 786 1837 809; x_wconf 88' lang='lat' dir='ltr'>eam</span> 
     </span>
     <span class='ocr_line' id='line_1_10' title="bbox 76 830 1840 895; baseline -0.016 -6"><span class='ocrx_word' id='word_1_86' title='bbox 76 865 153 888; x_wconf 87' lang='lat' dir='ltr'>rem</span> <span class='ocrx_word' id='word_1_87' title='bbox 178 853 356 887; x_wconf 84' lang='lat' dir='ltr'>factorum</span> <span class='ocrx_word' id='word_1_88' title='bbox 382 848 544 895; x_wconf 86' lang='lat' dir='ltr'>promisit</span> <span class='ocrx_word' id='word_1_89' title='bbox 571 858 611 880; x_wconf 89' lang='grc'>30</span> <span class='ocrx_word' id='word_1_90' title='bbox 637 843 842 878; x_wconf 89' lang='lat' dir='ltr'>numerauit</span> <span class='ocrx_word' id='word_1_91' title='bbox 866 842 1020 875; x_wconf 88' lang='lat' dir='ltr'>florenos</span> <span class='ocrx_word' id='word_1_92' title='bbox 1045 840 1102 874; x_wconf 90' lang='lat'>40.</span> <span class='ocrx_word' id='word_1_93' title='bbox 1138 836 1215 878; x_wconf 84' lang='lat' dir='ltr'>Qua</span> <span class='ocrx_word' id='word_1_94' title='bbox 1241 836 1277 869; x_wconf 90' lang='lat' dir='ltr'>in</span> <span class='ocrx_word' id='word_1_95' title='bbox 1302 846 1341 869; x_wconf 90' lang='lat' dir='ltr'>re</span> <span class='ocrx_word' id='word_1_96' title='bbox 1367 833 1459 868; x_wconf 85' lang='lat' dir='ltr'>idem</span> <span class='ocrx_word' id='word_1_97' title='bbox 1486 831 1650 866; x_wconf 88' lang='lat' dir='ltr'>dominus</span> <span class='ocrx_word' id='word_1_98' title='bbox 1669 830 1840 864; x_wconf 82' lang='lat' dir='ltr'>Erasmus</span> 
     </span>
     <span class='ocr_line' id='line_1_11' title="bbox 78 882 1841 947; baseline -0.016 -5"><span class='ocrx_word' id='word_1_99' title='bbox 78 907 164 942; x_wconf 91' lang='lat' dir='ltr'>licet</span> <span class='ocrx_word' id='word_1_100' title='bbox 198 917 219 940; x_wconf 87' lang='lat' dir='ltr'>a</span> <span class='ocrx_word' id='word_1_101' title='bbox 245 904 358 939; x_wconf 87' lang='lat' dir='ltr'>doctis</span> <span class='ocrx_word' id='word_1_102' title='bbox 392 901 585 947; x_wconf 85' lang='lat' dir='ltr'>probisque</span> <span class='ocrx_word' id='word_1_103' title='bbox 611 898 700 933; x_wconf 83' lang='lat' dir='ltr'>viris</span> <span class='ocrx_word' id='word_1_104' title='bbox 736 909 755 931; x_wconf 90' lang='lat' dir='ltr'>a</span> <span class='ocrx_word' id='word_1_105' title='bbox 790 894 1083 935; x_wconf 75' lang='lat' dir='ltr'>simoniaenota</span> <span class='ocrx_word' id='word_1_106' title='bbox 1120 891 1323 928; x_wconf 78' lang='lat' dir='ltr'>excusetur,</span> <span class='ocrx_word' id='word_1_107' title='bbox 1358 890 1478 921; x_wconf 88' lang='lat' dir='ltr'>tamen</span> <span class='ocrx_word' id='word_1_108' title='bbox 1514 896 1576 930; x_wconf 91' lang='lat' dir='ltr'>pro</span> <span class='ocrx_word' id='word_1_109' title='bbox 1613 882 1736 918; x_wconf 89' lang='lat' dir='ltr'>maiori</span> <span class='ocrx_word' id='word_1_110' title='bbox 1762 893 1841 915; x_wconf 89' lang='lat' dir='ltr'>con-</span> 
     </span>
     <span class='ocr_line' id='line_1_12' title="bbox 79 935 1843 999; baseline -0.016 -4"><span class='ocrx_word' id='word_1_111' title='bbox 79 959 251 995; x_wconf 86' lang='lat' dir='ltr'>scientiae</span> <span class='ocrx_word' id='word_1_112' title='bbox 277 956 470 992; x_wconf 75' lang='lat' dir='ltr'>securitate</span> <span class='ocrx_word' id='word_1_113' title='bbox 495 953 587 999; x_wconf 87' lang='lat' dir='ltr'>petit</span> <span class='ocrx_word' id='word_1_114' title='bbox 613 951 681 986; x_wconf 88' lang='lat' dir='ltr'>sibi</span> <span class='ocrx_word' id='word_1_115' title='bbox 716 962 736 984; x_wconf 89' lang='lat' dir='ltr'>a</span> <span class='ocrx_word' id='word_1_116' title='bbox 762 951 889 983; x_wconf 90' lang='lat' dir='ltr'>sancta</span> <span class='ocrx_word' id='word_1_117' title='bbox 915 946 1000 981; x_wconf 87' lang='lat' dir='ltr'>sede</span> <span class='ocrx_word' id='word_1_118' title='bbox 1028 943 1233 989; x_wconf 87' lang='lat' dir='ltr'>Apostolica</span> <span class='ocrx_word' id='word_1_119' title='bbox 1259 939 1563 986; x_wconf 82' lang='lat' dir='ltr'>dispensationem</span> <span class='ocrx_word' id='word_1_120' title='bbox 1598 938 1634 971; x_wconf 93' lang='lat' dir='ltr'>in</span> <span class='ocrx_word' id='word_1_121' title='bbox 1665 935 1731 970; x_wconf 90' lang='lat' dir='ltr'>tali</span> <span class='ocrx_word' id='word_1_122' title='bbox 1758 945 1843 968; x_wconf 90' lang='grc'>03511</span> 
     </span>
     <span class='ocr_line' id='line_1_13' title="bbox 80 987 1844 1049; baseline -0.016 -1"><span class='ocrx_word' id='word_1_123' title='bbox 80 1013 123 1048; x_wconf 93' lang='lat' dir='ltr'>ob</span> <span class='ocrx_word' id='word_1_124' title='bbox 151 1022 321 1047; x_wconf 90' lang='lat' dir='ltr'>censuras</span> <span class='ocrx_word' id='word_1_125' title='bbox 338 1007 615 1044; x_wconf 87' lang='lat' dir='ltr'>Ecclesiasticas</span> <span class='ocrx_word' id='word_1_126' title='bbox 634 1002 951 1049; x_wconf 84' lang='lat' dir='ltr'>quomodocunque</span> <span class='ocrx_word' id='word_1_127' title='bbox 977 999 1135 1033; x_wconf 79' lang='lat' dir='ltr'>scienter</span> <span class='ocrx_word' id='word_1_128' title='bbox 1158 996 1217 1030; x_wconf 87' lang='lat' dir='ltr'>uel</span> <span class='ocrx_word' id='word_1_129' title='bbox 1235 995 1443 1038; x_wconf 83' lang='lat' dir='ltr'>ignoranter</span> <span class='ocrx_word' id='word_1_130' title='bbox 1461 990 1644 1026; x_wconf 84' lang='lat' dir='ltr'>incursas⁴‘</span> <span class='ocrx_word' id='word_1_131' title='bbox 1677 989 1738 1032; x_wconf 74' lang='lat' dir='ltr'>(ex</span> <span class='ocrx_word' id='word_1_132' title='bbox 1760 987 1844 1021; x_wconf 87' lang='lat' dir='ltr'>ima-</span> 
     </span>
     <span class='ocr_line' id='line_1_14' title="bbox 82 1040 1841 1110; baseline -0.015 -9"><span class='ocrx_word' id='word_1_133' title='bbox 82 1067 164 1110; x_wconf 84' lang='lat' dir='ltr'>gine</span> <span class='ocrx_word' id='word_1_134' title='bbox 199 1061 483 1110; x_wconf 87' lang='lat' dir='ltr'>photographica</span> <span class='ocrx_word' id='word_1_135' title='bbox 519 1057 712 1094; x_wconf 86' lang='lat' dir='ltr'>schedulae</span> <span class='ocrx_word' id='word_1_136' title='bbox 747 1054 978 1098; x_wconf 72' lang='lat' dir='ltr'>archetypae‚</span> <span class='ocrx_word' id='word_1_137' title='bbox 1014 1062 1122 1085; x_wconf 88' lang='lat' dir='ltr'>manu</span> <span class='ocrx_word' id='word_1_138' title='bbox 1154 1049 1278 1093; x_wconf 87' lang='lat' dir='ltr'>ignota</span> <span class='ocrx_word' id='word_1_139' title='bbox 1304 1047 1471 1092; x_wconf 86' lang='lat' dir='ltr'>scriptae.</span> <span class='ocrx_word' id='word_1_140' title='bbox 1524 1043 1608 1079; x_wconf 89' lang='lat' dir='ltr'>Cod.</span> <span class='ocrx_word' id='word_1_141' title='bbox 1639 1042 1698 1085; x_wconf 82' lang='lat' dir='ltr'>„E.</span> <span class='ocrx_word' id='word_1_142' title='bbox 1726 1041 1763 1076; x_wconf 86' lang='lat' dir='ltr'>C.</span> <span class='ocrx_word' id='word_1_143' title='bbox 1791 1040 1841 1074; x_wconf 64' lang='lat'>11²</span> 
     </span>
     <span class='ocr_line' id='line_1_15' title="bbox 82 1095 1847 1158; baseline -0.015 -4"><span class='ocrx_word' id='word_1_144' title='bbox 82 1120 118 1154; x_wconf 90' lang='lat' dir='ltr'>in</span> <span class='ocrx_word' id='word_1_145' title='bbox 156 1131 189 1153; x_wconf 93' lang='grc'>11.</span> <span class='ocrx_word' id='word_1_146' title='bbox 218 1117 304 1158; x_wconf 88' lang='grc'>180,</span> <span class='ocrx_word' id='word_1_147' title='bbox 342 1115 426 1150; x_wconf 85' lang='lat' dir='ltr'>folio</span> <span class='ocrx_word' id='word_1_148' title='bbox 463 1112 603 1154; x_wconf 87' lang='lat' dir='ltr'>altero.)</span> <span class='ocrx_word' id='word_1_149' title='bbox 664 1110 716 1144; x_wconf 91' lang='lat' dir='ltr'>De</span> <span class='ocrx_word' id='word_1_150' title='bbox 751 1109 875 1153; x_wconf 88' lang='lat' dir='ltr'>paenis</span> <span class='ocrx_word' id='word_1_151' title='bbox 910 1106 954 1140; x_wconf 87' lang='lat' dir='ltr'>ab</span> <span class='ocrx_word' id='word_1_152' title='bbox 991 1104 1143 1139; x_wconf 88' lang='lat' dir='ltr'>ecclesia</span> <span class='ocrx_word' id='word_1_153' title='bbox 1179 1102 1351 1136; x_wconf 87' lang='lat' dir='ltr'>simoniae</span> <span class='ocrx_word' id='word_1_154' title='bbox 1391 1097 1584 1144; x_wconf 89' lang='lat' dir='ltr'>propositis</span> <span class='ocrx_word' id='word_1_155' title='bbox 1622 1095 1704 1129; x_wconf 89' lang='lat' dir='ltr'>vide</span> <span class='ocrx_word' id='word_1_156' title='bbox 1739 1105 1847 1139; x_wconf 88' lang='lat' dir='ltr'>supra</span> 
     </span>
     <span class='ocr_line' id='line_1_16' title="bbox 84 1169 359 1219; baseline -0.018 -11"><span class='ocrx_word' id='word_1_157' title='bbox 84 1185 115 1219; x_wconf 91' lang='lat' dir='ltr'>p.</span> <span class='ocrx_word' id='word_1_158' title='bbox 147 1172 229 1207; x_wconf 83' lang='lat'>191¹</span> <span class='ocrx_word' id='word_1_159' title='bbox 264 1169 359 1204; x_wconf 77' lang='lat'>2152.</span> 
     </span>
    </p>

    <p class='ocr_par' dir='ltr' id='par_1_5' title="bbox 85 1205 1850 1648">
     <span class='ocr_line' id='line_1_17' title="bbox 204 1205 1848 1270; baseline -0.016 -5"><span class='ocrx_word' id='word_1_160' title='bbox 204 1230 348 1265; x_wconf 72' lang='lat' dir='ltr'>Natalis</span> <span class='ocrx_word' id='word_1_161' title='bbox 383 1227 535 1270; x_wconf 86' lang='lat' dir='ltr'>Borgiae</span> <span class='ocrx_word' id='word_1_162' title='bbox 570 1223 766 1268; x_wconf 84' lang='lat' dir='ltr'>scripserat</span> <span class='ocrx_word' id='word_1_163' title='bbox 792 1219 992 1264; x_wconf 88' lang='lat' dir='ltr'>Oeniponte</span> <span class='ocrx_word' id='word_1_164' title='bbox 1022 1216 1077 1251; x_wconf 82' lang='lat'>19.</span> <span class='ocrx_word' id='word_1_165' title='bbox 1104 1213 1270 1250; x_wconf 88' lang='lat' dir='ltr'>Octobris</span> <span class='ocrx_word' id='word_1_166' title='bbox 1299 1212 1410 1247; x_wconf 83' lang='lat'>1566:</span> <span class='ocrx_word' id='word_1_167' title='bbox 1452 1211 1588 1253; x_wconf 84' lang='lat' dir='ltr'>„Pcnso</span> <span class='ocrx_word' id='word_1_168' title='bbox 1614 1208 1649 1242; x_wconf 92' lang='lat' dir='ltr'>di</span> <span class='ocrx_word' id='word_1_169' title='bbox 1675 1205 1848 1253; x_wconf 87' lang='lat' dir='ltr'>partirmi,</span> 
     </span>
     <span class='ocr_line' id='line_1_18' title="bbox 85 1260 1849 1326; baseline -0.016 -5"><span class='ocrx_word' id='word_1_170' title='bbox 85 1286 211 1326; x_wconf 91' lang='lat' dir='ltr'>Padre,</span> <span class='ocrx_word' id='word_1_171' title='bbox 247 1294 312 1318; x_wconf 90' lang='lat' dir='ltr'>con</span> <span class='ocrx_word' id='word_1_172' title='bbox 346 1281 381 1315; x_wconf 88' lang='lat' dir='ltr'>la</span> <span class='ocrx_word' id='word_1_173' title='bbox 416 1279 533 1324; x_wconf 85' lang='lat' dir='ltr'>gratia</span> <span class='ocrx_word' id='word_1_174' title='bbox 569 1276 627 1312; x_wconf 88' lang='lat' dir='ltr'>del</span> <span class='ocrx_word' id='word_1_175' title='bbox 653 1275 813 1318; x_wconf 82' lang='lat' dir='ltr'>Signore,</span> <span class='ocrx_word' id='word_1_176' title='bbox 851 1271 972 1307; x_wconf 82' lang='lat' dir='ltr'>lunedi</span> <span class='ocrx_word' id='word_1_177' title='bbox 1000 1269 1058 1314; x_wconf 70' lang='lat' dir='ltr'>[z</span> <span class='ocrx_word' id='word_1_178' title='bbox 1086 1270 1142 1304; x_wconf 81' lang='lat'>20.</span> <span class='ocrx_word' id='word_1_179' title='bbox 1170 1265 1363 1309; x_wconf 47' lang='lat' dir='ltr'>Octobris]</span> <span class='ocrx_word' id='word_1_180' title='bbox 1398 1276 1437 1299; x_wconf 91' lang='lat' dir='ltr'>se</span> <span class='ocrx_word' id='word_1_181' title='bbox 1464 1262 1612 1308; x_wconf 80' lang='lat' dir='ltr'>posso⁴‘;</span> <span class='ocrx_word' id='word_1_182' title='bbox 1650 1260 1849 1304; x_wconf 87' lang='lat' dir='ltr'>Oeniponte</span> 
     </span>
     <span class='ocr_line' id='line_1_19' title="bbox 87 1312 1847 1374; baseline -0.016 0"><span class='ocrx_word' id='word_1_183' title='bbox 87 1341 207 1374; x_wconf 88' lang='lat' dir='ltr'>autem</span> <span class='ocrx_word' id='word_1_184' title='bbox 233 1337 288 1371; x_wconf 79' lang='lat'>20.</span> <span class='ocrx_word' id='word_1_185' title='bbox 316 1333 502 1369; x_wconf 89' lang='lat' dir='ltr'>Octobris:</span> <span class='ocrx_word' id='word_1_186' title='bbox 545 1331 733 1373; x_wconf 72' lang='lat' dir='ltr'>„Partemo</span> <span class='ocrx_word' id='word_1_187' title='bbox 760 1325 901 1361; x_wconf 88' lang='lat' dir='ltr'>domani</span> <span class='ocrx_word' id='word_1_188' title='bbox 927 1325 1087 1358; x_wconf 85' lang='lat' dir='ltr'>Maestro</span> <span class='ocrx_word' id='word_1_189' title='bbox 1114 1321 1256 1356; x_wconf 87' lang='lat' dir='ltr'>Canisio</span> <span class='ocrx_word' id='word_1_190' title='bbox 1293 1321 1327 1353; x_wconf 90' lang='lat' dir='ltr'>et</span> <span class='ocrx_word' id='word_1_191' title='bbox 1354 1319 1386 1352; x_wconf 92' lang='lat' dir='ltr'>io</span> <span class='ocrx_word' id='word_1_192' title='bbox 1413 1329 1476 1363; x_wconf 89' lang='lat' dir='ltr'>per</span> <span class='ocrx_word' id='word_1_193' title='bbox 1500 1313 1711 1350; x_wconf 82' lang='lat' dir='ltr'>Monachio“</span> <span class='ocrx_word' id='word_1_194' title='bbox 1743 1312 1847 1357; x_wconf 85' lang='lat' dir='ltr'>(Epp.</span> 
     </span>
     <span class='ocr_line' id='line_1_20' title="bbox 87 1365 1849 1429; baseline -0.016 -2"><span class='ocrx_word' id='word_1_195' title='bbox 87 1393 208 1427; x_wconf 77' lang='lat' dir='ltr'>Nadal</span> <span class='ocrx_word' id='word_1_196' title='bbox 233 1388 379 1424; x_wconf 79' lang='lat'>111273</span> <span class='ocrx_word' id='word_1_197' title='bbox 405 1386 504 1429; x_wconf 78' lang='lat'>274).</span> <span class='ocrx_word' id='word_1_198' title='bbox 555 1384 644 1419; x_wconf 90' lang='lat' dir='ltr'>Cum</span> <span class='ocrx_word' id='word_1_199' title='bbox 678 1393 764 1415; x_wconf 83' lang='lat' dir='ltr'>vero</span> <span class='ocrx_word' id='word_1_200' title='bbox 792 1378 972 1414; x_wconf 86' lang='lat' dir='ltr'>Canisium</span> <span class='ocrx_word' id='word_1_201' title='bbox 1010 1378 1045 1410; x_wconf 87' lang='lat' dir='ltr'>et</span> <span class='ocrx_word' id='word_1_202' title='bbox 1079 1374 1245 1410; x_wconf 88' lang='lat' dir='ltr'>Natalem</span> <span class='ocrx_word' id='word_1_203' title='bbox 1280 1371 1387 1406; x_wconf 88' lang='lat' dir='ltr'>simul</span> <span class='ocrx_word' id='word_1_204' title='bbox 1423 1370 1542 1405; x_wconf 88' lang='lat' dir='ltr'>abisse</span> <span class='ocrx_word' id='word_1_205' title='bbox 1574 1369 1714 1403; x_wconf 88' lang='lat' dir='ltr'>constet</span> <span class='ocrx_word' id='word_1_206' title='bbox 1752 1365 1849 1409; x_wconf 83' lang='lat' dir='ltr'>(vide</span> 
     </span>
     <span class='ocr_line' id='line_1_21' title="bbox 87 1419 1847 1489; baseline -0.016 -9"><span class='ocrx_word' id='word_1_207' title='bbox 87 1446 181 1480; x_wconf 82' lang='lat' dir='ltr'>infra</span> <span class='ocrx_word' id='word_1_208' title='bbox 206 1456 240 1489; x_wconf 86' lang='lat' dir='ltr'>p.</span> <span class='ocrx_word' id='word_1_209' title='bbox 259 1442 357 1485; x_wconf 80' lang='lat'>355),</span> <span class='ocrx_word' id='word_1_210' title='bbox 385 1442 419 1475; x_wconf 91' lang='lat' dir='ltr'>et</span> <span class='ocrx_word' id='word_1_211' title='bbox 445 1450 525 1474; x_wconf 89' lang='lat' dir='ltr'>cum</span> <span class='ocrx_word' id='word_1_212' title='bbox 552 1436 717 1472; x_wconf 83' lang='lat' dir='ltr'>Canisius</span> <span class='ocrx_word' id='word_1_213' title='bbox 736 1433 935 1478; x_wconf 85' lang='lat' dir='ltr'>Oeniponte</span> <span class='ocrx_word' id='word_1_214' title='bbox 961 1431 1018 1465; x_wconf 80' lang='lat'>21.</span> <span class='ocrx_word' id='word_1_215' title='bbox 1038 1428 1204 1464; x_wconf 83' lang='lat' dir='ltr'>Octobris</span> <span class='ocrx_word' id='word_1_216' title='bbox 1230 1425 1383 1469; x_wconf 86' lang='lat' dir='ltr'>Borgiae</span> <span class='ocrx_word' id='word_1_217' title='bbox 1409 1423 1555 1463; x_wconf 84' lang='lat' dir='ltr'>scribat,</span> <span class='ocrx_word' id='word_1_218' title='bbox 1583 1433 1621 1456; x_wconf 86' lang='lat' dir='ltr'>se</span> <span class='ocrx_word' id='word_1_219' title='bbox 1653 1431 1752 1463; x_wconf 83' lang='lat' dir='ltr'>„cras</span> <span class='ocrx_word' id='word_1_220' title='bbox 1779 1419 1847 1454; x_wconf 89' lang='lat' dir='ltr'>dis-</span> 
     </span>
     <span class='ocr_line' id='line_1_22' title="bbox 89 1473 1849 1534; baseline -0.016 0"><span class='ocrx_word' id='word_1_221' title='bbox 89 1508 274 1534; x_wconf 89' lang='lat' dir='ltr'>cessurum</span> <span class='ocrx_word' id='word_1_222' title='bbox 300 1492 562 1532; x_wconf 80' lang='lat' dir='ltr'>Monachium“‚</span> <span class='ocrx_word' id='word_1_223' title='bbox 594 1488 760 1524; x_wconf 85' lang='lat' dir='ltr'>Natalem</span> <span class='ocrx_word' id='word_1_224' title='bbox 788 1496 928 1531; x_wconf 90' lang='lat' dir='ltr'>quoque</span> <span class='ocrx_word' id='word_1_225' title='bbox 953 1494 1067 1527; x_wconf 89' lang='lat' dir='ltr'>usque</span> <span class='ocrx_word' id='word_1_226' title='bbox 1094 1482 1138 1516; x_wconf 86' lang='lat' dir='ltr'>ad</span> <span class='ocrx_word' id='word_1_227' title='bbox 1164 1481 1220 1515; x_wconf 81' lang='lat'>22.</span> <span class='ocrx_word' id='word_1_228' title='bbox 1247 1478 1413 1514; x_wconf 86' lang='lat' dir='ltr'>Octobris</span> <span class='ocrx_word' id='word_1_229' title='bbox 1440 1476 1639 1520; x_wconf 90' lang='lat' dir='ltr'>Oeniponte</span> <span class='ocrx_word' id='word_1_230' title='bbox 1666 1473 1849 1508; x_wconf 90' lang='lat' dir='ltr'>detentum</span> 
     </span>
     <span class='ocr_line' id='line_1_23' title="bbox 89 1525 1850 1590; baseline -0.016 -3"><span class='ocrx_word' id='word_1_231' title='bbox 89 1563 168 1588; x_wconf 89' lang='lat' dir='ltr'>esse</span> <span class='ocrx_word' id='word_1_232' title='bbox 204 1549 356 1588; x_wconf 77' lang='lat' dir='ltr'>dixeris:</span> <span class='ocrx_word' id='word_1_233' title='bbox 395 1557 511 1590; x_wconf 89' lang='lat' dir='ltr'>neque</span> <span class='ocrx_word' id='word_1_234' title='bbox 549 1543 642 1578; x_wconf 90' lang='grc'>0111111</span> <span class='ocrx_word' id='word_1_235' title='bbox 679 1542 756 1576; x_wconf 89' lang='lat' dir='ltr'>sive</span> <span class='ocrx_word' id='word_1_236' title='bbox 782 1538 948 1573; x_wconf 78' lang='lat' dir='ltr'>Natalem</span> <span class='ocrx_word' id='word_1_237' title='bbox 983 1536 1061 1571; x_wconf 84' lang='lat' dir='ltr'>sive</span> <span class='ocrx_word' id='word_1_238' title='bbox 1089 1532 1271 1569; x_wconf 85' lang='lat' dir='ltr'>Canisium</span> <span class='ocrx_word' id='word_1_239' title='bbox 1309 1531 1345 1565; x_wconf 87' lang='lat' dir='ltr'>in</span> <span class='ocrx_word' id='word_1_240' title='bbox 1381 1530 1437 1564; x_wconf 84' lang='lat' dir='ltr'>die</span> <span class='ocrx_word' id='word_1_241' title='bbox 1473 1527 1605 1563; x_wconf 86' lang='lat' dir='ltr'>litteris</span> <span class='ocrx_word' id='word_1_242' title='bbox 1640 1525 1850 1561; x_wconf 88' lang='lat' dir='ltr'>ascribendo</span> 
     </span>
     <span class='ocr_line' id='line_1_24' title="bbox 89 1604 353 1648; baseline -0.023 -7"><span class='ocrx_word' id='word_1_243' title='bbox 89 1615 230 1641; x_wconf 85' lang='lat' dir='ltr'>errasse</span> <span class='ocrx_word' id='word_1_244' title='bbox 255 1604 353 1648; x_wconf 90' lang='lat' dir='ltr'>puto.</span> 
     </span>
    </p>
   </div>
   <div class='ocr_carea' id='block_1_5' title="bbox 91 1638 1879 3244">
    <p class='ocr_par' dir='ltr' id='par_1_6' title="bbox 91 1638 1879 3244">
     <span class='ocr_line' id='line_1_25' title="bbox 209 1638 1852 1705; baseline -0.016 -8"><span class='ocrx_word' id='word_1_245' title='bbox 209 1661 308 1705; x_wconf 85' lang='lat' dir='ltr'>Quod</span> <span class='ocrx_word' id='word_1_246' title='bbox 343 1661 464 1695; x_wconf 88' lang='lat' dir='ltr'>autem</span> <span class='ocrx_word' id='word_1_247' title='bbox 491 1656 656 1692; x_wconf 89' lang='lat' dir='ltr'>Canisius</span> <span class='ocrx_word' id='word_1_248' title='bbox 691 1651 916 1699; x_wconf 85' lang='lat' dir='ltr'>praepositus</span> <span class='ocrx_word' id='word_1_249' title='bbox 952 1646 1185 1694; x_wconf 86' lang='lat' dir='ltr'>provincialis</span> <span class='ocrx_word' id='word_1_250' title='bbox 1211 1645 1267 1679; x_wconf 89' lang='lat' dir='ltr'>his</span> <span class='ocrx_word' id='word_1_251' title='bbox 1293 1643 1425 1678; x_wconf 87' lang='lat' dir='ltr'>litteris</span> <span class='ocrx_word' id='word_1_252' title='bbox 1463 1653 1483 1676; x_wconf 89' lang='lat' dir='ltr'>a</span> <span class='ocrx_word' id='word_1_253' title='bbox 1509 1639 1639 1676; x_wconf 87' lang='lat' dir='ltr'>Natale</span> <span class='ocrx_word' id='word_1_254' title='bbox 1665 1638 1852 1673; x_wconf 85' lang='lat' dir='ltr'>visitatore</span> 
     </span>
     <span class='ocr_line' id='line_1_26' title="bbox 91 1690 1853 1759; baseline -0.016 -7"><span class='ocrx_word' id='word_1_255' title='bbox 91 1718 135 1753; x_wconf 87' lang='lat' dir='ltr'>ad</span> <span class='ocrx_word' id='word_1_256' title='bbox 170 1715 338 1759; x_wconf 88' lang='lat' dir='ltr'>Borgiam</span> <span class='ocrx_word' id='word_1_257' title='bbox 374 1710 619 1758; x_wconf 85' lang='lat' dir='ltr'>praepositum</span> <span class='ocrx_word' id='word_1_258' title='bbox 655 1705 861 1751; x_wconf 82' lang='lat' dir='ltr'>generalem</span> <span class='ocrx_word' id='word_1_259' title='bbox 896 1702 1056 1748; x_wconf 87' lang='lat' dir='ltr'>appellat</span> <span class='ocrx_word' id='word_1_260' title='bbox 1088 1702 1225 1746; x_wconf 85' lang='lat' dir='ltr'>petens,</span> <span class='ocrx_word' id='word_1_261' title='bbox 1260 1700 1302 1732; x_wconf 89' lang='lat' dir='ltr'>ut</span> <span class='ocrx_word' id='word_1_262' title='bbox 1327 1696 1421 1731; x_wconf 82' lang='lat' dir='ltr'>Socii</span> <span class='ocrx_word' id='word_1_263' title='bbox 1455 1695 1492 1729; x_wconf 91' lang='lat' dir='ltr'>in</span> <span class='ocrx_word' id='word_1_264' title='bbox 1518 1692 1710 1729; x_wconf 88' lang='lat' dir='ltr'>Germania</span> <span class='ocrx_word' id='word_1_265' title='bbox 1735 1710 1781 1716; x_wconf 94' lang='lat'>—</span> <span class='ocrx_word' id='word_1_266' title='bbox 1817 1690 1853 1724; x_wconf 87' lang='lat' dir='ltr'>id</span> 
     </span>
     <span class='ocr_line' id='line_1_27' title="bbox 93 1750 1854 1816; baseline -0.016 -10"><span class='ocrx_word' id='word_1_267' title='bbox 93 1771 187 1816; x_wconf 90' lang='lat' dir='ltr'>quod</span> <span class='ocrx_word' id='word_1_268' title='bbox 213 1768 301 1814; x_wconf 87' lang='lat' dir='ltr'>ipsis</span> <span class='ocrx_word' id='word_1_269' title='bbox 328 1764 519 1801; x_wconf 82' lang='lat' dir='ltr'>Societatis</span> <span class='ocrx_word' id='word_1_270' title='bbox 546 1758 871 1797; x_wconf 85' lang='lat' dir='ltr'>Constitutionibus</span> <span class='ocrx_word' id='word_1_271' title='bbox 896 1755 1127 1802; x_wconf 89' lang='lat' dir='ltr'>permittatur</span> <span class='ocrx_word' id='word_1_272' title='bbox 1152 1772 1198 1777; x_wconf 92' lang='lat'>—</span> <span class='ocrx_word' id='word_1_273' title='bbox 1223 1750 1439 1796; x_wconf 82' lang='lat' dir='ltr'>germanico,</span> <span class='ocrx_word' id='word_1_274' title='bbox 1475 1759 1545 1782; x_wconf 92' lang='lat' dir='ltr'>non</span> <span class='ocrx_word' id='word_1_275' title='bbox 1579 1756 1725 1781; x_wconf 89' lang='lat' dir='ltr'>romano</span> <span class='ocrx_word' id='word_1_276' title='bbox 1757 1755 1854 1778; x_wconf 86' lang='lat' dir='ltr'>more</span> 
     </span>
     <span class='ocr_line' id='line_1_28' title="bbox 94 1797 1855 1869; baseline -0.016 -10"><span class='ocrx_word' id='word_1_277' title='bbox 94 1823 238 1869; x_wconf 88' lang='lat' dir='ltr'>sepeliri</span> <span class='ocrx_word' id='word_1_278' title='bbox 264 1821 447 1856; x_wconf 88' lang='lat' dir='ltr'>sinantur:</span> <span class='ocrx_word' id='word_1_279' title='bbox 483 1817 517 1852; x_wconf 78' lang='lat' dir='ltr'>S.</span> <span class='ocrx_word' id='word_1_280' title='bbox 544 1816 707 1860; x_wconf 67' lang='lat' dir='ltr'>Iynatius</span> <span class='ocrx_word' id='word_1_281' title='bbox 742 1813 777 1847; x_wconf 92' lang='lat' dir='ltr'>in</span> <span class='ocrx_word' id='word_1_282' title='bbox 804 1807 1129 1846; x_wconf 87' lang='lat' dir='ltr'>Constitutionibus</span> <span class='ocrx_word' id='word_1_283' title='bbox 1158 1806 1214 1850; x_wconf 84' lang='lat' dir='ltr'>(P.</span> <span class='ocrx_word' id='word_1_284' title='bbox 1240 1805 1273 1846; x_wconf 82' lang='lat'>6,</span> <span class='ocrx_word' id='word_1_285' title='bbox 1300 1815 1330 1838; x_wconf 92' lang='grc'>0.</span> <span class='ocrx_word' id='word_1_286' title='bbox 1357 1804 1390 1844; x_wconf 85' lang='lat'>4,</span> <span class='ocrx_word' id='word_1_287' title='bbox 1416 1803 1459 1845; x_wconf 87' lang='lat' dir='ltr'>C)</span> <span class='ocrx_word' id='word_1_288' title='bbox 1489 1800 1611 1836; x_wconf 85' lang='lat' dir='ltr'>Socios</span> <span class='ocrx_word' id='word_1_289' title='bbox 1646 1799 1688 1833; x_wconf 89' lang='lat' dir='ltr'>de</span> <span class='ocrx_word' id='word_1_290' title='bbox 1718 1797 1855 1841; x_wconf 77' lang='lat' dir='ltr'>„officio</span> 
     </span>
     <span class='ocr_line' id='line_1_29' title="bbox 94 1851 1855 1911; baseline -0.016 1"><span class='ocrx_word' id='word_1_291' title='bbox 94 1874 364 1911; x_wconf 80' lang='lat' dir='ltr'>defunctorum“</span> <span class='ocrx_word' id='word_1_292' title='bbox 394 1872 430 1906; x_wconf 92' lang='lat' dir='ltr'>in</span> <span class='ocrx_word' id='word_1_293' title='bbox 456 1869 632 1905; x_wconf 85' lang='lat' dir='ltr'>sodalium</span> <span class='ocrx_word' id='word_1_294' title='bbox 652 1866 838 1901; x_wconf 87' lang='lat' dir='ltr'>funeribus</span> <span class='ocrx_word' id='word_1_295' title='bbox 856 1862 1038 1898; x_wconf 88' lang='lat' dir='ltr'>recitando</span> <span class='ocrx_word' id='word_1_296' title='bbox 1057 1861 1110 1896; x_wconf 91' lang='lat' dir='ltr'>sic</span> <span class='ocrx_word' id='word_1_297' title='bbox 1128 1859 1334 1894; x_wconf 87' lang='lat' dir='ltr'>monuerat:</span> <span class='ocrx_word' id='word_1_298' title='bbox 1366 1856 1482 1899; x_wconf 86' lang='lat' dir='ltr'>„Usus</span> <span class='ocrx_word' id='word_1_299' title='bbox 1501 1853 1620 1894; x_wconf 87' lang='lat' dir='ltr'>habet,</span> <span class='ocrx_word' id='word_1_300' title='bbox 1639 1854 1679 1886; x_wconf 90' lang='lat' dir='ltr'>ut</span> <span class='ocrx_word' id='word_1_301' title='bbox 1697 1851 1855 1886; x_wconf 83' lang='lat' dir='ltr'>officium</span> 
     </span>
     <span class='ocr_line' id='line_1_30' title="bbox 96 1906 1857 1965; baseline -0.016 0"><span class='ocrx_word' id='word_1_302' title='bbox 96 1931 236 1965; x_wconf 87' lang='lat' dir='ltr'>dicatur</span> <span class='ocrx_word' id='word_1_303' title='bbox 260 1930 344 1962; x_wconf 90' lang='lat' dir='ltr'>tono</span> <span class='ocrx_word' id='word_1_304' title='bbox 369 1924 597 1960; x_wconf 86' lang='lat' dir='ltr'>mediocriter</span> <span class='ocrx_word' id='word_1_305' title='bbox 623 1920 706 1961; x_wconf 88' lang='lat' dir='ltr'>alto,</span> <span class='ocrx_word' id='word_1_306' title='bbox 742 1919 819 1953; x_wconf 90' lang='lat' dir='ltr'>sine</span> <span class='ocrx_word' id='word_1_307' title='bbox 854 1918 981 1956; x_wconf 86' lang='lat' dir='ltr'>cantu;</span> <span class='ocrx_word' id='word_1_308' title='bbox 1018 1912 1268 1960; x_wconf 89' lang='lat' dir='ltr'>praesentibus</span> <span class='ocrx_word' id='word_1_309' title='bbox 1304 1911 1339 1944; x_wconf 92' lang='lat' dir='ltr'>in</span> <span class='ocrx_word' id='word_1_310' title='bbox 1367 1908 1519 1944; x_wconf 84' lang='lat' dir='ltr'>ecclesia</span> <span class='ocrx_word' id='word_1_311' title='bbox 1545 1906 1751 1941; x_wconf 87' lang='lat' dir='ltr'>domesticis</span> <span class='ocrx_word' id='word_1_312' title='bbox 1777 1915 1857 1938; x_wconf 88' lang='lat' dir='ltr'>cum</span> 
     </span>
     <span class='ocr_line' id='line_1_31' title="bbox 96 1957 1858 2018; baseline -0.016 0"><span class='ocrx_word' id='word_1_313' title='bbox 96 1983 172 2018; x_wconf 87' lang='lat' dir='ltr'>suis</span> <span class='ocrx_word' id='word_1_314' title='bbox 207 1980 365 2017; x_wconf 88' lang='lat' dir='ltr'>candelis</span> <span class='ocrx_word' id='word_1_315' title='bbox 400 1976 572 2016; x_wconf 75' lang='lat' dir='ltr'>accensis,</span> <span class='ocrx_word' id='word_1_316' title='bbox 605 1974 692 2008; x_wconf 78' lang='lat' dir='ltr'>etc.“</span> <span class='ocrx_word' id='word_1_317' title='bbox 746 1972 799 2006; x_wconf 88' lang='lat' dir='ltr'>De</span> <span class='ocrx_word' id='word_1_318' title='bbox 837 1969 963 2004; x_wconf 88' lang='lat' dir='ltr'>iisdem</span> <span class='ocrx_word' id='word_1_319' title='bbox 1001 1967 1187 2002; x_wconf 87' lang='lat' dir='ltr'>funeribus</span> <span class='ocrx_word' id='word_1_320' title='bbox 1223 1976 1254 1999; x_wconf 90' lang='lat' dir='ltr'>a.</span> <span class='ocrx_word' id='word_1_321' title='bbox 1284 1964 1374 1998; x_wconf 88' lang='lat'>1558</span> <span class='ocrx_word' id='word_1_322' title='bbox 1410 1961 1525 2008; x_wconf 88' lang='lat' dir='ltr'>prima</span> <span class='ocrx_word' id='word_1_323' title='bbox 1551 1958 1742 1994; x_wconf 83' lang='lat' dir='ltr'>Societatis</span> <span class='ocrx_word' id='word_1_324' title='bbox 1769 1957 1858 1991; x_wconf 88' lang='lat' dir='ltr'>Con-</span> 
     </span>
     <span class='ocr_line' id='line_1_32' title="bbox 97 2012 1859 2081; baseline -0.016 -10"><span class='ocrx_word' id='word_1_325' title='bbox 97 2036 262 2081; x_wconf 84' lang='lat' dir='ltr'>gregatio</span> <span class='ocrx_word' id='word_1_326' title='bbox 287 2032 476 2078; x_wconf 81' lang='lat' dir='ltr'>generalis,</span> <span class='ocrx_word' id='word_1_327' title='bbox 503 2027 663 2064; x_wconf 86' lang='lat' dir='ltr'>adhibita</span> <span class='ocrx_word' id='word_1_328' title='bbox 690 2023 994 2061; x_wconf 88' lang='lat' dir='ltr'>Constitutionum</span> <span class='ocrx_word' id='word_1_329' title='bbox 1023 2021 1077 2065; x_wconf 87' lang='lat' dir='ltr'>(P.</span> <span class='ocrx_word' id='word_1_330' title='bbox 1106 2021 1138 2063; x_wconf 88' lang='lat'>6,</span> <span class='ocrx_word' id='word_1_331' title='bbox 1166 2031 1195 2053; x_wconf 86' lang='lat' dir='ltr'>c.</span> <span class='ocrx_word' id='word_1_332' title='bbox 1222 2019 1254 2059; x_wconf 84' lang='lat'>2,</span> <span class='ocrx_word' id='word_1_333' title='bbox 1280 2029 1315 2051; x_wconf 91' lang='lat' dir='ltr'>n.</span> <span class='ocrx_word' id='word_1_334' title='bbox 1341 2016 1399 2060; x_wconf 87' lang='lat'>15)</span> <span class='ocrx_word' id='word_1_335' title='bbox 1430 2014 1655 2053; x_wconf 86' lang='lat' dir='ltr'>auctoritate,</span> <span class='ocrx_word' id='word_1_336' title='bbox 1681 2012 1859 2046; x_wconf 87' lang='lat' dir='ltr'>statuerat</span> 
     </span>
     <span class='ocr_line' id='line_1_33' title="bbox 102 2064 1860 2134; baseline -0.016 -9"><span class='ocrx_word' id='word_1_337' title='bbox 102 2090 212 2134; x_wconf 90' lang='lat' dir='ltr'>(decr.</span> <span class='ocrx_word' id='word_1_338' title='bbox 233 2087 336 2129; x_wconf 85' lang='lat'>109):</span> <span class='ocrx_word' id='word_1_339' title='bbox 368 2086 437 2128; x_wconf 75' lang='lat' dir='ltr'>„Ut</span> <span class='ocrx_word' id='word_1_340' title='bbox 463 2083 717 2118; x_wconf 81' lang='lat' dir='ltr'>observaretur</span> <span class='ocrx_word' id='word_1_341' title='bbox 743 2079 839 2113; x_wconf 88' lang='lat' dir='ltr'>circa</span> <span class='ocrx_word' id='word_1_342' title='bbox 857 2076 1031 2111; x_wconf 85' lang='lat' dir='ltr'>vestitum</span> <span class='ocrx_word' id='word_1_343' title='bbox 1058 2075 1278 2108; x_wconf 89' lang='lat' dir='ltr'>mortuorum</span> <span class='ocrx_word' id='word_1_344' title='bbox 1296 2069 1530 2105; x_wconf 86' lang='lat' dir='ltr'>Sacerdotum</span> <span class='ocrx_word' id='word_1_345' title='bbox 1557 2066 1650 2111; x_wconf 91' lang='lat' dir='ltr'>quod</span> <span class='ocrx_word' id='word_1_346' title='bbox 1677 2065 1719 2099; x_wconf 87' lang='lat' dir='ltr'>de</span> <span class='ocrx_word' id='word_1_347' title='bbox 1737 2064 1860 2098; x_wconf 91' lang='lat' dir='ltr'>viven-</span> 
     </span>
     <span class='ocr_line' id='line_1_34' title="bbox 98 2116 1861 2177; baseline -0.015 0"><span class='ocrx_word' id='word_1_348' title='bbox 98 2143 197 2177; x_wconf 83' lang='lat' dir='ltr'>tibus</span> <span class='ocrx_word' id='word_1_349' title='bbox 223 2141 353 2176; x_wconf 89' lang='lat' dir='ltr'>dicitur</span> <span class='ocrx_word' id='word_1_350' title='bbox 378 2139 414 2172; x_wconf 91' lang='lat' dir='ltr'>in</span> <span class='ocrx_word' id='word_1_351' title='bbox 433 2133 778 2172; x_wconf 87' lang='lat' dir='ltr'>Constitutionibus:</span> <span class='ocrx_word' id='word_1_352' title='bbox 805 2133 845 2165; x_wconf 89' lang='lat' dir='ltr'>ut</span> <span class='ocrx_word' id='word_1_353' title='bbox 871 2128 1011 2165; x_wconf 86' lang='lat' dir='ltr'>scilicet</span> <span class='ocrx_word' id='word_1_354' title='bbox 1028 2129 1174 2162; x_wconf 86' lang='lat' dir='ltr'>utamur</span> <span class='ocrx_word' id='word_1_355' title='bbox 1200 2137 1240 2159; x_wconf 92' lang='lat' dir='ltr'>eo</span> <span class='ocrx_word' id='word_1_356' title='bbox 1259 2124 1372 2165; x_wconf 83' lang='lat' dir='ltr'>modo,</span> <span class='ocrx_word' id='word_1_357' title='bbox 1399 2134 1468 2167; x_wconf 90' lang='lat' dir='ltr'>quo</span> <span class='ocrx_word' id='word_1_358' title='bbox 1491 2119 1703 2156; x_wconf 81' lang='lat' dir='ltr'>Sacerdotes</span> <span class='ocrx_word' id='word_1_359' title='bbox 1721 2116 1861 2151; x_wconf 88' lang='lat' dir='ltr'>honesti</span> 
     </span>
     <span class='ocr_line' id='line_1_35' title="bbox 102 2170 1864 2237; baseline -0.015 -7"><span class='ocrx_word' id='word_1_360' title='bbox 102 2197 178 2230; x_wconf 87' lang='lat' dir='ltr'>eius</span> <span class='ocrx_word' id='word_1_361' title='bbox 203 2193 360 2237; x_wconf 84' lang='lat' dir='ltr'>regionis</span> <span class='ocrx_word' id='word_1_362' title='bbox 387 2191 440 2225; x_wconf 91' lang='lat' dir='ltr'>uti</span> <span class='ocrx_word' id='word_1_363' title='bbox 466 2189 593 2224; x_wconf 84' lang='lat' dir='ltr'>solent.</span> <span class='ocrx_word' id='word_1_364' title='bbox 632 2186 685 2220; x_wconf 89' lang='lat' dir='ltr'>De</span> <span class='ocrx_word' id='word_1_365' title='bbox 703 2183 889 2219; x_wconf 87' lang='lat' dir='ltr'>Fratribus</span> <span class='ocrx_word' id='word_1_366' title='bbox 907 2184 1040 2223; x_wconf 86' lang='lat' dir='ltr'>autem,</span> <span class='ocrx_word' id='word_1_367' title='bbox 1067 2180 1128 2225; x_wconf 91' lang='lat' dir='ltr'>qui</span> <span class='ocrx_word' id='word_1_368' title='bbox 1146 2178 1358 2213; x_wconf 81' lang='lat' dir='ltr'>Sacerdotes</span> <span class='ocrx_word' id='word_1_369' title='bbox 1376 2187 1445 2210; x_wconf 92' lang='lat' dir='ltr'>non</span> <span class='ocrx_word' id='word_1_370' title='bbox 1465 2176 1558 2214; x_wconf 88' lang='lat' dir='ltr'>sunt,</span> <span class='ocrx_word' id='word_1_371' title='bbox 1585 2175 1625 2206; x_wconf 87' lang='lat' dir='ltr'>ut</span> <span class='ocrx_word' id='word_1_372' title='bbox 1643 2170 1864 2216; x_wconf 87' lang='lat' dir='ltr'>sepeliantur</span> 
     </span>
     <span class='ocr_line' id='line_1_36' title="bbox 104 2223 1863 2286; baseline -0.015 -3"><span class='ocrx_word' id='word_1_373' title='bbox 104 2249 227 2284; x_wconf 87' lang='lat' dir='ltr'>eodem</span> <span class='ocrx_word' id='word_1_374' title='bbox 254 2246 357 2280; x_wconf 88' lang='lat' dir='ltr'>modo</span> <span class='ocrx_word' id='word_1_375' title='bbox 384 2244 510 2284; x_wconf 86' lang='lat' dir='ltr'>induti,</span> <span class='ocrx_word' id='word_1_376' title='bbox 547 2253 616 2286; x_wconf 89' lang='lat' dir='ltr'>quo</span> <span class='ocrx_word' id='word_1_377' title='bbox 641 2239 703 2274; x_wconf 85' lang='lat' dir='ltr'>alii</span> <span class='ocrx_word' id='word_1_378' title='bbox 729 2237 851 2272; x_wconf 90' lang='lat' dir='ltr'>clerici</span> <span class='ocrx_word' id='word_1_379' title='bbox 876 2235 1028 2275; x_wconf 88' lang='lat' dir='ltr'>honesti,</span> <span class='ocrx_word' id='word_1_380' title='bbox 1056 2234 1116 2278; x_wconf 90' lang='lat' dir='ltr'>qui</span> <span class='ocrx_word' id='word_1_381' title='bbox 1144 2231 1357 2266; x_wconf 83' lang='lat' dir='ltr'>Sacerdotes</span> <span class='ocrx_word' id='word_1_382' title='bbox 1383 2240 1452 2262; x_wconf 91' lang='lat' dir='ltr'>non</span> <span class='ocrx_word' id='word_1_383' title='bbox 1479 2228 1573 2267; x_wconf 89' lang='lat' dir='ltr'>sunt,</span> <span class='ocrx_word' id='word_1_384' title='bbox 1612 2224 1710 2259; x_wconf 87' lang='lat' dir='ltr'>indui</span> <span class='ocrx_word' id='word_1_385' title='bbox 1736 2223 1863 2258; x_wconf 84' lang='lat' dir='ltr'>solent.</span> 
     </span>
     <span class='ocr_line' id='line_1_37' title="bbox 104 2277 1865 2340; baseline -0.015 -4"><span class='ocrx_word' id='word_1_386' title='bbox 104 2302 300 2337; x_wconf 80' lang='lat' dir='ltr'>Serventur</span> <span class='ocrx_word' id='word_1_387' title='bbox 333 2301 464 2337; x_wconf 88' lang='lat' dir='ltr'>autem,</span> <span class='ocrx_word' id='word_1_388' title='bbox 500 2295 593 2340; x_wconf 88' lang='lat' dir='ltr'>quod</span> <span class='ocrx_word' id='word_1_389' title='bbox 624 2293 668 2327; x_wconf 88' lang='lat' dir='ltr'>ad</span> <span class='ocrx_word' id='word_1_390' title='bbox 694 2291 851 2326; x_wconf 87' lang='lat' dir='ltr'>officium</span> <span class='ocrx_word' id='word_1_391' title='bbox 878 2301 942 2334; x_wconf 90' lang='lat' dir='ltr'>pro</span> <span class='ocrx_word' id='word_1_392' title='bbox 969 2286 1149 2322; x_wconf 86' lang='lat' dir='ltr'>defunctis</span> <span class='ocrx_word' id='word_1_393' title='bbox 1176 2284 1317 2324; x_wconf 83' lang='lat' dir='ltr'>attinet,</span> <span class='ocrx_word' id='word_1_394' title='bbox 1353 2280 1637 2317; x_wconf 87' lang='lat' dir='ltr'>Constitutiones</span> <span class='ocrx_word' id='word_1_395' title='bbox 1662 2277 1722 2312; x_wconf 90' lang='lat' dir='ltr'>ubi</span> <span class='ocrx_word' id='word_1_396' title='bbox 1748 2277 1784 2310; x_wconf 90' lang='lat' dir='ltr'>in</span> <span class='ocrx_word' id='word_1_397' title='bbox 1811 2288 1865 2310; x_wconf 89' lang='lat' dir='ltr'>ec·</span> 
     </span>
     <span class='ocr_line' id='line_1_38' title="bbox 103 2330 1864 2390; baseline -0.016 -1"><span class='ocrx_word' id='word_1_398' title='bbox 103 2355 214 2390; x_wconf 89' lang='lat' dir='ltr'>clesia</span> <span class='ocrx_word' id='word_1_399' title='bbox 239 2355 363 2387; x_wconf 88' lang='lat' dir='ltr'>nostra</span> <span class='ocrx_word' id='word_1_400' title='bbox 396 2350 505 2384; x_wconf 88' lang='lat' dir='ltr'>funus</span> <span class='ocrx_word' id='word_1_401' title='bbox 532 2346 781 2386; x_wconf 86' lang='lat' dir='ltr'>celebrabitur,</span> <span class='ocrx_word' id='word_1_402' title='bbox 816 2347 852 2378; x_wconf 92' lang='lat' dir='ltr'>et</span> <span class='ocrx_word' id='word_1_403' title='bbox 877 2353 1047 2377; x_wconf 89' lang='lat' dir='ltr'>numerus</span> <span class='ocrx_word' id='word_1_404' title='bbox 1074 2339 1260 2374; x_wconf 86' lang='lat' dir='ltr'>sufficiens</span> <span class='ocrx_word' id='word_1_405' title='bbox 1286 2336 1499 2371; x_wconf 88' lang='lat' dir='ltr'>Nostrorum</span> <span class='ocrx_word' id='word_1_406' title='bbox 1526 2332 1612 2367; x_wconf 85' lang='lat' dir='ltr'>erit“</span> <span class='ocrx_word' id='word_1_407' title='bbox 1645 2330 1864 2374; x_wconf 65' lang='lat' dir='ltr'>(In-stitutum</span> 
     </span>
     <span class='ocr_line' id='line_1_39' title="bbox 105 2382 1867 2448; baseline -0.016 -5"><span class='ocrx_word' id='word_1_408' title='bbox 105 2409 138 2443; x_wconf 78' lang='lat' dir='ltr'>S.</span> <span class='ocrx_word' id='word_1_409' title='bbox 166 2409 198 2442; x_wconf 80' lang='lat' dir='ltr'>J.</span> <span class='ocrx_word' id='word_1_410' title='bbox 225 2407 258 2441; x_wconf 89' lang='grc' dir='ltr'>Π</span> <span class='ocrx_word' id='word_1_411' title='bbox 286 2404 381 2448; x_wconf 78' lang='grc'>182).</span> <span class='ocrx_word' id='word_1_412' title='bbox 433 2402 550 2437; x_wconf 82' lang='lat' dir='ltr'>Medio</span> <span class='ocrx_word' id='word_1_413' title='bbox 586 2411 675 2435; x_wconf 84' lang='lat' dir='ltr'>aevo</span> <span class='ocrx_word' id='word_1_414' title='bbox 710 2397 828 2433; x_wconf 88' lang='lat' dir='ltr'>clerici</span> <span class='ocrx_word' id='word_1_415' title='bbox 869 2396 1027 2441; x_wconf 86' lang='lat' dir='ltr'>(praeter</span> <span class='ocrx_word' id='word_1_416' title='bbox 1062 2391 1263 2436; x_wconf 84' lang='lat' dir='ltr'>regulares)</span> <span class='ocrx_word' id='word_1_417' title='bbox 1293 2389 1456 2424; x_wconf 86' lang='lat' dir='ltr'>vestibus</span> <span class='ocrx_word' id='word_1_418' title='bbox 1492 2385 1625 2421; x_wconf 88' lang='lat' dir='ltr'>ordinis</span> <span class='ocrx_word' id='word_1_419' title='bbox 1663 2384 1718 2418; x_wconf 90' lang='lat' dir='ltr'>sui</span> <span class='ocrx_word' id='word_1_420' title='bbox 1753 2382 1867 2416; x_wconf 86' lang='lat' dir='ltr'>induti</span> 
     </span>
     <span class='ocr_line' id='line_1_40' title="bbox 105 2435 1868 2507; baseline -0.016 -11"><span class='ocrx_word' id='word_1_421' title='bbox 105 2460 372 2507; x_wconf 89' lang='lat' dir='ltr'>sepeliebantur</span> <span class='ocrx_word' id='word_1_422' title='bbox 410 2456 472 2500; x_wconf 82' lang='lat' dir='ltr'>(A.</span> <span class='ocrx_word' id='word_1_423' title='bbox 499 2457 535 2489; x_wconf 90' lang='lat' dir='ltr'>J.</span> <span class='ocrx_word' id='word_1_424' title='bbox 562 2453 749 2495; x_wconf 70' lang='lat' dir='ltr'>Binterim,</span> <span class='ocrx_word' id='word_1_425' title='bbox 797 2450 862 2484; x_wconf 91' lang='lat' dir='ltr'>Die</span> <span class='ocrx_word' id='word_1_426' title='bbox 899 2446 1191 2491; x_wconf 79' lang='lat' dir='ltr'>vorziiglichsten</span> <span class='ocrx_word' id='word_1_427' title='bbox 1229 2439 1599 2484; x_wconf 79' lang='lat' dir='ltr'>Denkwurdigkeiten</span> <span class='ocrx_word' id='word_1_428' title='bbox 1637 2437 1699 2471; x_wconf 91' lang='lat' dir='ltr'>der</span> <span class='ocrx_word' id='word_1_429' title='bbox 1734 2435 1868 2470; x_wconf 87' lang='lat' dir='ltr'>Christ-</span> 
     </span>
     <span class='ocr_line' id='line_1_41' title="bbox 106 2488 1870 2549; baseline -0.016 0"><span class='ocrx_word' id='word_1_430' title='bbox 106 2511 365 2549; x_wconf 86' lang='lat' dir='ltr'>Katholischen</span> <span class='ocrx_word' id='word_1_431' title='bbox 400 2508 532 2544; x_wconf 86' lang='lat' dir='ltr'>Kirche</span> <span class='ocrx_word' id='word_1_432' title='bbox 559 2507 636 2548; x_wconf 77' lang='lat' dir='ltr'>V13,</span> <span class='ocrx_word' id='word_1_433' title='bbox 671 2505 789 2539; x_wconf 88' lang='lat' dir='ltr'>Mainz</span> <span class='ocrx_word' id='word_1_434' title='bbox 827 2502 928 2543; x_wconf 87' lang='lat'>1831,</span> <span class='ocrx_word' id='word_1_435' title='bbox 965 2501 1044 2536; x_wconf 84' lang='lat'>391.</span> <span class='ocrx_word' id='word_1_436' title='bbox 1095 2500 1221 2534; x_wconf 71' lang='lat' dir='ltr'>Lndw.</span> <span class='ocrx_word' id='word_1_437' title='bbox 1258 2496 1416 2538; x_wconf 76' lang='lat' dir='ltr'>Rulcmd,</span> <span class='ocrx_word' id='word_1_438' title='bbox 1452 2494 1517 2528; x_wconf 90' lang='lat' dir='ltr'>Die</span> <span class='ocrx_word' id='word_1_439' title='bbox 1554 2489 1769 2526; x_wconf 85' lang='lat' dir='ltr'>Geschichte</span> <span class='ocrx_word' id='word_1_440' title='bbox 1808 2488 1870 2522; x_wconf 86' lang='lat' dir='ltr'>der</span> 
     </span>
     <span class='ocr_line' id='line_1_42' title="bbox 107 2540 1869 2602; baseline -0.016 0"><span class='ocrx_word' id='word_1_441' title='bbox 107 2565 331 2602; x_wconf 86' lang='lat' dir='ltr'>kirchlichen</span> <span class='ocrx_word' id='word_1_442' title='bbox 359 2561 617 2601; x_wconf 87' lang='lat' dir='ltr'>Leichenfeier,</span> <span class='ocrx_word' id='word_1_443' title='bbox 644 2557 883 2601; x_wconf 85' lang='lat' dir='ltr'>Regensburg</span> <span class='ocrx_word' id='word_1_444' title='bbox 910 2555 1011 2595; x_wconf 84' lang='lat'>1901,</span> <span class='ocrx_word' id='word_1_445' title='bbox 1041 2552 1137 2596; x_wconf 82' lang='lat'>178).</span> <span class='ocrx_word' id='word_1_446' title='bbox 1188 2552 1242 2585; x_wconf 90' lang='lat' dir='ltr'>Ita</span> <span class='ocrx_word' id='word_1_447' title='bbox 1269 2550 1377 2584; x_wconf 90' lang='lat' dir='ltr'>etiam</span> <span class='ocrx_word' id='word_1_448' title='bbox 1403 2546 1623 2592; x_wconf 87' lang='lat' dir='ltr'>praecipitur</span> <span class='ocrx_word' id='word_1_449' title='bbox 1649 2543 1685 2576; x_wconf 91' lang='lat' dir='ltr'>in</span> <span class='ocrx_word' id='word_1_450' title='bbox 1715 2540 1869 2584; x_wconf 84' lang='lat' dir='ltr'>„Rituali</span> 
     </span>
     <span class='ocr_line' id='line_1_43' title="bbox 109 2594 1869 2655; baseline -0.016 0"><span class='ocrx_word' id='word_1_451' title='bbox 109 2620 421 2655; x_wconf 77' lang='lat' dir='ltr'>Sacramentorum</span> <span class='ocrx_word' id='word_1_452' title='bbox 459 2615 619 2649; x_wconf 85' lang='lat' dir='ltr'>Romano</span> <span class='ocrx_word' id='word_1_453' title='bbox 662 2611 831 2655; x_wconf 69' lang='lat' dir='ltr'>Greqoriz·</span> <span class='ocrx_word' id='word_1_454' title='bbox 868 2609 977 2643; x_wconf 88' lang='lat' dir='ltr'>XIII.</span> <span class='ocrx_word' id='word_1_455' title='bbox 1016 2607 1120 2640; x_wconf 89' lang='lat' dir='ltr'>Pont.</span> <span class='ocrx_word' id='word_1_456' title='bbox 1158 2605 1255 2639; x_wconf 80' lang='lat' dir='ltr'>Max.</span> <span class='ocrx_word' id='word_1_457' title='bbox 1295 2603 1395 2636; x_wconf 86' lang='lat' dir='ltr'>iussu</span> <span class='ocrx_word' id='word_1_458' title='bbox 1434 2600 1546 2634; x_wconf 85' lang='lat' dir='ltr'>edito“</span> <span class='ocrx_word' id='word_1_459' title='bbox 1591 2597 1740 2640; x_wconf 83' lang='lat' dir='ltr'>(Romae</span> <span class='ocrx_word' id='word_1_460' title='bbox 1769 2594 1869 2633; x_wconf 87' lang='lat'>1584,</span> 
     </span>
     <span class='ocr_line' id='line_1_44' title="bbox 111 2649 1869 2719; baseline -0.016 -10"><span class='ocrx_word' id='word_1_461' title='bbox 111 2686 144 2719; x_wconf 90' lang='lat' dir='ltr'>p.</span> <span class='ocrx_word' id='word_1_462' title='bbox 170 2670 397 2714; x_wconf 78' lang='lat'>407—408):</span> <span class='ocrx_word' id='word_1_463' title='bbox 437 2680 477 2703; x_wconf 84' lang='lat' dir='ltr'>ac</span> <span class='ocrx_word' id='word_1_464' title='bbox 514 2667 556 2700; x_wconf 87' lang='lat' dir='ltr'>de</span> <span class='ocrx_word' id='word_1_465' title='bbox 591 2663 839 2700; x_wconf 83' lang='lat' dir='ltr'>sacerdotibus</span> <span class='ocrx_word' id='word_1_466' title='bbox 874 2660 1085 2696; x_wconf 87' lang='lat' dir='ltr'>nominat-im</span> <span class='ocrx_word' id='word_1_467' title='bbox 1120 2657 1311 2693; x_wconf 85' lang='lat' dir='ltr'>statuitur:</span> <span class='ocrx_word' id='word_1_468' title='bbox 1352 2653 1567 2697; x_wconf 81' lang='lat' dir='ltr'>„Presbyter</span> <span class='ocrx_word' id='word_1_469' title='bbox 1602 2649 1745 2693; x_wconf 82' lang='lat' dir='ltr'>quidem</span> <span class='ocrx_word' id='word_1_470' title='bbox 1771 2658 1869 2682; x_wconf 89' lang='lat' dir='ltr'>secu-</span> 
     </span>
     <span class='ocr_line' id='line_1_45' title="bbox 110 2700 1872 2768; baseline -0.016 -6"><span class='ocrx_word' id='word_1_471' title='bbox 110 2727 207 2768; x_wconf 88' lang='lat' dir='ltr'>laris,</span> <span class='ocrx_word' id='word_1_472' title='bbox 244 2728 280 2760; x_wconf 91' lang='lat' dir='ltr'>et</span> <span class='ocrx_word' id='word_1_473' title='bbox 314 2724 374 2768; x_wconf 93' lang='lat' dir='ltr'>qui</span> <span class='ocrx_word' id='word_1_474' title='bbox 410 2721 518 2757; x_wconf 86' lang='lat' dir='ltr'>simili</span> <span class='ocrx_word' id='word_1_475' title='bbox 554 2719 679 2753; x_wconf 86' lang='lat' dir='ltr'>habitu</span> <span class='ocrx_word' id='word_1_476' title='bbox 707 2718 820 2751; x_wconf 78' lang='lat' dir='ltr'>vtitur</span> <span class='ocrx_word' id='word_1_477' title='bbox 846 2715 1048 2758; x_wconf 81' lang='lat' dir='ltr'>religiosus,</span> <span class='ocrx_word' id='word_1_478' title='bbox 1085 2712 1253 2746; x_wconf 87' lang='lat' dir='ltr'>induatur</span> <span class='ocrx_word' id='word_1_479' title='bbox 1280 2707 1443 2743; x_wconf 89' lang='lat' dir='ltr'>omnibus</span> <span class='ocrx_word' id='word_1_480' title='bbox 1481 2705 1556 2739; x_wconf 92' lang='lat' dir='ltr'>suis</span> <span class='ocrx_word' id='word_1_481' title='bbox 1582 2700 1802 2747; x_wconf 86' lang='lat' dir='ltr'>paramentis</span> <span class='ocrx_word' id='word_1_482' title='bbox 1829 2700 1872 2734; x_wconf 84' lang='lat' dir='ltr'>ad</span> 
     </span>
     <span class='ocr_line' id='line_1_46' title="bbox 112 2753 1872 2814; baseline -0.016 1"><span class='ocrx_word' id='word_1_483' title='bbox 112 2780 262 2814; x_wconf 85' lang='lat' dir='ltr'>Missam</span> <span class='ocrx_word' id='word_1_484' title='bbox 289 2775 539 2812; x_wconf 86' lang='lat' dir='ltr'>celebrandam</span> <span class='ocrx_word' id='word_1_485' title='bbox 566 2771 748 2811; x_wconf 83' lang='lat' dir='ltr'>ordinatis,</span> <span class='ocrx_word' id='word_1_486' title='bbox 776 2768 946 2803; x_wconf 89' lang='lat' dir='ltr'>videlicet</span> <span class='ocrx_word' id='word_1_487' title='bbox 982 2766 1126 2806; x_wconf 86' lang='lat' dir='ltr'>amictu,</span> <span class='ocrx_word' id='word_1_488' title='bbox 1163 2764 1254 2803; x_wconf 83' lang='lat' dir='ltr'>alba,</span> <span class='ocrx_word' id='word_1_489' title='bbox 1291 2760 1443 2803; x_wconf 83' lang='lat' dir='ltr'>cingulo,</span> <span class='ocrx_word' id='word_1_490' title='bbox 1470 2755 1663 2801; x_wconf 76' lang='lat' dir='ltr'>manipulo,</span> <span class='ocrx_word' id='word_1_491' title='bbox 1698 2753 1803 2795; x_wconf 83' lang='lat' dir='ltr'>stola,</span> <span class='ocrx_word' id='word_1_492' title='bbox 1838 2755 1872 2787; x_wconf 88' lang='lat' dir='ltr'>et</span> 
     </span>
     <span class='ocr_line' id='line_1_47' title="bbox 113 2806 1874 2874; baseline -0.017 -6"><span class='ocrx_word' id='word_1_493' title='bbox 113 2832 236 2868; x_wconf 88' lang='lat' dir='ltr'>casula</span> <span class='ocrx_word' id='word_1_494' title='bbox 272 2842 337 2865; x_wconf 88' lang='lat' dir='ltr'>seu</span> <span class='ocrx_word' id='word_1_495' title='bbox 374 2827 550 2874; x_wconf 79' lang='lat' dir='ltr'>planeta.“</span> <span class='ocrx_word' id='word_1_496' title='bbox 605 2825 644 2859; x_wconf 92' lang='lat' dir='ltr'>Id</span> <span class='ocrx_word' id='word_1_497' title='bbox 680 2834 821 2867; x_wconf 88' lang='lat' dir='ltr'>quoque</span> <span class='ocrx_word' id='word_1_498' title='bbox 860 2822 929 2856; x_wconf 81' lang='lat' dir='ltr'>iam</span> <span class='ocrx_word' id='word_1_499' title='bbox 969 2818 1113 2854; x_wconf 88' lang='lat' dir='ltr'>saeculo</span> <span class='ocrx_word' id='word_1_500' title='bbox 1148 2816 1243 2850; x_wconf 80' lang='lat' dir='ltr'>XVI.</span> <span class='ocrx_word' id='word_1_501' title='bbox 1280 2815 1412 2848; x_wconf 85' lang='lat' dir='ltr'>Romae</span> <span class='ocrx_word' id='word_1_502' title='bbox 1451 2812 1493 2845; x_wconf 84' lang='lat' dir='ltr'>de</span> <span class='ocrx_word' id='word_1_503' title='bbox 1532 2809 1695 2843; x_wconf 88' lang='lat' dir='ltr'>omnibus</span> <span class='ocrx_word' id='word_1_504' title='bbox 1733 2806 1874 2841; x_wconf 85' lang='lat' dir='ltr'>clericis</span> 
     </span>
     <span class='ocr_line' id='line_1_48' title="bbox 116 2859 1874 2930; baseline -0.016 -10"><span class='ocrx_word' id='word_1_505' title='bbox 116 2887 346 2930; x_wconf 88' lang='lat' dir='ltr'>(quamquam</span> <span class='ocrx_word' id='word_1_506' title='bbox 381 2883 418 2916; x_wconf 92' lang='lat' dir='ltr'>in</span> <span class='ocrx_word' id='word_1_507' title='bbox 444 2879 580 2915; x_wconf 85' lang='lat' dir='ltr'>Rituali</span> <span class='ocrx_word' id='word_1_508' title='bbox 607 2876 770 2919; x_wconf 76' lang='lat' dir='ltr'>Gregorii</span> <span class='ocrx_word' id='word_1_509' title='bbox 798 2875 893 2909; x_wconf 82' lang='lat' dir='ltr'>XIII.</span> <span class='ocrx_word' id='word_1_510' title='bbox 921 2874 963 2908; x_wconf 89' lang='lat' dir='ltr'>de</span> <span class='ocrx_word' id='word_1_511' title='bbox 990 2872 1076 2907; x_wconf 89' lang='lat' dir='ltr'>solis</span> <span class='ocrx_word' id='word_1_512' title='bbox 1103 2868 1280 2915; x_wconf 86' lang='lat' dir='ltr'>episcopis</span> <span class='ocrx_word' id='word_1_513' title='bbox 1307 2866 1423 2911; x_wconf 87' lang='lat' dir='ltr'>planis</span> <span class='ocrx_word' id='word_1_514' title='bbox 1451 2863 1570 2897; x_wconf 87' lang='lat' dir='ltr'>verbis</span> <span class='ocrx_word' id='word_1_515' title='bbox 1602 2859 1874 2906; x_wconf 86' lang='lat' dir='ltr'>praescribitur)</span> 
     </span>
     <span class='ocr_line' id='line_1_49' title="bbox 114 2912 1876 2978; baseline -0.016 -4"><span class='ocrx_word' id='word_1_516' title='bbox 114 2939 344 2973; x_wconf 87' lang='lat' dir='ltr'>observatum</span> <span class='ocrx_word' id='word_1_517' title='bbox 380 2946 459 2970; x_wconf 90' lang='lat' dir='ltr'>esse</span> <span class='ocrx_word' id='word_1_518' title='bbox 494 2935 590 2978; x_wconf 73' lang='lat' dir='ltr'>puto,</span> <span class='ocrx_word' id='word_1_519' title='bbox 627 2930 720 2975; x_wconf 92' lang='lat' dir='ltr'>quod</span> <span class='ocrx_word' id='word_1_520' title='bbox 758 2940 852 2962; x_wconf 88' lang='lat' dir='ltr'>nunc</span> <span class='ocrx_word' id='word_1_521' title='bbox 886 2928 921 2961; x_wconf 94' lang='lat' dir='ltr'>in</span> <span class='ocrx_word' id='word_1_522' title='bbox 948 2926 1090 2960; x_wconf 63' lang='lat' dir='ltr'>Rettualz·</span> <span class='ocrx_word' id='word_1_523' title='bbox 1119 2925 1276 2957; x_wconf 72' lang='lat' dir='ltr'>Romano</span> <span class='ocrx_word' id='word_1_524' title='bbox 1303 2920 1345 2953; x_wconf 90' lang='lat' dir='ltr'>de</span> <span class='ocrx_word' id='word_1_525' title='bbox 1372 2917 1535 2952; x_wconf 89' lang='lat' dir='ltr'>omnibus</span> <span class='ocrx_word' id='word_1_526' title='bbox 1562 2914 1701 2949; x_wconf 87' lang='lat' dir='ltr'>clericis</span> <span class='ocrx_word' id='word_1_527' title='bbox 1727 2912 1876 2947; x_wconf 80' lang='lat' dir='ltr'>mortuis</span> 
     </span>
     <span class='ocr_line' id='line_1_50' title="bbox 115 2967 1876 3037; baseline -0.016 -10"><span class='ocrx_word' id='word_1_528' title='bbox 115 2990 353 3037; x_wconf 86' lang='lat' dir='ltr'>praecipitur:</span> <span class='ocrx_word' id='word_1_529' title='bbox 381 2988 431 3022; x_wconf 86' lang='lat' dir='ltr'>Ut</span> <span class='ocrx_word' id='word_1_530' title='bbox 462 2985 645 3030; x_wconf 73' lang='lat' dir='ltr'>‚vestibus</span> <span class='ocrx_word' id='word_1_531' title='bbox 679 2983 754 3017; x_wconf 84' lang='lat' dir='ltr'>suis</span> <span class='ocrx_word' id='word_1_532' title='bbox 791 2979 1008 3025; x_wconf 84' lang='lat' dir='ltr'>quotidianis</span> <span class='ocrx_word' id='word_1_533' title='bbox 1044 2974 1291 3012; x_wconf 83' lang='lat' dir='ltr'>communibus</span> <span class='ocrx_word' id='word_1_534' title='bbox 1326 2982 1438 3015; x_wconf 86' lang='lat' dir='ltr'>usque</span> <span class='ocrx_word' id='word_1_535' title='bbox 1475 2969 1518 3003; x_wconf 85' lang='lat' dir='ltr'>ad</span> <span class='ocrx_word' id='word_1_536' title='bbox 1554 2967 1705 3002; x_wconf 87' lang='lat' dir='ltr'>talarem</span> <span class='ocrx_word' id='word_1_537' title='bbox 1738 2968 1876 3000; x_wconf 87' lang='lat' dir='ltr'>vestem</span> 
     </span>
     <span class='ocr_line' id='line_1_51' title="bbox 116 3019 1879 3083; baseline -0.016 -4"><span class='ocrx_word' id='word_1_538' title='bbox 116 3044 304 3083; x_wconf 87' lang='lat' dir='ltr'>inclusive,</span> <span class='ocrx_word' id='word_1_539' title='bbox 331 3044 408 3076; x_wconf 86' lang='lat' dir='ltr'>tum</span> <span class='ocrx_word' id='word_1_540' title='bbox 436 3041 589 3083; x_wconf 89' lang='lat' dir='ltr'>desuper</span> <span class='ocrx_word' id='word_1_541' title='bbox 615 3048 717 3071; x_wconf 85' lang='lat' dir='ltr'>sacro</span> <span class='ocrx_word' id='word_1_542' title='bbox 744 3034 899 3069; x_wconf 79' lang='lat' dir='ltr'>vestitu“</span> <span class='ocrx_word' id='word_1_543' title='bbox 930 3032 1164 3066; x_wconf 86' lang='lat' dir='ltr'>induerentur</span> <span class='ocrx_word' id='word_1_544' title='bbox 1192 3027 1276 3070; x_wconf 84' lang='lat' dir='ltr'>(Tit.</span> <span class='ocrx_word' id='word_1_545' title='bbox 1297 3025 1356 3065; x_wconf 77' lang='lat' dir='ltr'>Vl,</span> <span class='ocrx_word' id='word_1_546' title='bbox 1383 3036 1412 3058; x_wconf 89' lang='lat' dir='ltr'>c.</span> <span class='ocrx_word' id='word_1_547' title='bbox 1441 3023 1470 3059; x_wconf 90' lang='lat'>1.</span> <span class='ocrx_word' id='word_1_548' title='bbox 1498 3033 1531 3056; x_wconf 91' lang='grc'>11.</span> <span class='ocrx_word' id='word_1_549' title='bbox 1552 3020 1624 3063; x_wconf 96' lang='grc'>11).</span> <span class='ocrx_word' id='word_1_550' title='bbox 1663 3019 1702 3054; x_wconf 89' lang='grc' dir='ltr'>Ρ.</span> <span class='ocrx_word' id='word_1_551' title='bbox 1731 3020 1879 3053; x_wconf 73' lang='lat' dir='ltr'>Iacobus</span> 
     </span>
     <span class='ocr_line' id='line_1_52' title="bbox 122 3071 1877 3137; baseline -0.016 -5"><span class='ocrx_word' id='word_1_552' title='bbox 122 3099 264 3132; x_wconf 74' lang='lat' dir='ltr'>Gretser</span> <span class='ocrx_word' id='word_1_553' title='bbox 289 3096 323 3130; x_wconf 83' lang='lat' dir='ltr'>S.</span> <span class='ocrx_word' id='word_1_554' title='bbox 351 3095 383 3129; x_wconf 81' lang='lat' dir='ltr'>J.</span> <span class='ocrx_word' id='word_1_555' title='bbox 414 3090 696 3137; x_wconf 71' lang='lat'>(1562—1625),</span> <span class='ocrx_word' id='word_1_556' title='bbox 733 3088 793 3132; x_wconf 91' lang='lat' dir='ltr'>qui</span> <span class='ocrx_word' id='word_1_557' title='bbox 828 3087 873 3121; x_wconf 80' lang='lat'>26</span> <span class='ocrx_word' id='word_1_558' title='bbox 901 3096 1012 3120; x_wconf 86' lang='lat' dir='ltr'>annos</span> <span class='ocrx_word' id='word_1_559' title='bbox 1048 3084 1084 3117; x_wconf 86' lang='lat' dir='ltr'>in</span> <span class='ocrx_word' id='word_1_560' title='bbox 1112 3080 1349 3115; x_wconf 81' lang='lat' dir='ltr'>universitate</span> <span class='ocrx_word' id='word_1_561' title='bbox 1376 3073 1649 3119; x_wconf 88' lang='lat' dir='ltr'>ingolstadiensi</span> <span class='ocrx_word' id='word_1_562' title='bbox 1676 3071 1806 3108; x_wconf 85' lang='lat' dir='ltr'>docuit.</span> <span class='ocrx_word' id='word_1_563' title='bbox 1844 3071 1877 3105; x_wconf 86' lang='lat' dir='ltr'>in</span> 
     </span>
     <span class='ocr_line' id='line_1_53' title="bbox 118 3124 1879 3195; baseline -0.016 -10"><span class='ocrx_word' id='word_1_564' title='bbox 118 3161 223 3195; x_wconf 90' lang='lat' dir='ltr'>opere</span> <span class='ocrx_word' id='word_1_565' title='bbox 266 3148 335 3191; x_wconf 84' lang='lat' dir='ltr'>„De</span> <span class='ocrx_word' id='word_1_566' title='bbox 370 3148 495 3181; x_wconf 89' lang='lat' dir='ltr'>funere</span> <span class='ocrx_word' id='word_1_567' title='bbox 532 3143 736 3179; x_wconf 84' lang='lat' dir='ltr'>Christiano</span> <span class='ocrx_word' id='word_1_568' title='bbox 769 3139 865 3174; x_wconf 87' lang='lat' dir='ltr'>Libri</span> <span class='ocrx_word' id='word_1_569' title='bbox 900 3138 994 3173; x_wconf 83' lang='lat' dir='ltr'>tres“</span> <span class='ocrx_word' id='word_1_570' title='bbox 1029 3137 1067 3179; x_wconf 91' lang='lat' dir='ltr'>(l.</span> <span class='ocrx_word' id='word_1_571' title='bbox 1097 3136 1125 3172; x_wconf 84' lang='lat'>1.</span> <span class='ocrx_word' id='word_1_572' title='bbox 1159 3145 1188 3167; x_wconf 89' lang='lat' dir='ltr'>c.</span> <span class='ocrx_word' id='word_1_573' title='bbox 1216 3133 1265 3175; x_wconf 88' lang='grc'>6).</span> <span class='ocrx_word' id='word_1_574' title='bbox 1300 3130 1454 3175; x_wconf 86' lang='lat' dir='ltr'>primum</span> <span class='ocrx_word' id='word_1_575' title='bbox 1490 3139 1521 3162; x_wconf 89' lang='lat' dir='ltr'>a.</span> <span class='ocrx_word' id='word_1_576' title='bbox 1550 3127 1638 3162; x_wconf 88' lang='grc'>1611</span> <span class='ocrx_word' id='word_1_577' title='bbox 1667 3124 1879 3169; x_wconf 84' lang='lat' dir='ltr'>Ingolstadii</span> 
     </span>
     <span class='ocr_line' id='line_1_54' title="bbox 121 3177 1879 3244; baseline -0.016 -6"><span class='ocrx_word' id='word_1_578' title='bbox 121 3203 234 3238; x_wconf 87' lang='lat' dir='ltr'>edito:</span> <span class='ocrx_word' id='word_1_579' title='bbox 266 3199 489 3244; x_wconf 75' lang='lat' dir='ltr'>‚Germani&#39;‘,</span> <span class='ocrx_word' id='word_1_580' title='bbox 517 3196 643 3241; x_wconf 87' lang='lat' dir='ltr'>inquit.</span> <span class='ocrx_word' id='word_1_581' title='bbox 669 3194 898 3240; x_wconf 75' lang='lat' dir='ltr'>‚plerumque</span> <span class='ocrx_word' id='word_1_582' title='bbox 916 3192 1075 3225; x_wconf 86' lang='lat' dir='ltr'>mortuos</span> <span class='ocrx_word' id='word_1_583' title='bbox 1102 3186 1222 3221; x_wconf 83' lang='lat' dir='ltr'>linteis</span> <span class='ocrx_word' id='word_1_584' title='bbox 1247 3185 1419 3227; x_wconf 83' lang='lat' dir='ltr'>obtegunt</span> <span class='ocrx_word' id='word_1_585' title='bbox 1438 3181 1497 3215; x_wconf 83' lang='lat' dir='ltr'>vel</span> <span class='ocrx_word' id='word_1_586' title='bbox 1524 3181 1690 3219; x_wconf 85' lang='lat' dir='ltr'>insuunt;</span> <span class='ocrx_word' id='word_1_587' title='bbox 1718 3177 1879 3222; x_wconf 80' lang='lat' dir='ltr'>exceptis</span> 
     </span>
    </p>
   </div>
  </div>
 </body>
</html>
