2045 3471
181 200 267 241 816
656 191 750 226 Mon.
770 191 837 226 871
864 190 942 224 sive
967 188 1037 223 litt.
1060 187 1149 232 (20).
1189 185 1220 220 3.
1241 184 1339 229 Sept.
1358 182 1460 218 1566.

303 313 448 348 Librum
475 311 548 345 vidi
574 310 736 344 Tridenti
776 309 810 342 in
845 306 1062 342 bibliotheca
1097 304 1196 338 urbis
1232 305 1268 337 et
1302 299 1483 336 Monachii
1520 298 1555 332 in
1593 295 1810 331 bibliotheca
1846 293 1946 335 regia

188 366 350 410 (Catech.
371 366 460 409 79³).
503 365 601 398 Idem
628 364 749 397 exstat
774 361 1007 396 Vindobonae
1033 360 1069 393 in
1094 356 1311 392 bibliotheca
1336 353 1497 399 palatina
1514 351 1586 395 (18.
1605 350 1640 385 Ζ.
1656 349 1714 392 74)
1744 351 1780 382 et
1797 346 1947 381 Parisiis

184 420 222 454 in
247 418 464 454 bibliotheca
490 416 663 452 nationali
691 416 737 458 (D
756 416 798 449 27
814 415 913 457 754).
948 411 1174 457 Exemplum,
1201 408 1295 453 quod
1321 407 1404 441 olim
1431 407 1510 440 erat
1528 402 1670 446 collegii
1689 401 1723 436 S.
1740 401 1773 436 J.
1798 400 1947 435 brauns·

186 472 383 517 bergensis,
409 482 504 505 nunc
530 473 586 504 est
610 469 768 515 Upsalae
793 468 830 501 in
856 466 1073 501 bibliotheca
1096 461 1356 498 universitatis.

308 524 510 559 Editionem
536 523 655 569 posuit
681 522 789 556 etiam
817 519 1071 562 Sonznzervoffl
1096 517 1120 551 1.
1139 528 1168 551 c.
1188 516 1221 549 H
1249 515 1328 549 667.

190 640 291 677 871
317 641 395 676 sive
421 639 532 675 litt.
552 637 691 684 (20).
781 636 843 672 P.
882 630 1181 671 IOANNES
1220 628 1312 665 DE
1351 622 1694 666 POLANCO,
1736 619 1952 657 secretarius

382 693 574 728 Societatis
599 693 691 732 Iesu,
729 690 901 724 mandatu
936 688 970 722 S.
997 684 1248 721 FRANCISCl
1275 680 1497 722 BORGIAE,
1532 676 1728 724 praepositi
1763 672 1953 719 generalis,

382 748 422 781 P.
449 745 609 781 PAULO
637 743 859 779 HOFFAEO
888 743 921 777 S.
941 742 987 782 J.‚
1015 739 1158 782 collegii
1185 735 1410 772 monacensis
1437 731 1683 768 contionatori.

1366 788 1477 822 Roma
1505 787 1536 821 3.
1556 782 1776 830 Septembris
1805 780 1906 815 1566.

223 919 252 954 G
316 865 371 899 Ex
409 863 616 910 apographo
652 862 763 897 eiusd.
800 866 928 905 temp.;
968 860 1004 893 in
1043 856 1222 899 margine,
1261 854 1385 889 eadem
1424 863 1549 886 manu:
1594 849 1652 892 „R
1680 846 1793 882 Paulo
1820 843 1955 879 Offe0“.

201 948 215 963 ‚‚
256 930 341 953 erm.
369 919 433 953 65²
463 919 487 952 f.
518 918 594 951 179.

323 990 575 1029 Catechismum
602 988 802 1020 Romanum
835 985 945 1017 latine
978 984 1053 1015 iam
1087 991 1252 1014 eoecusum
1281 978 1447 1022 pontifex
1482 976 1564 1018 ipse,
1602 985 1642 1006 ne
1676 972 1762 1006 libri
1795 969 1958 1003 doctrina

200 1044 433 1086 adulteretur,
470 1044 509 1075 in>
544 1042 686 1084 linquas
720 1044 885 1072 eoeternas
918 1036 1119 1070 vertendam
1146 1037 1259 1067 curat.
1313 1030 1523 1064 Germanice
1557 1038 1633 1060 eum
1659 1026 1804 1059 reddere
1829 1024 1961 1057 Romae

202 1098 313 1140 coepit
338 1097 377 1130 P.
404 1096 590 1138 Rosefsius.
642 1094 710 1127 Sed
736 1093 822 1136 quta
848 1091 904 1123 hic
939 1092 978 1122 in
1008 1088 1240 1122 Germaniam
1270 1084 1521 1128 proficiscitur,
1557 1086 1586 1114 et
1621 1081 1707 1123 quta
1738 1076 1962 1121 yermanicas

202 1161 310 1184 aures
335 1150 505 1182 delicatas
531 1159 599 1181 esse
625 1153 653 1180 et
681 1147 872 1188 Hoffaemn
895 1143 1093 1186 qermam'ei
1118 1140 1291 1173 sermonis
1317 1137 1490 1180 eleyasntia
1519 1135 1650 1177 pollere
1676 1132 1878 1165 nuntiatum
1904 1131 1962 1170 est,

204 1205 293 1237 Pius
318 1204 355 1237 V.
382 1213 422 1235 ea
447 1203 488 1235 de
512 1213 551 1235 re
576 1201 740 1242 monitus,
769 1198 1023 1232 Catechismmn
1050 1195 1201 1237 Hoffaeo
1227 1192 1319 1225 mitti
1343 1190 1464 1232 voluit,
1499 1189 1561 1232 qni
1586 1198 1663 1221 eum
1688 1183 1964 1228 quamprimum,

203 1257 311 1291 salvis
335 1262 452 1289 tamen>
478 1254 698 1288 contionibus
721 1253 806 1294 sais,
842 1253 998 1283 verteret.
1053 1248 1219 1280 Canisius
1244 1256 1321 1278 eum
1348 1243 1480 1276 iuvabit
1505 1243 1568 1283 ita,
1603 1245 1641 1272 rut
1667 1248 1840 1271 censorem
1868 1239 1962 1278 ayat.

206 1310 328 1344 Versio
353 1310 401 1342 ad
424 1309 620 1351 pontificem
648 1307 815 1346 mittetur,
852 1303 914 1347 qui
939 1313 1015 1335 eam
1040 1301 1090 1333 vel
1115 1301 1249 1333 Romae
1282 1297 1332 1330 vel
1358 1296 1446 1328 alibi
1472 1293 1711 1327 ementiendam
1739 1290 1889 1333 curabit,
1928 1291 1965 1320 ut

209 1365 282 1397 sine
307 1362 550 1396 additionibus
575 1364 604 1393 et
630 1357 895 1399 mutationibus,
922 1366 1010 1398 quas
1035 1353 1204 1386 haeretici
1227 1353 1345 1394 facere
1369 1349 1490 1391 solent,
1516 1349 1554 1379 in
1581 1347 1690 1379 lucem
1711 1344 1874 1388 prodeat.

777 1442 864 1483 pax
896 1425 1058 1468 christi.

649 1501 783 1542 Molto
817 1496 1071 1540 Reuerendo
1102 1494 1146 1536 in
1180 1492 1341 1535 christo
1375 1490 1526 1533 Padre.

334 1576 402 1617 Ha
435 1574 583 1616 uoluto
617 1573 702 1614 Sua
736 1569 908 1613 Santita
940 1568 1004 1609 ch'
1028 1567 1058 1609 il
1091 1564 1353 1608 catechismo
1388 1562 1466 1604 che
1498 1561 1528 1603 il
1560 1574 1684 1602 sacro
1707 1557 1894 1601 Concilio
1928 1555 1971 1598 di

213 1642 389 1690 Trento,
424 1641 479 1681 ha
510 1639 689 1680 rimesso
723 1636 763 1678 al
798 1635 928 1688 Papa,
973 1636 1016 1675 et
1049 1632 1121 1685 gia
1153 1633 1223 1672 sta
1255 1630 1473 1682 stampato
1505 1626 1549 1667 in
1590 1625 1725 1667 latino
1757 1623 1800 1665 in
1833 1623 1971 1664 Roma

214 1721 291 1761 per
312 1705 447 1747 Paulo
479 1700 847 1745 manutiol.fossi
880 1698 1075 1741 tradotto
1109 1697 1152 1737 in
1183 1695 1330 1748 lingue
1362 1691 1589 1734 forestiere
1612 1693 1657 1732 et
1679 1689 1814 1732 anche
1837 1691 1971 1730 stam-

215 1774 331 1826 pato,
375 1770 490 1811 accio
524 1782 608 1809 non
640 1766 746 1808 fossi
779 1764 868 1807 cosi
900 1763 1051 1805 facile³
1083 1758 1328 1803 uoltandosi
1369 1760 1414 1800 et
1454 1754 1751 1809 stampandosi
1790 1753 1832 1794 in
1867 1752 1973 1794 Ger-

216 1835 360 1878 mania
392 1834 640 1876 adulterare
673 1831 715 1872 la
747 1830 900 1879 uerita,
935 1828 1049 1869 della
1081 1825 1275 1867 dottrina
1307 1822 1522 1865 catholica
1553 1820 1611 1862 iui
1644 1821 1890 1868 contenuta‚
1930 1818 1974 1858 et

215 1900 413 1943 hauendo
446 1897 702 1940 cominciato
734 1896 764 1937 il
790 1894 927 1937 Padre
951 1890 1190 1946 Gregorio2
1222 1892 1295 1943 qui
1326 1889 1368 1930 la
1399 1885 1698 1933 translatione,
1733 1898 1810 1938 per
1840 1882 1976 1924 andar

217 1969 245 2008 a
277 1963 513 2018 germania,
548 1962 603 2003 ha
633 1960 816 2004 lasciato
849 1959 876 2000 l’
900 1971 1032 2012 opera
1065 1954 1322 1998 cominciata
1347 1987 1356 1996 .
1379 1952 1417 1994 ci
1449 1952 1618 1993 haueua
1640 1949 1775 1991 anche
1806 1948 1975 1989 auisato

220 2032 247 2073 il
273 2031 318 2073 P.
344 2029 530 2082 Georgio
553 2026 764 2069 Scoriccio
778 2026 807 2075 3,
842 2024 920 2066 che
953 2036 1031 2077 per
1063 2034 1206 2063 essere
1230 2019 1414 2060 delicate
1445 2017 1486 2058 le
1508 2015 1679 2057 orechie
1701 2014 1753 2055 de
1781 2011 1976 2056 tedeschi

222 2097 336 2138 nella
377 2108 455 2136 sua
488 2093 647 2145 lingua,
691 2093 735 2132 et
776 2089 941 2143 grande
978 2088 1020 2129 la
1062 2085 1272 2128 difficulta
1313 2083 1356 2124 di
1396 2081 1560 2135 quella,
1603 2079 1784 2122 sarebbe
1824 2077 1896 2131 piu
1937 2076 1978 2117 al

221 2160 456 2215 proposito,
500 2158 577 2199 che
614 2157 662 2199 V.
696 2156 746 2197 R.
781 2153 939 2196 facessi
977 2152 1100 2194 detta
1131 2148 1433 2196 translatione,
1477 2160 1500 2187 ο
1534 2145 1703 2187 almeno
1743 2142 1894 2185 finisca
1934 2142 1978 2183 la

220 2227 294 2279 gia
326 2223 595 2273 cominciata‚
629 2225 673 2263 et
696 2220 876 2262 essendo
909 2217 1045 2259 anche
1067 2215 1121 2257 N.
1146 2215 1191 2257 P.
1207 2215 1223 2241 4
1245 2213 1477 2254 informato
1501 2224 1577 2264 per
1600 2210 1710 2252 altre
1742 2208 1810 2249 uie
1842 2206 1897 2248 ilb
1916 2204 1977 2260 [Ρ]

222 2292 334 2333 dono
376 2289 453 2330 che
496 2287 613 2329 Iddio
656 2286 708 2328 N.
744 2286 925 2337 Signore
966 2282 1022 2324 ha
1063 2293 1267 2322 concesso
1308 2277 1378 2319 nel
1420 2275 1631 2318 scriuere⁰
1668 2273 1857 2322 tedesco,
1899 2285 1979 2313 con

224 2356 369 2408 quella
401 2352 619 2406 elegantia
651 2351 728 2392 che
761 2344 1073 2400 chiedono⁶[‘?]
1104 2345 1135 2386 li
1167 2343 1343 2397 tempi5‚
1377 2342 1417 2383 lo
1451 2342 1506 2382 ha
1539 2341 1650 2382 fatto
1681 2338 1905 2380 intendere
1938 2336 1980 2378 al

228 2422 357 2474 Papa,
392 2421 436 2460 et
467 2418 495 2459 li
528 2418 583 2459 ha
616 2415 824 2470 piaciutto
858 2413 936 2455 che
968 2412 1004 2453 si
1036 2408 1255 2452 mandassi
1288 2407 1317 2448 il
1350 2407 1470 2448 detto
1494 2403 1756 2447 catechismo
1789 2404 1815 2444 a
1838 2402 1887 2444 V.
1913 2402 1978 2451 R„

227 2486 344 2527 accio
377 2486 539 2537 quanto
572 2482 710 2535 prima
741 2482 880 2533 petra,
920 2490 1049 2518 senza
1080 2474 1238 2517 lasciar
1269 2486 1372 2526 pero
1405 2471 1445 2512 le
1477 2483 1553 2512 sue
1585 2468 1798 2523 preffiche,
1843 2466 1982 2508 faccia

345 2572 374 2600 a)
396 2571 563 2601 Sequuntur
583 2571 597 2593 1
619 2568 662 2592 vel
681 2569 698 2591 2
718 2575 771 2597 vv„
790 2574 806 2590 α
828 2565 895 2589 libr.
915 2564 1081 2588 oblitterata
1102 2562 1154 2592 ita,
1181 2563 1211 2585 ut
1231 2560 1291 2584 iam
1310 2558 1366 2590 legi
1386 2566 1441 2582 non
1458 2557 1583 2588 possint.
1674 2554 1705 2586 b)
1726 2555 1773 2580 Sic
1797 2562 1864 2586 ap.;
1890 2554 1981 2578 corri-

225 2613 351 2644 gendum
371 2620 430 2636 esse
452 2611 567 2635 videtur
587 2608 628 2634 dil
649 2609 691 2632 vel
712 2607 768 2632 del.
854 2606 880 2637 c)
901 2605 1040 2636 Sequitur
1058 2602 1134 2633 itali,
1153 2610 1171 2626 α
1190 2602 1257 2626 libr.
1277 2600 1484 2625 oblitteratum.
1576 2595 1606 2627 d)
1646 2597 1706 2621 Hoc
1725 2597 1768 2620 vel
1787 2595 1912 2626 esigono
1940 2595 1983 2619 vel

228 2655 323 2678 simile
352 2661 376 2677 r.
393 2652 559 2684 ponendum
585 2653 626 2675 est
642 2657 699 2681 pro
719 2648 872 2678 scriuono,
892 2647 977 2679 quod,
996 2645 1102 2670 calami
1122 2643 1193 2668 vitio
1213 2642 1380 2673 manifesto,
1399 2641 1430 2664 in
1449 2647 1551 2671 apoqr.
1570 2641 1673 2663 exstat.

355 2762 361 2778 ¹
389 2757 638 2792 Catechismus
671 2756 706 2788 in
732 2765 836 2788 usum
863 2752 1097 2798 parochorum
1122 2762 1143 2784 a
1169 2749 1202 2783 S.
1230 2748 1293 2782 Pio
1311 2747 1354 2781 V.
1381 2758 1412 2781 a.
1443 2746 1532 2780 1566
1565 2745 1692 2785 editus,
1727 2755 1831 2787 quem
1863 2742 1985 2784 „Cate-

233 2812 407 2846 chismum
436 2810 653 2844 Ronian11n1“
685 2808 740 2841 vel
771 2806 1059 2849 „Tridentinum“
1090 2804 1239 2841 vocant;
1267 2800 1371 2845 plura
1397 2811 1431 2833 v,
1457 2809 1566 2843 supra
1591 2809 1623 2842 p.
1642 2796 1738 2831 3072.

353 2865 366 2884 ²
392 2862 588 2901 Roseffius;
616 2873 649 2895 V.
675 2871 785 2905 supra
810 2872 842 2904 p.
858 2859 937 2893 307.

356 2918 368 2936 ³
396 2917 433 2950 P.
470 2915 645 2957 Georgius
680 2912 925 2951 Schorichius,
963 2910 1067 2955 paulo
1106 2911 1188 2942 ante
1226 2909 1262 2941 in
1299 2906 1439 2940 Italiam
1475 2904 1649 2938 advectus
1684 2901 1887 2942 Monachio‚
1925 2901 1986 2934 ubi

238 2970 278 3004 P.
298 2969 430 3002 Paulus
449 2968 617 3002 Hoffaeus
635 2966 818 2999 contiones
836 2964 990 2998 habebat
1015 2965 1051 2996 et
1076 2962 1151 2995 fere
1177 2973 1197 2994 a
1223 2972 1267 2993 m.
1287 2959 1382 2993 Maio
1403 2958 1493 2992 1564
1519 2957 1562 2990 ad
1581 2955 1719 2989 Iunium
1736 2955 1825 2988 1566
1845 2953 1986 2996 collegii

238 3024 355 3055 rector
381 3022 498 3054 fuerat
527 3021 630 3061 (Can.
660 3018 706 3051 lV
734 3018 813 3056 518,
840 3020 875 3050 et
900 3027 1008 3060 supra
1034 3027 1067 3059 p.
1086 3014 1183 3057 206).

358 3076 369 3093 ⁴
397 3073 430 3107 S.
457 3073 669 3106 Franciscus
697 3071 845 3113 Borgias
871 3068 1097 3114 praepositus
1124 3065 1314 3110 generalis.

358 3127 371 3145 ⁵
399 3126 534 3159 Hoffaei
573 3123 856 3166 „Grijndtlicher,
883 3121 1037 3155 Wahrer
1072 3119 1217 3154 Bericht
1252 3130 1321 3151 von
1357 3115 1604 3150 Catholischer
1639 3112 1889 3148 Communion“
1920 3113 1987 3145 etc.

242 3179 420 3212 Monachii
447 3189 476 3211 a.
507 3178 595 3211 1565
622 3176 676 3209 bis
701 3186 856 3209 excusus
882 3176 978 3214 erat;
1005 3185 1039 3206 v.
1061 3174 1148 3206 Can.
1177 3171 1225 3204 IV
1250 3171 1318 3204 487
1347 3169 1413 3204 782
1441 3169 1518 3202 794.
