2045 3471
216 213 301 255 470
698 210 799 245 1443.
827 209 993 244 Oanisius
1020 209 1053 245 S.
1077 210 1266 245 Francisco
1293 210 1335 245 de
1361 210 1504 253 Borgia.

335 330 448 372 alter
488 329 615 371 alteri
648 328 953 372 Macheronica
994 329 1336 384 (spurcissimum
1376 329 1532 370 librum
1565 331 1609 371 et
1640 328 1833 383 poetam)
1866 328 1976 370 dono

219 395 410 445 dederat,
454 397 586 447 atque
628 407 684 436 ex
714 394 833 435 Vrbe
875 394 1129 448 deportarat
1143 395 1170 437 1.
1234 394 1328 447 Ego
1369 393 1526 435 librum
1559 393 1867 436 obscoenitatis
1908 406 1976 435 re-

216 459 377 501 fertum
419 458 593 509 abstuli,
636 472 730 500 cum
771 472 912 501 essem
944 458 1159 512 Dilingae,
1203 462 1247 502 et
1289 458 1412 513 cupio
1453 459 1749 509 uehementer,
1781 461 1831 500 vt
1870 457 1977 500 haec

217 523 432 567 amatoria
464 537 549 566 non
580 524 786 577 legantur
807 537 834 566 a
855 523 1015 566 nostris
1048 524 1226 575 Romae,
1261 523 1373 566 sicut
1394 522 1488 565 fieri
1509 525 1657 566 tamen
1678 523 1752 565 isti
1775 523 1978 565 dixerunt

216 588 499 631 recreationis
531 591 740 643 tempore,
775 588 928 642 quibus
961 602 1042 642 ego
1074 589 1200 630 fidem
1234 589 1339 630 dare
1371 588 1543 630 nollem.

335 653 453 697 Jtem
495 656 562 696 est
594 653 739 696 Jtalus
780 653 953 707 quidam
987 653 1232 708 Oeniponti,
1275 652 1346 707 qui
1387 653 1522 695 multo
1560 653 1645 695 iam
1687 656 1883 707 tempore
1924 652 1979 694 ad

219 732 315 760 eam
355 718 644 761 tentationem
677 718 900 769 relabitur,
934 720 984 760 vt
1014 720 1214 760 transeat
1255 719 1309 760 ad
1343 717 1677 760 Carthusianum
1717 717 1977 760 institutum.

218 784 298 826 Est
329 783 366 825 is
398 783 555 826 Petrus
587 782 793 825 Aretinus
827 782 1050 826 coadiutor
1081 782 1348 836 temporalis,
1390 783 1433 824 in
1472 782 1736 836 praestanda
1767 781 1980 836 superiori

217 848 474 898 obedientia,
509 850 554 890 et
585 848 794 890 fratribus
827 847 1040 890 charitate
1073 847 1258 889 difficilis
1291 861 1421 902 saepe
1433 848 1462 890 2.
1517 848 1580 889 De
1611 846 1692 889 hoc
1725 846 1857 889 etiam
1888 860 1980 888 mo—

216 913 308 968 neri
343 913 467 967 cupio
501 927 526 954 a
559 913 604 955 P.
629 913 678 955 T.

336 978 417 1020 Est
449 977 560 1019 alius
594 976 727 1019 etiam
759 977 987 1030 scrupulus
1019 976 1141 1018 nobis
1173 977 1356 1019 iniectus
1389 977 1441 1018 ob
1476 975 1695 1018 Pontificis
1727 975 1979 1030 prohibitio-

217 1056 328 1094 nem,
371 1057 424 1085 ne
463 1042 666 1084 mulieres
708 1041 974 1084 monasteria
1005 1042 1076 1083 uel
1109 1041 1257 1083 domos
1294 1041 1595 1095 religiosorum
1636 1040 1978 1094 ingrediantur3.

216 1107 440 1161 Reginae4
462 1109 650 1161 pergunt
672 1106 904 1160 Oeniponti
926 1106 1084 1156 facere,
1118 1108 1167 1148 ut
1188 1106 1319 1160 prius,
1352 1106 1396 1148 in
1417 1107 1542 1148 horto
1566 1109 1716 1149 nostro
1741 1105 1980 1148 inuisendo.

217 1172 380 1214 Putant
411 1172 549 1215 nostri
582 1172 837 1214 nominatim
869 1171 996 1214 isthic
1029 1185 1114 1212 non
1147 1171 1363 1213 recenseri
1394 1184 1534 1224 neque
1565 1170 1751 1223 intelligi
1773 1170 1978 1224 Regfflas,

217 1237 318 1289 quia
349 1237 398 1278 fit
430 1236 591 1279 mentio
623 1238 794 1279 tantum
828 1236 880 1278 de
913 1236 1119 1285 Duoissis,
1163 1235 1244 1277 nisi
1285 1236 1399 1278 forte
1432 1236 1510 1277 sub
1552 1235 1744 1289 generali
1787 1234 1980 1277 clausula

216 1304 426 1355 sequente
468 1301 901 1355 comprehendantur.
966 1301 1131 1343 Deinde
1173 1301 1219 1343 Ρ.
1243 1300 1417 1342 Natalis
1459 1300 1602 1342 dicere
1643 1300 1827 1351 uidetur,
1869 1300 1980 1342 hanc

218 1366 678 1409 excommunicationis
710 1366 972 1408 sententiam
1005 1366 1060 1408 ad
1101 1364 1367 1408 monasteria
1400 1368 1444 1408 et
1477 1365 1625 1407 domos
1666 1364 1980 1418 religiosorum,

217 1445 302 1473 non
333 1445 470 1485 aeque
511 1432 566 1474 ad
609 1431 793 1484 collegia
834 1434 986 1473 nostra
1028 1445 1073 1472 se
1116 1430 1352 1472 extendere
1366 1431 1394 1474 5.
1459 1430 1621 1484 Scripsi
1654 1430 1706 1472 de
1746 1429 1826 1472 1100
1859 1429 1980 1479 alias,

218 1553 494 1596 dimitterentur,
522 1554 566 1588 ad
594 1554 858 1588 matrimonium
885 1553 1078 1587 ineundum
1102 1553 1308 1595 „inhabiles
1335 1564 1376 1587 ac
1403 1555 1610 1587 contractus
1635 1552 1837 1586 huiusmodi
1863 1551 1981 1586 nullos

219 1609 255 1641 et
280 1607 401 1641 irritos
428 1608 527 1642 esse“
553 1608 725 1650 (Litterae
752 1607 969 1651 apostolicae
996 1608 1063 1640 etc.
1082 1606 1299 1649 236—237).
1336 1606 1404 1640 Sed
1430 1605 1497 1640 hoc
1524 1617 1564 1640 eo
1591 1606 1698 1640 etiam
1724 1608 1885 1650 tempore
1911 1617 1981 1639 om-

218 1660 300 1694 nino
328 1661 472 1705 planum
500 1664 709 1704 certumque
736 1663 832 1695 erat:
869 1660 989 1695 Simon
1015 1659 1085 1700 ille,
1112 1660 1143 1694 si
1169 1659 1264 1693 votis
1290 1671 1359 1693 non
1387 1659 1537 1700 solutus,
1564 1658 1831 1692 matrimonium
1857 1658 1979 1699 inibat,

219 1713 447 1756 sacrilegium
485 1714 715 1758 perpetrabat
750 1715 785 1747 et
812 1713 1039 1754 Societatem,
1077 1712 1133 1747 cui
1168 1724 1206 1746 se
1241 1712 1450 1753 tradiderat,
1489 1712 1620 1746 iniuria
1656 1711 1837 1746 afficiebat
1872 1714 1980 1756 atque

218 1766 313 1800 votis
339 1766 420 1807 illis,
457 1769 629 1810 quantum
655 1766 732 1800 fieri
758 1768 891 1811 posset,
927 1765 1116 1800 servandis
1142 1765 1251 1799 etiam
1277 1767 1364 1798 tunc
1389 1764 1636 1808 obligabatur:
1674 1764 1736 1805 ita,
1763 1766 1802 1798 ut
1828 1764 1870 1798 de
1896 1767 1980 1798 voto

219 1819 399 1867 castitatis
434 1822 628 1864 perpetuae
663 1819 896 1862 singulariter
932 1819 1058 1859 dicam,
1098 1819 1216 1852 debito
1244 1817 1423 1861 coniugali
1462 1820 1497 1851 et
1532 1817 1684 1862 petendo
1720 1820 1755 1851 et
1789 1817 1979 1859 reddendo,

219 1874 392 1917 quantum
418 1874 508 1907 citra
534 1872 657 1907 uxoris
683 1872 849 1906 iniuriam
876 1872 954 1906 fieri
980 1874 1112 1916 posset,
1139 1871 1330 1912 abstinere,
1357 1873 1393 1905 et
1411 1883 1502 1905 novo
1521 1882 1661 1914 quoque
1687 1870 1923 1912 matrimonio,
1950 1871 1980 1905 si

219 1926 312 1959 forte
347 1927 446 1970 prius
481 1926 567 1960 illud
604 1928 717 1959 morte
752 1925 876 1959 uxoris
903 1925 961 1959 vel
997 1924 1068 1958 alia
1103 1924 1240 1958 ratione
1275 1924 1432 1958 solutum
1464 1926 1570 1963 esset,
1609 1923 1790 1958 abstinere
1817 1924 1980 1963 debebat,

219 1978 288 2013 nisi
315 1978 533 2024 dispensatio
560 1978 723 2021 legitima
749 1978 954 2012 accedebat.

342 2035 350 2052 ¹
382 2031 693 2074 „Maccheronica“
732 2032 809 2066 sive
840 2031 1107 2073 „Macaronica“
1139 2030 1361 2064 vocabantur
1397 2030 1556 2075 satyrica
1583 2029 1757 2074 quaedam
1793 2032 1828 2063 et
1862 2029 1981 2064 iocosa

220 2085 389 2127 carmina,
417 2097 565 2129 quorum
592 2084 754 2118 latinitas
781 2084 901 2118 verbis
927 2083 1059 2118 italicis
1086 2084 1129 2117 ad
1156 2083 1340 2117 libidinem
1366 2083 1545 2128 permixta
1571 2084 1667 2123 erat;
1696 2083 1730 2116 in
1757 2094 1825 2126 quo
1851 2094 1981 2126 genere

219 2139 369 2183 poetico,
388 2138 532 2173 saeculo
545 2138 622 2172 XV.
637 2138 795 2179 invento,
814 2137 1033 2182 Theophilus
1047 2136 1226 2180 Folengus
1243 2136 1430 2180 (Folengo)
1450 2136 1696 2170 benedictinus
1712 2136 1977 2179 (1492—1544)

220 2192 352 2225 famam
379 2191 473 2226 haud
498 2191 549 2225 ita
575 2192 702 2225 bonam
730 2190 876 2234 collegit
905 2191 979 2234 (qui
1006 2192 1126 2224 tamen
1154 2192 1278 2234 postea
1304 2189 1348 2223 ad
1375 2189 1558 2223 meliorem
1584 2190 1724 2232 frugem
1742 2188 1884 2232 rediit);
1912 2188 1981 2223 for·

220 2248 319 2279 tasse
352 2245 464 2287 igitur
498 2244 725 2288 significatur
755 2243 874 2288 „Opus
901 2242 1043 2277 Merlini
1071 2242 1213 2288 Coccaji
1248 2242 1552 2277 maccaronicum“
1592 2253 1612 2276 a
1647 2241 1802 2285 Folengo
1828 2241 1981 2286 primum

221 2297 383 2332 Venetiis
402 2309 432 2332 a.
450 2298 540 2332 1519
560 2297 713 2338 editum3
743 2308 834 2340 quae
853 2296 960 2330 editio
980 2307 1066 2330 sane
1085 2308 1168 2330 suas
1186 2296 1342 2330 habebat
1360 2295 1623 2330 obscaenitates
1645 2295 1742 2339 (Gir.
1763 2295 1980 2339 Tirabosehi,

222 2351 338 2385 Storia
364 2351 458 2385 della
484 2350 713 2384 Letteratura
740 2350 888 2384 italiana
907 2349 1006 2391 V11³‚
1033 2349 1186 2383 Modena
1206 2349 1306 2389 1779,
1334 2349 1540 2389 2712—2743
1573 2350 1672 2382 Gz'us.
1691 2349 1811 2391 Firmi,
1838 2347 1981 2382 Lezioni

222 2404 255 2438 di
285 2404 402 2438 Storia
427 2404 522 2438 della
548 2404 776 2438 Letteratura
802 2403 952 2437 italiana
978 2403 1046 2443 11³,
1073 2402 1203 2436 Torino
1232 2402 1334 2444 1902,
1363 2402 1579 2444 162-163).

345 2457 358 2477 2
383 2457 424 2490 In
462 2458 659 2500 ᾖΟἰιιέαῑορο
698 2456 838 2499 collegii
877 2456 1104 2500 oenipontani
1144 2457 1297 2489 exeunte
1336 2466 1366 2489 a.
1406 2455 1495 2489 1566
1538 2455 1738 2498 conscripto
1781 2455 1982 2498 comparet:

230 2509 382 2552 „Petrus
400 2510 570 2544 Aretinus
589 2510 787 2550 etruscus“,
815 2509 954 2543 22—23
982 2520 1093 2543 annos
1119 2511 1244 2549 natus;
1272 2508 1303 2543 is
1328 2519 1359 2542 a.
1381 2508 1472 2541 1562
1498 2508 1532 2541 in
1553 2506 1767 2541 Societatem
1793 2506 1981 2547 admissus,

227 2575 272 2597 m.
300 2563 400 2597 Iunio
428 2563 585 2597 eiusdem
613 2563 694 2597 anni
721 2561 855 2596 Romae
882 2564 966 2596 vota
992 2564 1283 2606 nuncupaverat;
1326 2561 1420 2602 „fere
1446 2572 1587 2605 semper
1613 2560 1758 2594 functus
1785 2561 1839 2593 est
1865 2559 1982 2593 officio

222 2616 437 2661 promiconi“
468 2617 663 2660 eodemque
699 2627 792 2649 nunc
828 2627 967 2659 quoque
1002 2615 1166 2658 fungitur
1203 2613 1330 2657 (,GSC
1356 2614 1421 2648 66“
1454 2613 1479 2647 f.
1505 2612 1618 2656 414³).
1669 2613 1832 2646 Lanoius
1866 2615 1983 2646 rector

224 2669 376 2713 Borgiae
402 2669 601 2714 Oeniponte
630 2670 682 2703 11.
710 2668 800 2702 Iunii
829 2669 917 2702 1567
946 2668 1134 2702 *scribens
1170 2679 1251 2701 eum
1281 2666 1540 2709 „credenziario
1570 2666 1710 2699 nostro“
1744 2665 1981 2710 (praefectum

224 2722 419 2766 refectorii)
450 2725 556 2756 vocat
585 2722 645 2763 (ex
672 2724 829 2764 autogr.;
863 2720 924 2763 „G.
953 2721 1015 2765 Ep.
1035 2720 1140 2754 ww
1171 2720 1195 2754 f.
1225 2720 1342 2762 183b).

342 2776 354 2794 ³
380 2775 431 2808 De
457 2775 524 2809 hac
549 2774 604 2808 Pii
625 2774 666 2809 V.
694 2774 949 2809 constitutione
976 2774 1056 2807 vide
1082 2784 1191 2818 supra
1216 2785 1249 2817 p.
1277 2772 1474 2807 356—357.

344 2830 355 2847 ⁴¹
381 2828 599 2870 Magdalena
634 2830 670 2861 et
704 2827 843 2861 Helena
879 2826 1163 2866 archiducissae;
1200 2826 1340 2870 quibus,
1376 2825 1460 2869 quia
1486 2825 1724 2858 Romanorum
1752 2822 1980 2868 imperatoris

228 2879 454 2921 (Ferdinandi
490 2881 532 2924 Ι.)
569 2880 663 2914 filiae
700 2882 811 2921 erant,
848 2891 893 2913 ex
926 2879 1023 2913 illius
1056 2878 1186 2913 aetatis
1223 2878 1386 2912 instituto
1427 2876 1670 2920 „reginarmffl
1710 2878 1745 2910 et
1779 2888 1907 2910 nomen
1944 2877 1980 2909 et

225 2930 335 2965 honor
361 2933 595 2967 tribuebatur.

344 2986 356 3004 ⁵
393 2985 447 3019 Ita
486 2986 593 3019 etiam
638 2988 762 3030 postea
802 2986 978 3019 Emanuel
1015 2986 1211 3019 Rodericus
1245 2982 1286 3017 O.
1314 2983 1351 3018 F.
1378 2983 1426 3017 M.
1471 2982 1506 3015 in
1549 2980 1824 3024 „Quaestionum
1863 2981 1980 3024 Regu-

227 3035 355 3069 larium
390 3040 425 3070 et
452 3037 709 3072 Canonicarum
737 3038 846 3071 Tomo
881 3037 1012 3082 primo“
1053 3048 1073 3070 a
1108 3048 1147 3071 se
1183 3036 1296 3070 denuo
1331 3034 1515 3078 recognito
1551 3036 1586 3067 et
1619 3034 1792 3068 cardinali
1820 3033 1980 3068 Gaetano

228 3088 387 3122 dedicato
417 3089 594 3131 (Venetiis
623 3091 727 3134 1611)
766 3091 810 3124 ad
845 3090 938 3124 hanc
972 3090 1028 3123 Pii
1046 3089 1088 3124 V.
1127 3088 1418 3123 constitutionem
1454 3087 1613 3121 notavit:
1656 3086 1776 3129 „Quod
1815 3086 1874 3120 hio
1911 3097 1981 3120 non

227 3140 434 3184 prohibetur
459 3142 645 3184 ingressus
662 3143 891 3186 Reginarum,
911 3142 1193 3182 Princessarum,
1221 3144 1255 3175 et
1274 3141 1427 3174 filiarum
1446 3140 1596 3182 Regum.
1632 3138 1668 3173 Si
1696 3139 1789 3172 enim
1814 3138 1981 3172 Summus

229 3192 397 3226 Pontifex
423 3204 482 3227 eas
510 3194 807 3238 comprehendere
825 3195 937 3229 vellet
962 3195 1121 3239 ipsarum
1147 3194 1380 3234 meminisset,
1406 3192 1499 3226 sicut
1517 3192 1678 3225 meminit
1697 3191 1979 3232 Comitissarum,
