2045 3471
468 196 561 230 Mon.
582 194 650 230 784
676 196 754 230 sive
780 197 852 240 ing.
874 196 939 240 (1).
980 196 1142 231 Exeunte
1169 208 1215 231 m.
1234 196 1335 231 Febr.
1357 197 1459 231 1565.
1765 198 1848 240 715

85 312 248 354 fratres
290 315 463 356 nostros
503 313 888 356 Bartholomeum1
930 314 1119 357 Siculum
1164 317 1208 357 et
1251 315 1494 357 Joannem2
1535 315 1851 358 Treuirensem.

83 377 219 419 Jllum
251 377 425 430 quidem
459 379 572 431 quod
605 382 706 422 ante
739 379 906 432 aliquot
938 379 1031 421 dies
1062 379 1106 420 in
1138 379 1385 421 horrificum
1418 380 1632 432 quendam
1655 380 1850 422 morbum

83 441 320 492 incidisset,
364 441 437 495 qui
477 457 690 496 nusquam
731 444 892 487 rectius
925 458 1052 497 quam
1086 444 1131 485 in
1162 448 1264 485 aere
1301 444 1451 486 natiuo
1491 444 1631 486 curari
1666 458 1793 498 posse
1826 459 1851 486 a

84 506 264 548 Medicis
295 506 574 557 iudicaretur,
608 508 843 551 Adhibitae
865 509 977 550 enirn
1010 508 1079 551 hic
1100 508 1341 550 Medicinae
1364 508 1469 550 nihil
1501 510 1709 563 proficere
1731 509 1852 552 visae

84 574 200 615 sunt.
253 572 430 613 Morbus
464 576 610 614 autem
643 573 711 614 hic
745 576 825 623 est,
859 574 973 627 quod
1006 573 1244 615 horrendos
1268 573 1477 625 quosdam
1510 575 1722 616 clamores
1754 588 1848 616 sae-

83 637 260 690 pissime
292 637 424 687 aedit,
467 638 540 690 qui
573 638 628 679 ad
659 652 866 691 magnum
898 638 1092 693 spacium
1124 638 1370 688 audiuntur,
1414 639 1459 680 et
1491 638 1717 681 audientes
1749 652 1851 692 gra-

84 701 200 744 uiter
230 702 486 756 percellunt,
520 716 599 744 nec
622 702 714 744 sine
746 703 937 757 periculo
961 702 1257 744 suffocationis
1288 706 1533 756 temperare
1566 703 1647 745 sibi
1680 703 1733 745 ab
1765 703 1850 745 illis

84 768 245 820 potest,
279 766 500 820 Originem
533 766 695 809 habere
727 770 939 822 putantur
962 782 1015 809 ex
1049 767 1316 809 abundantia
1338 767 1637 809 melancholici
1659 767 1850 809 humoris

84 831 156 884 qui
189 831 232 872 in
265 831 338 873 illo
370 832 738 886 praedominatur.
802 832 902 874 Non
933 833 1021 874 fert
1054 833 1187 874 vllam
1220 832 1274 873 ad
1308 831 1553 886 spiritualia
1585 833 1740 874 seriam
1776 846 1849 886 ap-

83 895 374 950 plicationem,
410 897 522 938 vnde
563 911 643 939 nec
676 911 815 946 orare,
858 911 937 939 nec
970 897 1106 939 sacris
1143 897 1369 946 interesse,
1412 910 1491 938 nec
1534 896 1850 939 communicare

83 975 181 1003 cum
213 961 309 1015 alijs
341 964 501 1016 potest,
543 962 671 1004 fortis
712 962 873 1015 alioqui
906 976 1085 1016 corpore
1117 965 1198 1012 est,
1242 964 1287 1004 et
1328 961 1517 1015 optimae
1559 961 1850 1004 conscientiae

83 1026 236 1077 frater,
277 1027 377 1068 boni
411 1027 541 1070 etiam
584 1027 744 1082 ingenij
779 1031 824 1070 et
856 1027 1136 1069 concionandi
1176 1027 1345 1069 talento
1383 1027 1618 1080 praeditus
1662 1026 1848 1080 logicam

83 1091 152 1133 hic
184 1091 334 1133 audire
366 1095 583 1146 coeperat,
617 1095 661 1134 et
692 1106 797 1146 prae
830 1092 1016 1135 caeteris
1047 1092 1313 1146 proficiebat.
1367 1092 1580 1133 Joannem
1614 1105 1719 1133 vero
1743 1091 1848 1133 Tre-

83 1156 297 1199 uirensem
331 1157 652 1210 adiungendum
684 1160 894 1212 putarunt
926 1157 1123 1211 primum,
1167 1159 1216 1199 vt
1248 1156 1410 1198 socium
1443 1157 1624 1198 haberet
1655 1156 1848 1198 infirmus

83 1221 236 1272 stater,
279 1222 432 1264 deinde
465 1225 514 1264 vt
554 1222 760 1264 maiorem
800 1222 843 1264 in
876 1222 1013 1264 Jtalia
1053 1235 1203 1276 pacem
1237 1225 1281 1264 et
1313 1221 1444 1263 animi
1477 1221 1664 1274 quietem
1698 1235 1849 1263 conse-

83 1289 303 1339 queretur,
346 1287 428 1329 Hic
470 1287 581 1329 enim
624 1287 667 1328 in
707 1287 846 1330 tribus
879 1287 1094 1341 ColIegijs,
1137 1287 1181 1328 in
1223 1286 1376 1339 quibus
1409 1286 1611 1328 diuturno
1652 1289 1848 1340 tempore

85 1351 209 1402 vixit,
254 1351 537 1395 difficultates
579 1366 751 1406 semper
792 1366 974 1405 magnas
1015 1365 1168 1406 passus
1211 1354 1278 1393 est
1318 1350 1360 1392 in
1403 1350 1672 1401 obedientia,
1715 1350 1848 1394 habet

83 1416 196 1458 enim
229 1420 431 1460 naturam
465 1417 573 1460 satis
606 1417 838 1467 difficilem,
872 1420 917 1459 et
948 1416 1125 1458 nimium
1157 1416 1271 1459 forte
1303 1415 1384 1457 sibi
1412 1415 1717 1466 blandientem,
1751 1415 1848 1469 plus

82 1481 192 1524 satis
215 1481 346 1524 etiam
369 1482 524 1537 studijs
547 1483 737 1524 deditam
760 1485 805 1524 et
826 1481 868 1523 in
891 1481 1064 1536 proprio
1087 1495 1229 1531 sensu,
1253 1483 1302 1522 vt
1323 1480 1508 1529 videtur,
1540 1480 1845 1523 abundantem.

83 1546 287 1599 Logicam
330 1546 398 1589 hic
440 1547 590 1589 audire
623 1550 858 1601 coeperat.
896 1560 1136 1601 propensus
1177 1548 1245 1588 est
1288 1545 1342 1587 ad
1383 1545 1658 1587 humaniores
1698 1545 1849 1587 literas

83 1612 333 1654 tradendas.
397 1613 630 1666 Speramus
674 1615 818 1654 autem
862 1612 975 1665 quod
1015 1611 1167 1654 horum
1210 1609 1356 1652 missio
1397 1610 1680 1652 Reuerendae
1713 1610 1759 1653 P.
1783 1610 1846 1661 T„

82 1680 262 1731 propter
303 1677 443 1720 dictas
483 1678 568 1719 iam
611 1691 779 1728 causas,
821 1691 907 1719 non
947 1677 1122 1729 ingrata
1163 1675 1221 1718 sit
1257 1675 1419 1717 futura.
1575 1675 1633 1717 M.
1656 1675 1849 1717 Joannes

83 1741 333 1784 Dominicus
357 1778 365 1785 .
392 1777 400 1784 .
428 1778 434 1784 .
458 1743 645 1795 logicam
679 1745 724 1785 et
755 1756 958 1795 graecam
992 1741 1220 1783 lectionem
1252 1740 1295 1782 in
1318 1739 1605 1782 vniuersitate
1638 1739 1848 1782 hactenus

83 1820 179 1848 cum
211 1807 339 1849 laude
371 1808 571 1850 sustinet.
598 1843 604 1850 .
632 1844 639 1850 .
666 1843 674 1849 .
718 1807 817 1849 Non
850 1808 928 1849 abs
960 1820 1007 1848 re
1039 1809 1186 1848 tamen
1219 1808 1336 1847 esset
1378 1804 1578 1847 fortassis
1617 1805 1652 1846 si
1690 1818 1849 1857 graeca

83 1871 169 1914 ista
201 1872 330 1915 lectio
362 1872 406 1914 in
438 1872 777 1927 philosophicam
813 1873 943 1914 aliam
977 1885 1187 1913 consensu
1219 1869 1456 1924 principis3
1487 1872 1744 1920 mutaretur,
1787 1869 1848 1911 sic

82 1936 196 1978 enim
239 1951 389 1979 cursus
431 1937 639 1991 paulatim
682 1936 897 1980 introduci
937 1938 1099 1990 posset,
1142 1949 1267 1988 quem
1309 1935 1519 1976 hactenus
1555 1933 1790 1988 impetrare
1823 1947 1848 1976 a

85 2002 339 2044 Germanis²
371 2016 457 2044 non
488 2016 730 2056 possumus
773 2002 914 2043 minus
946 2001 1079 2044 etiam
1111 2014 1190 2041 nos
1222 1999 1399 2053 grauari
1432 1998 1691 2049 videremur,
1735 1998 1847 2051 quod

84 2066 256 2108 facilius
289 2067 346 2109 sit
377 2067 500 2108 nobis
542 2067 645 2109 dare
687 2068 844 2109 bonum
886 2065 1201 2120 philosophum,
1244 2078 1373 2117 quam
1414 2064 1585 2106 doctum
1629 2076 1846 2116 graecum,

85 2132 258 2184 qualem
298 2132 428 2174 lectio
470 2146 628 2185 graeca
668 2132 791 2174 nobis
834 2131 1095 2173 demandata
1127 2128 1322 2182 requirit.
1386 2129 1480 2170 Duo
1523 2128 1634 2170 enim
1672 2131 1774 2170 sunt
1805 2128 1848 2169 in

84 2196 321 2238 Academia
346 2197 616 2250 professores
638 2196 823 2250 graecib,
858 2209 1038 2249 quorum
1061 2195 1175 2237 alter
1196 2193 1524 2247 grammaticam
1549 2207 1643 2234 cum
1666 2193 1848 2235 authore

85 2260 271 2303 faciliori
303 2262 451 2311 tradit,
490 2265 535 2304 et
566 2262 635 2303 hic
668 2264 875 2304 externus
909 2263 997 2302 est:
1041 2260 1153 2303 alter
1194 2259 1419 2312 grauiores
1461 2258 1587 2300 docet
1629 2258 1847 2307 authores,

86 2330 131 2369 et
162 2326 232 2368 hic
263 2339 319 2368 ex
351 2326 512 2369 nostris
545 2329 624 2370 est.
669 2327 778 2368 Puto
802 2329 947 2368 autem
971 2340 1053 2367 non
1078 2324 1310 2366 difficulter
1332 2324 1442 2365 hanc
1466 2323 1847 2364 commutationem

86 2391 311 2445 impetrari
343 2405 470 2445 posse
495 2405 612 2444 :qua
652 2391 888 2445 impetrata
928 2404 1061 2445 penes
1102 2392 1275 2431 nostros
1317 2388 1401 2430 erit
1432 2387 1568 2430 totius
1605 2387 1772 2440 logicae
1805 2391 1849 2430 et

85 2456 291 2511 physicae
324 2456 641 2511 interpretatio,
677 2459 808 2509 atque
839 2456 902 2498 ita
933 2460 1025 2498 tam
1059 2454 1307 2497 domesticis
1339 2467 1466 2506 quam
1501 2453 1696 2495 externis
1729 2452 1849 2494 audi-

86 2522 254 2563 toribus
286 2521 447 2564 rectius
480 2522 742 2571 consuletur,
786 2535 896 2562 nunc
938 2520 1051 2562 enim
1092 2522 1272 2573 propter
1311 2518 1532 2560 confusam
1567 2517 1746 2559 docendi
1778 2531 1849 2558 ra—

85 2586 264 2637 tionem,
309 2600 436 2639 quam
479 2601 557 2628 nos
598 2589 768 2628 mutare
800 2599 883 2627 non
926 2598 1167 2639 possumuS,
1212 2584 1394 2637 exiguus
1436 2586 1504 2625 est
1545 2582 1849 2636 discipulorum

87 2652 323 2706 profectus.
376 2651 509 2694 Pater
538 2650 820 2693 Prouincialis
853 2651 906 2692 ab
940 2650 1019 2691 hac
1051 2663 1098 2691 re
1130 2663 1212 2691 non
1248 2648 1466 2697 abhorret,
1500 2647 1535 2688 si
1568 2647 1850 2689 Reuerendae

89 2717 135 2759 P.
159 2717 206 2759 T.
232 2730 327 2758 cum
351 2716 546 2758 Dominis
577 2715 774 2770 patronis
796 2715 1030 2758 tractanda
1052 2714 1267 2756 videatur.
1315 2713 1396 2754 Est
1419 2712 1591 2765 aliquod
1613 2712 1848 2765 periculum

88 2782 131 2823 in
164 2795 297 2832 mora,
340 2784 518 2835 propter
551 2780 819 2822 occasionem
863 2779 1092 2833 quandam,
1136 2791 1246 2831 quae
1288 2778 1368 2819 hoc
1411 2780 1604 2831 tempore
1645 2778 1691 2818 s'e
1727 2776 1850 2818 nobis

90 2847 217 2888 offert
230 2848 257 2888 4.
293 2881 301 2888 .
334 2881 339 2887 .
375 2881 382 2888 .
437 2846 518 2888 Est
559 2845 780 2887 nobiscum
821 2844 901 2886 hoc
941 2847 1136 2898 tempore
1177 2842 1456 2885 Reuerendus
1501 2856 1540 2895 p.
1574 2841 1850 2895 Prouincialis

208 2926 236 2958 a)
257 2927 292 2951 In
313 2930 373 2951 αιιί.
393 2926 527 2957 serluilm·
549 2926 675 2950 alterum
696 2925 869 2958 impetrare.
938 2923 967 2955 h)
990 2925 1023 2949 In
1044 2927 1103 2948 (tut.
1123 2924 1255 2955 sequitur
1276 2922 1304 2947 in
1326 2921 1499 2951 Academia,
1519 2931 1535 2946 (ι
1558 2923 1585 2947 C.
1607 2922 1695 2946 uldin.

214 3023 222 3042 ¹
249 3022 451 3055 Vallonum.
598 3021 610 3040 ‘³
637 3020 910 3054 Gutschalcum.
960 3018 1012 3052 De
1039 3018 1095 3051 liis
1122 3017 1258 3052 duobus
1285 3018 1366 3051 vide
1393 3029 1501 3061 supra
1529 3029 1561 3062 p.
1581 3016 1720 3051 32—33
1746 3017 1802 3050 58.

211 3076 224 3095 ³
250 3074 387 3108 Alberti
408 3074 449 3108 V.
484 3074 660 3108 Bavariae
687 3073 798 3108 ducis.

211 3130 223 3148 ⁴
250 3127 484 3162 Sebastianus
511 3126 706 3161 Reisacher
732 3125 980 3171 philosophiae
1008 3125 1189 3169 professor
1215 3124 1332 3158 officio
1359 3135 1397 3157 se
1424 3123 1672 3157 abdicaverat:
1708 3135 1739 3156 v.
1763 3124 1851 3156 Can.

93 3179 142 3213 IV
168 3181 236 3214 542
246 3182 259 3201 ⁹
285 3180 363 3215 585.
