<?xml version="1.0" encoding="UTF-8"?>
<!DOCTYPE html PUBLIC "-//W3C//DTD XHTML 1.0 Transitional//EN"
    "http://www.w3.org/TR/xhtml1/DTD/xhtml1-transitional.dtd">
<html xmlns="http://www.w3.org/1999/xhtml" xml:lang="en" lang="en">
 <head>
  <title>
</title>
<meta http-equiv="Content-Type" content="text/html;charset=utf-8" />
  <meta name='ocr-system' content='tesseract 3.04.00' />
  <meta name='ocr-capabilities' content='ocr_page ocr_carea ocr_par ocr_line ocrx_word'/>
</head>
<body>
  <div class='ocr_page' id='page_1' title='image "beatipetricanisi05cani_0771.png"; bbox 0 0 2045 3471; ppageno 0'>
   <div class='ocr_carea' id='block_1_1' title="bbox 527 189 1853 234">
    <p class='ocr_par' dir='ltr' id='par_1_1' title="bbox 527 189 1853 234">
     <span class='ocr_line' id='line_1_1' title="bbox 527 189 1853 234; baseline 0.002 -10"><span class='ocrx_word' id='word_1_1' title='bbox 527 189 622 224; x_wconf 90' lang='lat' dir='ltr'>Mon.</span> <span class='ocrx_word' id='word_1_2' title='bbox 643 190 711 224; x_wconf 97' lang='lat'>754</span> <span class='ocrx_word' id='word_1_3' title='bbox 736 190 814 224; x_wconf 90' lang='lat' dir='ltr'>sive</span> <span class='ocrx_word' id='word_1_4' title='bbox 840 201 950 234; x_wconf 88' lang='lat' dir='ltr'>germ.</span> <span class='ocrx_word' id='word_1_5' title='bbox 969 190 993 225; x_wconf 94' lang='grc'>1.</span> <span class='ocrx_word' id='word_1_6' title='bbox 1016 191 1107 234; x_wconf 80' lang='grc'>(29).</span> <span class='ocrx_word' id='word_1_7' title='bbox 1150 192 1204 226; x_wconf 89' lang='grc'>14.</span> <span class='ocrx_word' id='word_1_8' title='bbox 1223 191 1297 226; x_wconf 87' lang='lat' dir='ltr'>Ian.</span> <span class='ocrx_word' id='word_1_9' title='bbox 1318 191 1419 226; x_wconf 88' lang='lat'>1566.</span> <span class='ocrx_word' id='word_1_10' title='bbox 1769 194 1853 234; x_wconf 83' lang='grc'>683</span> 
     </span>
    </p>
   </div>
   <div class='ocr_carea' id='block_1_2' title="bbox 89 306 1855 3059">
    <p class='ocr_par' dir='ltr' id='par_1_2' title="bbox 89 306 1855 3059">
     <span class='ocr_line' id='line_1_2' title="bbox 93 306 1854 354; baseline 0.002 -14"><span class='ocrx_word' id='word_1_11' title='bbox 93 306 261 352; x_wconf 88' lang='lat' dir='ltr'>profiteri.</span> <span class='ocrx_word' id='word_1_12' title='bbox 298 307 377 340; x_wconf 87' lang='lat' dir='ltr'>VH.</span> <span class='ocrx_word' id='word_1_13' title='bbox 396 306 583 341; x_wconf 85' lang='lat' dir='ltr'>Postremo</span> <span class='ocrx_word' id='word_1_14' title='bbox 609 319 652 342; x_wconf 91' lang='lat' dir='ltr'>ne</span> <span class='ocrx_word' id='word_1_15' title='bbox 679 308 891 348; x_wconf 88' lang='lat' dir='ltr'>sacerdotia,</span> <span class='ocrx_word' id='word_1_16' title='bbox 918 319 1009 352; x_wconf 88' lang='lat' dir='ltr'>quae</span> <span class='ocrx_word' id='word_1_17' title='bbox 1035 309 1206 343; x_wconf 87' lang='lat' dir='ltr'>beneficio</span> <span class='ocrx_word' id='word_1_18' title='bbox 1232 309 1380 354; x_wconf 90' lang='lat' dir='ltr'>iureque</span> <span class='ocrx_word' id='word_1_19' title='bbox 1406 320 1471 343; x_wconf 93' lang='lat' dir='ltr'>suo</span> <span class='ocrx_word' id='word_1_20' title='bbox 1497 309 1667 343; x_wconf 75' lang='lat' dir='ltr'><strong>Pontifex</strong></span> <span class='ocrx_word' id='word_1_21' title='bbox 1692 310 1854 343; x_wconf 86' lang='lat' dir='ltr'>conferre</span> 
     </span>
     <span class='ocr_line' id='line_1_3' title="bbox 91 359 1854 407; baseline 0.002 -14"><span class='ocrx_word' id='word_1_22' title='bbox 91 359 234 401; x_wconf 87' lang='lat' dir='ltr'>soleret,</span> <span class='ocrx_word' id='word_1_23' title='bbox 270 359 438 403; x_wconf 84' lang='lat' dir='ltr'>cuiquam</span> <span class='ocrx_word' id='word_1_24' title='bbox 463 360 747 403; x_wconf 78' lang='lat' dir='ltr'>assignarentur,</span> <span class='ocrx_word' id='word_1_25' title='bbox 785 362 843 404; x_wconf 91' lang='lat' dir='ltr'>qui</span> <span class='ocrx_word' id='word_1_26' title='bbox 871 373 916 395; x_wconf 85' lang='lat' dir='ltr'>ex</span> <span class='ocrx_word' id='word_1_27' title='bbox 942 362 1164 406; x_wconf 85' lang='lat' dir='ltr'>praescripto</span> <span class='ocrx_word' id='word_1_28' title='bbox 1191 362 1387 402; x_wconf 86' lang='lat' dir='ltr'>Pontificis,</span> <span class='ocrx_word' id='word_1_29' title='bbox 1418 362 1611 407; x_wconf 86' lang='lat' dir='ltr'>legumque</span> <span class='ocrx_word' id='word_1_30' title='bbox 1638 362 1854 396; x_wconf 90' lang='lat' dir='ltr'>auctoritate</span> 
     </span>
     <span class='ocr_line' id='line_1_4' title="bbox 93 412 1853 460; baseline 0.001 -13"><span class='ocrx_word' id='word_1_31' title='bbox 93 413 219 447; x_wconf 90' lang='lat' dir='ltr'>docere</span> <span class='ocrx_word' id='word_1_32' title='bbox 236 412 357 455; x_wconf 89' lang='lat' dir='ltr'>nollet,</span> <span class='ocrx_word' id='word_1_33' title='bbox 385 415 421 446; x_wconf 84' lang='lat' dir='ltr'>et</span> <span class='ocrx_word' id='word_1_34' title='bbox 438 414 491 447; x_wconf 91' lang='lat' dir='ltr'>vti</span> <span class='ocrx_word' id='word_1_35' title='bbox 517 413 798 457; x_wconf 89' lang='lat' dir='ltr'>praelectionum</span> <span class='ocrx_word' id='word_1_36' title='bbox 825 414 1178 459; x_wconf 79' lang='lat' dir='ltr'>disputationumque</span> <span class='ocrx_word' id='word_1_37' title='bbox 1196 415 1430 460; x_wconf 86' lang='lat' dir='ltr'>publicarum,</span> <span class='ocrx_word' id='word_1_38' title='bbox 1458 416 1668 460; x_wconf 88' lang='lat' dir='ltr'>praesertim</span> <span class='ocrx_word' id='word_1_39' title='bbox 1694 415 1729 448; x_wconf 93' lang='lat' dir='ltr'>in</span> <span class='ocrx_word' id='word_1_40' title='bbox 1740 415 1853 449; x_wconf 88' lang='lat' dir='ltr'>Theo-</span> 
     </span>
     <span class='ocr_line' id='line_1_5' title="bbox 93 465 1853 512; baseline 0.001 -12"><span class='ocrx_word' id='word_1_41' title='bbox 93 466 220 510; x_wconf 87' lang='lat' dir='ltr'>logicis</span> <span class='ocrx_word' id='word_1_42' title='bbox 245 466 358 500; x_wconf 90' lang='lat' dir='ltr'>maior</span> <span class='ocrx_word' id='word_1_43' title='bbox 384 466 475 500; x_wconf 88' lang='lat' dir='ltr'>ratio</span> <span class='ocrx_word' id='word_1_44' title='bbox 502 465 706 502; x_wconf 86' lang='lat' dir='ltr'>haberetur.</span> <span class='ocrx_word' id='word_1_45' title='bbox 740 467 806 501; x_wconf 88' lang='lat' dir='ltr'>His</span> <span class='ocrx_word' id='word_1_46' title='bbox 833 468 998 510; x_wconf 80' lang='lat' dir='ltr'>cognitis,</span> <span class='ocrx_word' id='word_1_47' title='bbox 1026 480 1105 502; x_wconf 89' lang='lat' dir='ltr'>cum</span> <span class='ocrx_word' id='word_1_48' title='bbox 1126 468 1341 510; x_wconf 84' lang='lat' dir='ltr'>Academici,</span> <span class='ocrx_word' id='word_1_49' title='bbox 1360 469 1589 512; x_wconf 86' lang='lat' dir='ltr'>vrbanusque</span> <span class='ocrx_word' id='word_1_50' title='bbox 1615 469 1853 512; x_wconf 82' lang='lat' dir='ltr'>Magistratus</span> 
     </span>
     <span class='ocr_line' id='line_1_6' title="bbox 93 519 1852 566; baseline 0.001 -13"><span class='ocrx_word' id='word_1_51' title='bbox 93 519 301 563; x_wconf 83' lang='lat' dir='ltr'>frequentes</span> <span class='ocrx_word' id='word_1_52' title='bbox 326 519 362 553; x_wconf 88' lang='lat' dir='ltr'>in</span> <span class='ocrx_word' id='word_1_53' title='bbox 381 519 578 553; x_wconf 86' lang='lat' dir='ltr'>Consilium</span> <span class='ocrx_word' id='word_1_54' title='bbox 605 520 766 561; x_wconf 82' lang='lat' dir='ltr'>inissent,</span> <span class='ocrx_word' id='word_1_55' title='bbox 793 520 888 554; x_wconf 90' lang='lat' dir='ltr'>inter</span> <span class='ocrx_word' id='word_1_56' title='bbox 914 532 952 554; x_wconf 89' lang='lat' dir='ltr'>se</span> <span class='ocrx_word' id='word_1_57' title='bbox 979 521 1156 561; x_wconf 90' lang='lat' dir='ltr'>collocuti,</span> <span class='ocrx_word' id='word_1_58' title='bbox 1177 521 1319 555; x_wconf 88' lang='lat' dir='ltr'>Canisio</span> <span class='ocrx_word' id='word_1_59' title='bbox 1339 523 1379 555; x_wconf 89' lang='lat' dir='ltr'>vt</span> <span class='ocrx_word' id='word_1_60' title='bbox 1403 521 1628 555; x_wconf 88' lang='lat' dir='ltr'>internuncio</span> <span class='ocrx_word' id='word_1_61' title='bbox 1647 521 1852 566; x_wconf 89' lang='lat' dir='ltr'>Apostolico</span> 
     </span>
     <span class='ocr_line' id='line_1_7' title="bbox 93 572 1853 619; baseline 0.002 -14"><span class='ocrx_word' id='word_1_62' title='bbox 93 572 247 617; x_wconf 89' lang='lat' dir='ltr'>primum</span> <span class='ocrx_word' id='word_1_63' title='bbox 281 572 420 616; x_wconf 84' lang='lat' dir='ltr'>gratias</span> <span class='ocrx_word' id='word_1_64' title='bbox 456 575 609 615; x_wconf 89' lang='lat' dir='ltr'>egerunt</span> <span class='ocrx_word' id='word_1_65' title='bbox 643 573 686 606; x_wconf 91' lang='lat' dir='ltr'>de</span> <span class='ocrx_word' id='word_1_66' title='bbox 720 573 853 614; x_wconf 87' lang='lat' dir='ltr'>labore,</span> <span class='ocrx_word' id='word_1_67' title='bbox 889 585 1009 607; x_wconf 84' lang='lat' dir='ltr'>eorum</span> <span class='ocrx_word' id='word_1_68' title='bbox 1045 574 1163 617; x_wconf 88' lang='lat' dir='ltr'>gratia</span> <span class='ocrx_word' id='word_1_69' title='bbox 1194 577 1380 619; x_wconf 84' lang='lat' dir='ltr'>suscepto;</span> <span class='ocrx_word' id='word_1_70' title='bbox 1419 574 1545 608; x_wconf 89' lang='lat' dir='ltr'>deinde</span> <span class='ocrx_word' id='word_1_71' title='bbox 1571 574 1709 619; x_wconf 82' lang='lat' dir='ltr'>prolixe</span> <span class='ocrx_word' id='word_1_72' title='bbox 1735 575 1853 609; x_wconf 86' lang='lat' dir='ltr'>onmia</span> 
     </span>
     <span class='ocr_line' id='line_1_8' title="bbox 92 625 1852 672; baseline 0.002 -13"><span class='ocrx_word' id='word_1_73' title='bbox 92 625 335 670; x_wconf 87' lang='lat' dir='ltr'>promiserunt</span> <span class='ocrx_word' id='word_1_74' title='bbox 360 625 530 666; x_wconf 87' lang='lat' dir='ltr'>facturos,</span> <span class='ocrx_word' id='word_1_75' title='bbox 557 637 709 670; x_wconf 82' lang='lat' dir='ltr'>seseque</span> <span class='ocrx_word' id='word_1_76' title='bbox 736 626 770 660; x_wconf 90' lang='lat' dir='ltr'>in</span> <span class='ocrx_word' id='word_1_77' title='bbox 799 627 1014 661; x_wconf 88' lang='lat' dir='ltr'>auctoritate</span> <span class='ocrx_word' id='word_1_78' title='bbox 1033 627 1230 669; x_wconf 89' lang='lat' dir='ltr'>Pontificis,</span> <span class='ocrx_word' id='word_1_79' title='bbox 1248 628 1301 662; x_wconf 87' lang='lat' dir='ltr'>vti</span> <span class='ocrx_word' id='word_1_80' title='bbox 1328 639 1469 672; x_wconf 88' lang='lat' dir='ltr'>semper</span> <span class='ocrx_word' id='word_1_81' title='bbox 1494 629 1577 662; x_wconf 91' lang='lat' dir='ltr'>ante</span> <span class='ocrx_word' id='word_1_82' title='bbox 1596 627 1663 662; x_wconf 91' lang='lat' dir='ltr'>hac</span> <span class='ocrx_word' id='word_1_83' title='bbox 1689 628 1852 667; x_wconf 83' lang='lat' dir='ltr'>fuissent,</span> 
     </span>
     <span class='ocr_line' id='line_1_9' title="bbox 93 679 1852 724; baseline 0.001 -12"><span class='ocrx_word' id='word_1_84' title='bbox 93 679 127 712; x_wconf 90' lang='lat' dir='ltr'>in</span> <span class='ocrx_word' id='word_1_85' title='bbox 154 680 337 723; x_wconf 89' lang='lat' dir='ltr'>posterum</span> <span class='ocrx_word' id='word_1_86' title='bbox 363 679 516 720; x_wconf 89' lang='lat' dir='ltr'>futuros,</span> <span class='ocrx_word' id='word_1_87' title='bbox 542 679 775 723; x_wconf 88' lang='lat' dir='ltr'>omnibusque</span> <span class='ocrx_word' id='word_1_88' title='bbox 794 681 870 714; x_wconf 88' lang='lat' dir='ltr'>eius</span> <span class='ocrx_word' id='word_1_89' title='bbox 889 681 1068 714; x_wconf 86' lang='lat' dir='ltr'>mandatis</span> <span class='ocrx_word' id='word_1_90' title='bbox 1087 681 1401 715; x_wconf 87' lang='lat' dir='ltr'>obsecundaturos.</span> <span class='ocrx_word' id='word_1_91' title='bbox 1440 681 1594 714; x_wconf 88' lang='lat' dir='ltr'>Multum</span> <span class='ocrx_word' id='word_1_92' title='bbox 1613 681 1701 715; x_wconf 89' lang='lat' dir='ltr'>haec</span> <span class='ocrx_word' id='word_1_93' title='bbox 1718 681 1852 724; x_wconf 90' lang='lat' dir='ltr'>legatio</span> 
     </span>
     <span class='ocr_line' id='line_1_10' title="bbox 94 731 1852 778; baseline 0.001 -12"><span class='ocrx_word' id='word_1_94' title='bbox 94 731 228 777; x_wconf 87' lang='lat' dir='ltr'>Canisij</span> <span class='ocrx_word' id='word_1_95' title='bbox 255 732 389 776; x_wconf 89' lang='lat' dir='ltr'>profuit</span> <span class='ocrx_word' id='word_1_96' title='bbox 408 732 586 773; x_wconf 86' lang='lat' dir='ltr'>Coloniae,</span> <span class='ocrx_word' id='word_1_97' title='bbox 612 732 647 765; x_wconf 89' lang='lat' dir='ltr'>in</span> <span class='ocrx_word' id='word_1_98' title='bbox 675 733 773 766; x_wconf 83' lang='lat' dir='ltr'>auita</span> <span class='ocrx_word' id='word_1_99' title='bbox 799 733 934 777; x_wconf 88' lang='lat' dir='ltr'>pietate</span> <span class='ocrx_word' id='word_1_100' title='bbox 960 734 1218 778; x_wconf 87' lang='lat' dir='ltr'>perseueranti,</span> <span class='ocrx_word' id='word_1_101' title='bbox 1245 734 1462 778; x_wconf 86' lang='lat' dir='ltr'>prodestque</span> <span class='ocrx_word' id='word_1_102' title='bbox 1488 733 1603 768; x_wconf 91' lang='lat' dir='ltr'>hodie.</span> <span class='ocrx_word' id='word_1_103' title='bbox 1643 734 1755 768; x_wconf 88' lang='lat' dir='ltr'>Erant</span> <span class='ocrx_word' id='word_1_104' title='bbox 1780 734 1852 773; x_wconf 89' lang='lat' dir='ltr'>illa,</span> 
     </span>
     <span class='ocr_line' id='line_1_11' title="bbox 92 785 1851 831; baseline 0.001 -13"><span class='ocrx_word' id='word_1_105' title='bbox 92 796 184 829; x_wconf 87' lang='lat' dir='ltr'>quae</span> <span class='ocrx_word' id='word_1_106' title='bbox 210 786 387 830; x_wconf 82' lang='lat' dir='ltr'>exposuit,</span> <span class='ocrx_word' id='word_1_107' title='bbox 423 785 533 819; x_wconf 87' lang='lat' dir='ltr'>etiam</span> <span class='ocrx_word' id='word_1_108' title='bbox 567 785 710 829; x_wconf 89' lang='lat' dir='ltr'>publica</span> <span class='ocrx_word' id='word_1_109' title='bbox 736 785 964 820; x_wconf 88' lang='lat' dir='ltr'>Notariorum</span> <span class='ocrx_word' id='word_1_110' title='bbox 991 786 1232 820; x_wconf 86' lang='lat' dir='ltr'>Romanorum</span> <span class='ocrx_word' id='word_1_111' title='bbox 1268 788 1483 821; x_wconf 87' lang='lat' dir='ltr'>auctoritate</span> <span class='ocrx_word' id='word_1_112' title='bbox 1512 787 1667 830; x_wconf 86' lang='lat' dir='ltr'>signata,</span> <span class='ocrx_word' id='word_1_113' title='bbox 1702 798 1851 831; x_wconf 89' lang='lat' dir='ltr'>quorum</span> 
     </span>
     <span class='ocr_line' id='line_1_12' title="bbox 92 837 1778 884; baseline 0.001 -12"><span class='ocrx_word' id='word_1_114' title='bbox 92 840 174 883; x_wconf 89' lang='lat' dir='ltr'>post</span> <span class='ocrx_word' id='word_1_115' title='bbox 199 837 461 872; x_wconf 84' lang='lat' dir='ltr'>defunctionem</span> <span class='ocrx_word' id='word_1_116' title='bbox 489 838 681 881; x_wconf 85' lang='lat' dir='ltr'>legationis</span> <span class='ocrx_word' id='word_1_117' title='bbox 708 838 874 873; x_wconf 88' lang='lat' dir='ltr'>Canisius</span> <span class='ocrx_word' id='word_1_118' title='bbox 900 839 968 873; x_wconf 91' lang='lat' dir='ltr'>duo</span> <span class='ocrx_word' id='word_1_119' title='bbox 994 840 1160 884; x_wconf 80' lang='lat' dir='ltr'>exempla</span> <span class='ocrx_word' id='word_1_120' title='bbox 1187 840 1346 883; x_wconf 87' lang='lat' dir='ltr'>Collegio</span> <span class='ocrx_word' id='word_1_121' title='bbox 1374 840 1574 874; x_wconf 89' lang='lat' dir='ltr'>Coloniensi</span> <span class='ocrx_word' id='word_1_122' title='bbox 1601 840 1778 884; x_wconf 78' lang='lat' dir='ltr'>reliquit.“</span> 
     </span>
     <span class='ocr_line' id='line_1_13' title="bbox 210 897 1852 942; baseline 0.001 -11"><span class='ocrx_word' id='word_1_123' title='bbox 210 898 310 932; x_wconf 90' lang='lat' dir='ltr'>Haec</span> <span class='ocrx_word' id='word_1_124' title='bbox 337 897 466 942; x_wconf 88' lang='lat' dir='ltr'>capita,</span> <span class='ocrx_word' id='word_1_125' title='bbox 493 909 514 931; x_wconf 92' lang='lat' dir='ltr'>a</span> <span class='ocrx_word' id='word_1_126' title='bbox 540 897 680 931; x_wconf 84' lang='lat' dir='ltr'>Radero</span> <span class='ocrx_word' id='word_1_127' title='bbox 706 899 834 942; x_wconf 88' lang='lat' dir='ltr'>posita,</span> <span class='ocrx_word' id='word_1_128' title='bbox 861 910 881 932; x_wconf 90' lang='lat' dir='ltr'>a</span> <span class='ocrx_word' id='word_1_129' title='bbox 907 899 1085 942; x_wconf 89' lang='lat' dir='ltr'>prioribus</span> <span class='ocrx_word' id='word_1_130' title='bbox 1111 899 1193 940; x_wconf 90' lang='lat' dir='ltr'>illis,</span> <span class='ocrx_word' id='word_1_131' title='bbox 1232 900 1276 933; x_wconf 86' lang='lat' dir='ltr'>ab</span> <span class='ocrx_word' id='word_1_132' title='bbox 1303 899 1454 942; x_wconf 85' lang='lat' dir='ltr'>Hugone</span> <span class='ocrx_word' id='word_1_133' title='bbox 1480 899 1682 942; x_wconf 87' lang='lat' dir='ltr'>Tungrensi</span> <span class='ocrx_word' id='word_1_134' title='bbox 1707 899 1852 937; x_wconf 83' lang='lat' dir='ltr'>notatis.</span> 
     </span>
     <span class='ocr_line' id='line_1_14' title="bbox 91 951 1852 997; baseline 0.002 -13"><span class='ocrx_word' id='word_1_135' title='bbox 91 963 161 985; x_wconf 90' lang='lat' dir='ltr'>non</span> <span class='ocrx_word' id='word_1_136' title='bbox 187 951 314 992; x_wconf 89' lang='lat' dir='ltr'>solum,</span> <span class='ocrx_word' id='word_1_137' title='bbox 340 951 432 995; x_wconf 90' lang='lat' dir='ltr'>quod</span> <span class='ocrx_word' id='word_1_138' title='bbox 461 951 503 985; x_wconf 89' lang='lat' dir='ltr'>ad</span> <span class='ocrx_word' id='word_1_139' title='bbox 530 951 641 985; x_wconf 90' lang='lat' dir='ltr'>verba</span> <span class='ocrx_word' id='word_1_140' title='bbox 667 952 807 992; x_wconf 84' lang='lat' dir='ltr'>attinet,</span> <span class='ocrx_word' id='word_1_141' title='bbox 833 951 1023 996; x_wconf 88' lang='lat' dir='ltr'>plurimum</span> <span class='ocrx_word' id='word_1_142' title='bbox 1052 952 1231 992; x_wconf 85' lang='lat' dir='ltr'>differunt,</span> <span class='ocrx_word' id='word_1_143' title='bbox 1265 953 1326 986; x_wconf 89' lang='lat' dir='ltr'>sed</span> <span class='ocrx_word' id='word_1_144' title='bbox 1355 952 1473 993; x_wconf 87' lang='lat' dir='ltr'>etiam,</span> <span class='ocrx_word' id='word_1_145' title='bbox 1508 953 1537 986; x_wconf 90' lang='lat' dir='ltr'>si</span> <span class='ocrx_word' id='word_1_146' title='bbox 1564 964 1623 986; x_wconf 91' lang='lat' dir='ltr'>res</span> <span class='ocrx_word' id='word_1_147' title='bbox 1647 952 1746 997; x_wconf 86' lang='lat' dir='ltr'>ipsas</span> <span class='ocrx_word' id='word_1_148' title='bbox 1773 964 1852 987; x_wconf 93' lang='lat' dir='ltr'>con-</span> 
     </span>
     <span class='ocr_line' id='line_1_15' title="bbox 91 1004 1850 1051; baseline 0.001 -13"><span class='ocrx_word' id='word_1_149' title='bbox 91 1004 239 1045; x_wconf 88' lang='lat' dir='ltr'>sideres,</span> <span class='ocrx_word' id='word_1_150' title='bbox 273 1004 434 1038; x_wconf 90' lang='lat' dir='ltr'>nonnihil</span> <span class='ocrx_word' id='word_1_151' title='bbox 461 1004 685 1049; x_wconf 85' lang='lat' dir='ltr'>discrepant;</span> <span class='ocrx_word' id='word_1_152' title='bbox 722 1006 772 1039; x_wconf 87' lang='lat' dir='ltr'>ita</span> <span class='ocrx_word' id='word_1_153' title='bbox 807 1007 915 1049; x_wconf 90' lang='lat' dir='ltr'>caput</span> <span class='ocrx_word' id='word_1_154' title='bbox 940 1005 1092 1049; x_wconf 88' lang='lat' dir='ltr'>primum</span> <span class='ocrx_word' id='word_1_155' title='bbox 1129 1006 1221 1050; x_wconf 86' lang='lat' dir='ltr'>apud</span> <span class='ocrx_word' id='word_1_156' title='bbox 1248 1005 1425 1039; x_wconf 86' lang='lat' dir='ltr'>Raderum</span> <span class='ocrx_word' id='word_1_157' title='bbox 1462 1005 1556 1039; x_wconf 91' lang='lat' dir='ltr'>solos</span> <span class='ocrx_word' id='word_1_158' title='bbox 1582 1005 1850 1051; x_wconf 86' lang='lat' dir='ltr'>gymnasiorum</span> 
     </span>
     <span class='ocr_line' id='line_1_16' title="bbox 92 1057 1849 1102; baseline 0.001 -11"><span class='ocrx_word' id='word_1_159' title='bbox 92 1060 128 1091; x_wconf 89' lang='lat' dir='ltr'>et</span> <span class='ocrx_word' id='word_1_160' title='bbox 152 1057 401 1092; x_wconf 87' lang='lat' dir='ltr'>universitatis</span> <span class='ocrx_word' id='word_1_161' title='bbox 427 1057 621 1101; x_wconf 86' lang='lat' dir='ltr'>magistros</span> <span class='ocrx_word' id='word_1_162' title='bbox 646 1060 798 1102; x_wconf 89' lang='lat' dir='ltr'>spectat,</span> <span class='ocrx_word' id='word_1_163' title='bbox 834 1059 928 1102; x_wconf 88' lang='lat' dir='ltr'>apud</span> <span class='ocrx_word' id='word_1_164' title='bbox 954 1058 1201 1102; x_wconf 88' lang='lat' dir='ltr'>Tungrensem</span> <span class='ocrx_word' id='word_1_165' title='bbox 1235 1059 1429 1101; x_wconf 88' lang='lat' dir='ltr'>magistros</span> <span class='ocrx_word' id='word_1_166' title='bbox 1455 1059 1612 1092; x_wconf 87' lang='lat' dir='ltr'>omnium</span> <span class='ocrx_word' id='word_1_167' title='bbox 1646 1059 1849 1093; x_wconf 88' lang='lat' dir='ltr'>scholarum</span> 
     </span>
     <span class='ocr_line' id='line_1_17' title="bbox 90 1111 1850 1157; baseline 0.001 -13"><span class='ocrx_word' id='word_1_168' title='bbox 90 1111 319 1152; x_wconf 85' lang='lat' dir='ltr'>urbanarum,</span> <span class='ocrx_word' id='word_1_169' title='bbox 355 1111 463 1145; x_wconf 88' lang='lat' dir='ltr'>etiam</span> <span class='ocrx_word' id='word_1_170' title='bbox 489 1122 622 1153; x_wconf 87' lang='lat' dir='ltr'>earum,</span> <span class='ocrx_word' id='word_1_171' title='bbox 658 1122 747 1155; x_wconf 85' lang='lat' dir='ltr'>quas</span> <span class='ocrx_word' id='word_1_172' title='bbox 773 1111 1026 1146; x_wconf 87' lang='lat' dir='ltr'>elementarias</span> <span class='ocrx_word' id='word_1_173' title='bbox 1052 1114 1193 1153; x_wconf 90' lang='lat' dir='ltr'>vocant,</span> <span class='ocrx_word' id='word_1_174' title='bbox 1220 1111 1488 1156; x_wconf 79' lang='lat' dir='ltr'>complectitur3</span> <span class='ocrx_word' id='word_1_175' title='bbox 1526 1113 1642 1156; x_wconf 89' lang='lat' dir='ltr'>capite</span> <span class='ocrx_word' id='word_1_176' title='bbox 1669 1112 1729 1146; x_wconf 82' lang='lat' dir='ltr'>VI.</span> <span class='ocrx_word' id='word_1_177' title='bbox 1756 1113 1850 1157; x_wconf 86' lang='lat' dir='ltr'>apud</span> 
     </span>
     <span class='ocr_line' id='line_1_18' title="bbox 90 1163 1852 1209; baseline 0.001 -12"><span class='ocrx_word' id='word_1_178' title='bbox 90 1163 270 1198; x_wconf 89' lang='lat' dir='ltr'>Raderum</span> <span class='ocrx_word' id='word_1_179' title='bbox 305 1163 381 1198; x_wconf 91' lang='lat' dir='ltr'>sola</span> <span class='ocrx_word' id='word_1_180' title='bbox 417 1164 591 1209; x_wconf 85' lang='lat' dir='ltr'>professio</span> <span class='ocrx_word' id='word_1_181' title='bbox 626 1164 707 1198; x_wconf 91' lang='lat' dir='ltr'>fidei</span> <span class='ocrx_word' id='word_1_182' title='bbox 743 1165 938 1198; x_wconf 85' lang='lat' dir='ltr'>tridentina</span> <span class='ocrx_word' id='word_1_183' title='bbox 973 1176 1086 1208; x_wconf 88' lang='lat' dir='ltr'>eaque</span> <span class='ocrx_word' id='word_1_184' title='bbox 1121 1165 1206 1199; x_wconf 90' lang='lat' dir='ltr'>solis</span> <span class='ocrx_word' id='word_1_185' title='bbox 1241 1164 1477 1199; x_wconf 83' lang='lat' dir='ltr'>facultatibus</span> <span class='ocrx_word' id='word_1_186' title='bbox 1511 1164 1726 1207; x_wconf 84' lang='lat' dir='ltr'>theologiae,</span> <span class='ocrx_word' id='word_1_187' title='bbox 1764 1165 1852 1199; x_wconf 90' lang='lat' dir='ltr'>iuris</span> 
     </span>
     <span class='ocr_line' id='line_1_19' title="bbox 92 1216 1850 1262; baseline 0.001 -11"><span class='ocrx_word' id='word_1_188' title='bbox 92 1216 269 1259; x_wconf 87' lang='lat' dir='ltr'>(canonici</span> <span class='ocrx_word' id='word_1_189' title='bbox 296 1219 332 1251; x_wconf 89' lang='lat' dir='ltr'>et</span> <span class='ocrx_word' id='word_1_190' title='bbox 357 1217 503 1261; x_wconf 89' lang='lat' dir='ltr'>civilis),</span> <span class='ocrx_word' id='word_1_191' title='bbox 539 1218 736 1252; x_wconf 87' lang='lat' dir='ltr'>medicinae</span> <span class='ocrx_word' id='word_1_192' title='bbox 771 1218 1040 1262; x_wconf 87' lang='lat' dir='ltr'>praescribitur,</span> <span class='ocrx_word' id='word_1_193' title='bbox 1076 1218 1169 1262; x_wconf 91' lang='lat' dir='ltr'>apud</span> <span class='ocrx_word' id='word_1_194' title='bbox 1196 1218 1444 1261; x_wconf 86' lang='lat' dir='ltr'>Tungrensem</span> <span class='ocrx_word' id='word_1_195' title='bbox 1480 1218 1700 1252; x_wconf 77' lang='lat' dir='ltr'>universitas</span> <span class='ocrx_word' id='word_1_196' title='bbox 1730 1219 1850 1261; x_wconf 82' lang='lat' dir='ltr'>„iuxta</span> 
     </span>
     <span class='ocr_line' id='line_1_20' title="bbox 91 1269 1846 1315; baseline 0 -11"><span class='ocrx_word' id='word_1_197' title='bbox 91 1269 233 1304; x_wconf 77' lang='lat' dir='ltr'>decreta</span> <span class='ocrx_word' id='word_1_198' title='bbox 251 1270 411 1304; x_wconf 85' lang='lat' dir='ltr'>concilii“</span> <span class='ocrx_word' id='word_1_199' title='bbox 442 1271 613 1305; x_wconf 87' lang='lat' dir='ltr'>universa</span> <span class='ocrx_word' id='word_1_200' title='bbox 639 1270 825 1304; x_wconf 85' lang='lat' dir='ltr'>reformari</span> <span class='ocrx_word' id='word_1_201' title='bbox 852 1271 1003 1311; x_wconf 85' lang='lat' dir='ltr'>iubetur,</span> <span class='ocrx_word' id='word_1_202' title='bbox 1031 1273 1067 1305; x_wconf 89' lang='lat' dir='ltr'>et</span> <span class='ocrx_word' id='word_1_203' title='bbox 1084 1271 1260 1315; x_wconf 84' lang='lat' dir='ltr'>professio</span> <span class='ocrx_word' id='word_1_204' title='bbox 1279 1271 1361 1304; x_wconf 90' lang='lat' dir='ltr'>fidei</span> <span class='ocrx_word' id='word_1_205' title='bbox 1391 1274 1566 1314; x_wconf 86' lang='lat' dir='ltr'>„quatuor</span> <span class='ocrx_word' id='word_1_206' title='bbox 1592 1271 1846 1305; x_wconf 82' lang='lat' dir='ltr'>facultatibus“</span> 
     </span>
     <span class='ocr_line' id='line_1_21' title="bbox 90 1324 1850 1368; baseline 0.001 -11"><span class='ocrx_word' id='word_1_207' title='bbox 90 1324 366 1368; x_wconf 74' lang='lat' dir='ltr'>praesc1·ibitur;</span> <span class='ocrx_word' id='word_1_208' title='bbox 403 1336 447 1358; x_wconf 83' lang='lat' dir='ltr'>ex</span> <span class='ocrx_word' id='word_1_209' title='bbox 475 1336 544 1368; x_wconf 88' lang='lat' dir='ltr'>quo</span> <span class='ocrx_word' id='word_1_210' title='bbox 570 1336 716 1358; x_wconf 89' lang='lat' dir='ltr'>numero</span> <span class='ocrx_word' id='word_1_211' title='bbox 742 1324 953 1358; x_wconf 84' lang='lat' dir='ltr'>facultatem</span> <span class='ocrx_word' id='word_1_212' title='bbox 980 1324 1263 1368; x_wconf 83' lang='lat' dir='ltr'>philosophicam</span> <span class='ocrx_word' id='word_1_213' title='bbox 1298 1324 1377 1358; x_wconf 87' lang='lat' dir='ltr'>sive</span> <span class='ocrx_word' id='word_1_214' title='bbox 1407 1324 1578 1366; x_wconf 78' lang='lat' dir='ltr'>„artium“</span> <span class='ocrx_word' id='word_1_215' title='bbox 1609 1324 1721 1358; x_wconf 88' lang='lat' dir='ltr'>fuisse</span> <span class='ocrx_word' id='word_1_216' title='bbox 1753 1326 1850 1358; x_wconf 86' lang='lat' dir='ltr'>certo</span> 
     </span>
     <span class='ocr_line' id='line_1_22' title="bbox 91 1377 1850 1422; baseline 0.001 -10"><span class='ocrx_word' id='word_1_217' title='bbox 91 1379 233 1412; x_wconf 86' lang='lat' dir='ltr'>constat</span> <span class='ocrx_word' id='word_1_218' title='bbox 261 1377 323 1420; x_wconf 90' lang='lat' dir='ltr'>(cf.</span> <span class='ocrx_word' id='word_1_219' title='bbox 349 1389 458 1422; x_wconf 89' lang='lat' dir='ltr'>supra</span> <span class='ocrx_word' id='word_1_220' title='bbox 484 1390 518 1422; x_wconf 88' lang='lat' dir='ltr'>p.</span> <span class='ocrx_word' id='word_1_221' title='bbox 541 1378 635 1419; x_wconf 88' lang='lat'>171).</span> <span class='ocrx_word' id='word_1_222' title='bbox 686 1379 806 1421; x_wconf 83' lang='lat' dir='ltr'>Atque</span> <span class='ocrx_word' id='word_1_223' title='bbox 833 1377 1011 1422; x_wconf 84' lang='lat' dir='ltr'>capitibus</span> <span class='ocrx_word' id='word_1_224' title='bbox 1037 1378 1234 1411; x_wconf 88' lang='lat' dir='ltr'>raderianis</span> <span class='ocrx_word' id='word_1_225' title='bbox 1261 1378 1442 1418; x_wconf 86' lang='lat' dir='ltr'>maiorem,</span> <span class='ocrx_word' id='word_1_226' title='bbox 1478 1388 1585 1420; x_wconf 88' lang='lat' dir='ltr'>quam</span> <span class='ocrx_word' id='word_1_227' title='bbox 1618 1377 1742 1411; x_wconf 84' lang='lat' dir='ltr'>alteris</span> <span class='ocrx_word' id='word_1_228' title='bbox 1768 1377 1850 1413; x_wconf 80' lang='lat' dir='ltr'>illis.</span> 
     </span>
     <span class='ocr_line' id='line_1_23' title="bbox 91 1430 1851 1475; baseline 0 -11"><span class='ocrx_word' id='word_1_229' title='bbox 91 1430 342 1465; x_wconf 88' lang='lat' dir='ltr'>auctoritatem</span> <span class='ocrx_word' id='word_1_230' title='bbox 368 1443 447 1465; x_wconf 89' lang='lat' dir='ltr'>esse</span> <span class='ocrx_word' id='word_1_231' title='bbox 474 1442 518 1464; x_wconf 80' lang='lat' dir='ltr'>ex</span> <span class='ocrx_word' id='word_1_232' title='bbox 545 1443 585 1464; x_wconf 91' lang='lat' dir='ltr'>eo</span> <span class='ocrx_word' id='word_1_233' title='bbox 612 1430 812 1474; x_wconf 85' lang='lat' dir='ltr'>collegeris,</span> <span class='ocrx_word' id='word_1_234' title='bbox 839 1431 931 1474; x_wconf 90' lang='lat' dir='ltr'>quod</span> <span class='ocrx_word' id='word_1_235' title='bbox 958 1431 1140 1475; x_wconf 82' lang='lat' dir='ltr'>exscripta</span> <span class='ocrx_word' id='word_1_236' title='bbox 1166 1442 1245 1464; x_wconf 89' lang='lat' dir='ltr'>esse</span> <span class='ocrx_word' id='word_1_237' title='bbox 1271 1430 1438 1464; x_wconf 90' lang='lat' dir='ltr'>videntur</span> <span class='ocrx_word' id='word_1_238' title='bbox 1464 1442 1509 1464; x_wconf 80' lang='lat' dir='ltr'>ex</span> <span class='ocrx_word' id='word_1_239' title='bbox 1535 1431 1699 1475; x_wconf 83' lang='lat' dir='ltr'>exemplo</span> <span class='ocrx_word' id='word_1_240' title='bbox 1718 1430 1851 1465; x_wconf 83' lang='lat' dir='ltr'>Romae</span> 
     </span>
     <span class='ocr_line' id='line_1_24' title="bbox 91 1483 1852 1529; baseline -0.001 -11"><span class='ocrx_word' id='word_1_241' title='bbox 91 1484 128 1518; x_wconf 92' lang='lat' dir='ltr'>in</span> <span class='ocrx_word' id='word_1_242' title='bbox 154 1484 253 1518; x_wconf 90' lang='lat' dir='ltr'>curia</span> <span class='ocrx_word' id='word_1_243' title='bbox 278 1484 464 1529; x_wconf 85' lang='lat' dir='ltr'>pontificia</span> <span class='ocrx_word' id='word_1_244' title='bbox 489 1484 633 1529; x_wconf 84' lang='lat' dir='ltr'>scripto,</span> <span class='ocrx_word' id='word_1_245' title='bbox 660 1484 781 1527; x_wconf 84' lang='lat' dir='ltr'>sigillo</span> <span class='ocrx_word' id='word_1_246' title='bbox 807 1484 1026 1518; x_wconf 85' lang='lat' dir='ltr'>notariorum</span> <span class='ocrx_word' id='word_1_247' title='bbox 1053 1495 1279 1518; x_wconf 88' lang='lat' dir='ltr'>romanorum</span> <span class='ocrx_word' id='word_1_248' title='bbox 1297 1484 1444 1524; x_wconf 90' lang='lat' dir='ltr'>munito,</span> <span class='ocrx_word' id='word_1_249' title='bbox 1471 1495 1492 1517; x_wconf 88' lang='lat' dir='ltr'>a</span> <span class='ocrx_word' id='word_1_250' title='bbox 1511 1483 1653 1518; x_wconf 86' lang='lat' dir='ltr'>Canisio</span> <span class='ocrx_word' id='word_1_251' title='bbox 1680 1485 1713 1517; x_wconf 90' lang='lat' dir='ltr'>in</span> <span class='ocrx_word' id='word_1_252' title='bbox 1734 1483 1852 1518; x_wconf 85' lang='lat' dir='ltr'>Socie-</span> 
     </span>
     <span class='ocr_line' id='line_1_25' title="bbox 90 1536 1851 1581; baseline -0.001 -10"><span class='ocrx_word' id='word_1_253' title='bbox 90 1536 178 1571; x_wconf 86' lang='lat' dir='ltr'>tatis</span> <span class='ocrx_word' id='word_1_254' title='bbox 204 1537 354 1581; x_wconf 89' lang='lat' dir='ltr'>collegio</span> <span class='ocrx_word' id='word_1_255' title='bbox 381 1537 575 1571; x_wconf 90' lang='lat' dir='ltr'>coloniensi</span> <span class='ocrx_word' id='word_1_256' title='bbox 593 1537 730 1571; x_wconf 90' lang='lat' dir='ltr'>relicto.</span> <span class='ocrx_word' id='word_1_257' title='bbox 767 1538 816 1570; x_wconf 88' lang='lat' dir='ltr'>At</span> <span class='ocrx_word' id='word_1_258' title='bbox 832 1548 889 1570; x_wconf 91' lang='lat' dir='ltr'>res</span> <span class='ocrx_word' id='word_1_259' title='bbox 908 1536 1013 1570; x_wconf 89' lang='lat' dir='ltr'>aliter</span> <span class='ocrx_word' id='word_1_260' title='bbox 1030 1548 1068 1571; x_wconf 89' lang='lat' dir='ltr'>se</span> <span class='ocrx_word' id='word_1_261' title='bbox 1087 1537 1205 1570; x_wconf 85' lang='lat' dir='ltr'>habet.</span> <span class='ocrx_word' id='word_1_262' title='bbox 1238 1536 1376 1570; x_wconf 85' lang='lat' dir='ltr'>Radero</span> <span class='ocrx_word' id='word_1_263' title='bbox 1394 1538 1537 1581; x_wconf 86' lang='lat' dir='ltr'>praesto</span> <span class='ocrx_word' id='word_1_264' title='bbox 1556 1548 1624 1570; x_wconf 90' lang='lat' dir='ltr'>non</span> <span class='ocrx_word' id='word_1_265' title='bbox 1644 1539 1756 1577; x_wconf 87' lang='lat' dir='ltr'>erant,</span> <span class='ocrx_word' id='word_1_266' title='bbox 1781 1537 1851 1570; x_wconf 90' lang='lat' dir='ltr'>nisi</span> 
     </span>
     <span class='ocr_line' id='line_1_26' title="bbox 90 1589 1851 1635; baseline -0.001 -11"><span class='ocrx_word' id='word_1_267' title='bbox 90 1590 209 1635; x_wconf 89' lang='lat' dir='ltr'>capita</span> <span class='ocrx_word' id='word_1_268' title='bbox 228 1590 325 1624; x_wconf 89' lang='lat' dir='ltr'>Libri</span> <span class='ocrx_word' id='word_1_269' title='bbox 350 1590 537 1625; x_wconf 83' lang='lat' dir='ltr'>facultatis</span> <span class='ocrx_word' id='word_1_270' title='bbox 563 1591 705 1631; x_wconf 87' lang='lat' dir='ltr'>artium,</span> <span class='ocrx_word' id='word_1_271' title='bbox 732 1602 753 1624; x_wconf 90' lang='lat' dir='ltr'>a</span> <span class='ocrx_word' id='word_1_272' title='bbox 770 1590 810 1624; x_wconf 89' lang='lat' dir='ltr'>P.</span> <span class='ocrx_word' id='word_1_273' title='bbox 828 1590 940 1623; x_wconf 86' lang='lat' dir='ltr'>Hasio</span> <span class='ocrx_word' id='word_1_274' title='bbox 966 1590 1034 1634; x_wconf 91' lang='lat' dir='ltr'>ipsi</span> <span class='ocrx_word' id='word_1_275' title='bbox 1061 1590 1307 1634; x_wconf 87' lang='lat' dir='ltr'>suppeditata;</span> <span class='ocrx_word' id='word_1_276' title='bbox 1336 1601 1427 1634; x_wconf 90' lang='lat' dir='ltr'>quae</span> <span class='ocrx_word' id='word_1_277' title='bbox 1454 1590 1537 1623; x_wconf 91' lang='lat' dir='ltr'>dum</span> <span class='ocrx_word' id='word_1_278' title='bbox 1563 1589 1705 1634; x_wconf 88' lang='lat' dir='ltr'>planius</span> <span class='ocrx_word' id='word_1_279' title='bbox 1732 1592 1768 1623; x_wconf 88' lang='lat' dir='ltr'>et</span> <span class='ocrx_word' id='word_1_280' title='bbox 1793 1601 1851 1634; x_wconf 92' lang='lat' dir='ltr'>po-</span> 
     </span>
     <span class='ocr_line' id='line_1_27' title="bbox 89 1642 1851 1689; baseline -0.001 -12"><span class='ocrx_word' id='word_1_281' title='bbox 89 1643 199 1678; x_wconf 62' lang='lat' dir='ltr'>limius</span> <span class='ocrx_word' id='word_1_282' title='bbox 216 1655 413 1689; x_wconf 87' lang='lat' dir='ltr'>proponere</span> <span class='ocrx_word' id='word_1_283' title='bbox 430 1645 562 1685; x_wconf 88' lang='lat' dir='ltr'>studet,</span> <span class='ocrx_word' id='word_1_284' title='bbox 590 1655 776 1688; x_wconf 85' lang='lat' dir='ltr'>perperam</span> <span class='ocrx_word' id='word_1_285' title='bbox 800 1644 1075 1687; x_wconf 82' lang='lat' dir='ltr'>inte1·pretatur;</span> <span class='ocrx_word' id='word_1_286' title='bbox 1104 1643 1195 1676; x_wconf 84' lang='lat' dir='ltr'>idem</span> <span class='ocrx_word' id='word_1_287' title='bbox 1223 1643 1254 1676; x_wconf 88' lang='lat' dir='ltr'>ei</span> <span class='ocrx_word' id='word_1_288' title='bbox 1281 1643 1323 1676; x_wconf 91' lang='lat' dir='ltr'>de</span> <span class='ocrx_word' id='word_1_289' title='bbox 1349 1643 1425 1677; x_wconf 89' lang='lat' dir='ltr'>loco</span> <span class='ocrx_word' id='word_1_290' title='bbox 1452 1642 1512 1676; x_wconf 89' lang='lat' dir='ltr'>illo</span> <span class='ocrx_word' id='word_1_291' title='bbox 1530 1642 1731 1676; x_wconf 88' lang='lat' dir='ltr'>litterarum</span> <span class='ocrx_word' id='word_1_292' title='bbox 1750 1643 1851 1677; x_wconf 86' lang='lat' dir='ltr'>Hasii</span> 
     </span>
     <span class='ocr_line' id='line_1_28' title="bbox 91 1696 1851 1741; baseline -0.001 -10"><span class='ocrx_word' id='word_1_293' title='bbox 91 1697 253 1740; x_wconf 82' lang='lat' dir='ltr'>contigit,</span> <span class='ocrx_word' id='word_1_294' title='bbox 279 1697 340 1741; x_wconf 88' lang='lat' dir='ltr'>qui</span> <span class='ocrx_word' id='word_1_295' title='bbox 366 1697 408 1731; x_wconf 90' lang='lat' dir='ltr'>de</span> <span class='ocrx_word' id='word_1_296' title='bbox 434 1697 583 1731; x_wconf 88' lang='lat' dir='ltr'>notariis</span> <span class='ocrx_word' id='word_1_297' title='bbox 609 1697 766 1731; x_wconf 86' lang='lat' dir='ltr'>romanis</span> <span class='ocrx_word' id='word_1_298' title='bbox 793 1699 881 1730; x_wconf 90' lang='lat' dir='ltr'>erat.</span> <span class='ocrx_word' id='word_1_299' title='bbox 918 1696 980 1735; x_wconf 82' lang='lat' dir='ltr'>En,</span> <span class='ocrx_word' id='word_1_300' title='bbox 999 1696 1174 1739; x_wconf 89' lang='lat' dir='ltr'>quomodo</span> <span class='ocrx_word' id='word_1_301' title='bbox 1193 1697 1357 1729; x_wconf 76' lang='lat' dir='ltr'>Raderus</span> <span class='ocrx_word' id='word_1_302' title='bbox 1374 1696 1450 1740; x_wconf 89' lang='lat' dir='ltr'>ipse</span> <span class='ocrx_word' id='word_1_303' title='bbox 1474 1696 1669 1729; x_wconf 87' lang='lat' dir='ltr'>narrationi</span> <span class='ocrx_word' id='word_1_304' title='bbox 1687 1697 1735 1730; x_wconf 90' lang='lat' dir='ltr'>sit</span> <span class='ocrx_word' id='word_1_305' title='bbox 1752 1707 1851 1740; x_wconf 87' lang='lat' dir='ltr'>prae-</span> 
     </span>
     <span class='ocr_line' id='line_1_29' title="bbox 91 1748 1851 1795; baseline -0.001 -12"><span class='ocrx_word' id='word_1_306' title='bbox 91 1750 208 1784; x_wconf 86' lang='lat' dir='ltr'>fatus:</span> <span class='ocrx_word' id='word_1_307' title='bbox 244 1751 373 1792; x_wconf 84' lang='lat' dir='ltr'>„Venit</span> <span class='ocrx_word' id='word_1_308' title='bbox 399 1750 592 1795; x_wconf 83' lang='lat' dir='ltr'>[Canisius]</span> <span class='ocrx_word' id='word_1_309' title='bbox 620 1750 656 1784; x_wconf 92' lang='lat' dir='ltr'>in</span> <span class='ocrx_word' id='word_1_310' title='bbox 683 1750 806 1784; x_wconf 89' lang='lat' dir='ltr'>eadem</span> <span class='ocrx_word' id='word_1_311' title='bbox 833 1749 1053 1794; x_wconf 88' lang='lat' dir='ltr'>profectione</span> <span class='ocrx_word' id='word_1_312' title='bbox 1080 1748 1262 1783; x_wconf 85' lang='lat' dir='ltr'>Coloniam</span> <span class='ocrx_word' id='word_1_313' title='bbox 1288 1749 1536 1794; x_wconf 84' lang='lat' dir='ltr'>Agrippinam,</span> <span class='ocrx_word' id='word_1_314' title='bbox 1571 1751 1613 1782; x_wconf 91' lang='lat' dir='ltr'>vt</span> <span class='ocrx_word' id='word_1_315' title='bbox 1645 1760 1691 1782; x_wconf 86' lang='lat' dir='ltr'>ex</span> <span class='ocrx_word' id='word_1_316' title='bbox 1717 1749 1851 1783; x_wconf 89' lang='lat' dir='ltr'>Acade-</span> 
     </span>
     <span class='ocr_line' id='line_1_30' title="bbox 92 1802 1850 1848; baseline -0.001 -11"><span class='ocrx_word' id='word_1_317' title='bbox 92 1803 196 1838; x_wconf 88' lang='lat' dir='ltr'>micis</span> <span class='ocrx_word' id='word_1_318' title='bbox 230 1803 305 1837; x_wconf 87' lang='lat' dir='ltr'>illic</span> <span class='ocrx_word' id='word_1_319' title='bbox 338 1803 579 1838; x_wconf 87' lang='lat' dir='ltr'>monumentis</span> <span class='ocrx_word' id='word_1_320' title='bbox 613 1815 677 1848; x_wconf 87' lang='lat' dir='ltr'>per</span> <span class='ocrx_word' id='word_1_321' title='bbox 712 1803 760 1836; x_wconf 92' lang='lat' dir='ltr'>Io.</span> <span class='ocrx_word' id='word_1_322' title='bbox 797 1802 947 1836; x_wconf 87' lang='lat' dir='ltr'>Hasium</span> <span class='ocrx_word' id='word_1_323' title='bbox 983 1813 1087 1846; x_wconf 90' lang='lat' dir='ltr'>quem</span> <span class='ocrx_word' id='word_1_324' title='bbox 1124 1814 1232 1846; x_wconf 91' lang='lat' dir='ltr'>supra</span> <span class='ocrx_word' id='word_1_325' title='bbox 1267 1803 1380 1847; x_wconf 87' lang='lat' dir='ltr'>posui,</span> <span class='ocrx_word' id='word_1_326' title='bbox 1417 1802 1589 1845; x_wconf 82' lang='lat' dir='ltr'>cognoui“</span> <span class='ocrx_word' id='word_1_327' title='bbox 1631 1802 1668 1845; x_wconf 88' lang='lat' dir='ltr'>(l.</span> <span class='ocrx_word' id='word_1_328' title='bbox 1697 1814 1725 1836; x_wconf 92' lang='lat' dir='ltr'>c.</span> <span class='ocrx_word' id='word_1_329' title='bbox 1755 1802 1850 1845; x_wconf 84' lang='lat'>150).</span> 
     </span>
     <span class='ocr_line' id='line_1_31' title="bbox 91 1855 1851 1901; baseline -0.001 -10"><span class='ocrx_word' id='word_1_330' title='bbox 91 1856 206 1891; x_wconf 91' lang='lat' dir='ltr'>Hodie</span> <span class='ocrx_word' id='word_1_331' title='bbox 233 1868 373 1901; x_wconf 87' lang='lat' dir='ltr'>quoque</span> <span class='ocrx_word' id='word_1_332' title='bbox 400 1857 581 1896; x_wconf 87' lang='lat' dir='ltr'>*litterae,</span> <span class='ocrx_word' id='word_1_333' title='bbox 608 1868 639 1890; x_wconf 89' lang='lat' dir='ltr'>a.</span> <span class='ocrx_word' id='word_1_334' title='bbox 661 1856 752 1890; x_wconf 84' lang='lat'>1613</span> <span class='ocrx_word' id='word_1_335' title='bbox 779 1857 895 1896; x_wconf 86' lang='lat' dir='ltr'>datae,</span> <span class='ocrx_word' id='word_1_336' title='bbox 931 1858 1087 1897; x_wconf 84' lang='lat' dir='ltr'>exstant,</span> <span class='ocrx_word' id='word_1_337' title='bbox 1115 1856 1244 1899; x_wconf 89' lang='lat' dir='ltr'>quibus</span> <span class='ocrx_word' id='word_1_338' title='bbox 1270 1856 1310 1890; x_wconf 92' lang='lat' dir='ltr'>P.</span> <span class='ocrx_word' id='word_1_339' title='bbox 1337 1857 1489 1889; x_wconf 79' lang='lat' dir='ltr'>Ioannes</span> <span class='ocrx_word' id='word_1_340' title='bbox 1514 1857 1652 1889; x_wconf 72' lang='lat' dir='ltr'>Hosius</span> <span class='ocrx_word' id='word_1_341' title='bbox 1677 1855 1711 1889; x_wconf 82' lang='lat' dir='ltr'>S.</span> <span class='ocrx_word' id='word_1_342' title='bbox 1730 1856 1762 1889; x_wconf 90' lang='lat' dir='ltr'>J.</span> <span class='ocrx_word' id='word_1_343' title='bbox 1793 1855 1851 1898; x_wconf 92' lang='lat' dir='ltr'>(de</span> 
     </span>
     <span class='ocr_line' id='line_1_32' title="bbox 91 1909 1851 1955; baseline -0.001 -11"><span class='ocrx_word' id='word_1_344' title='bbox 91 1922 160 1954; x_wconf 90' lang='lat' dir='ltr'>quo</span> <span class='ocrx_word' id='word_1_345' title='bbox 178 1922 287 1955; x_wconf 89' lang='lat' dir='ltr'>supra</span> <span class='ocrx_word' id='word_1_346' title='bbox 313 1922 346 1955; x_wconf 91' lang='lat' dir='ltr'>p.</span> <span class='ocrx_word' id='word_1_347' title='bbox 366 1910 450 1953; x_wconf 81' lang='grc'><strong>662)</strong></span> <span class='ocrx_word' id='word_1_348' title='bbox 477 1910 540 1944; x_wconf 92' lang='lat' dir='ltr'>illa</span> <span class='ocrx_word' id='word_1_349' title='bbox 566 1911 796 1944; x_wconf 88' lang='lat' dir='ltr'>monumenta</span> <span class='ocrx_word' id='word_1_350' title='bbox 822 1921 902 1943; x_wconf 90' lang='lat' dir='ltr'>cum</span> <span class='ocrx_word' id='word_1_351' title='bbox 921 1909 1059 1942; x_wconf 82' lang='lat' dir='ltr'>Radero</span> <span class='ocrx_word' id='word_1_352' title='bbox 1086 1909 1374 1943; x_wconf 88' lang='lat' dir='ltr'>communicavit.</span> <span class='ocrx_word' id='word_1_353' title='bbox 1417 1909 1540 1951; x_wconf 77' lang='lat' dir='ltr'>„Anno</span> <span class='ocrx_word' id='word_1_354' title='bbox 1563 1909 1710 1950; x_wconf 69' lang='lat'>1565“³‚</span> <span class='ocrx_word' id='word_1_355' title='bbox 1736 1909 1851 1953; x_wconf 89' lang='lat' dir='ltr'>inquit</span> 
     </span>
     <span class='ocr_line' id='line_1_33' title="bbox 92 1961 1851 2008; baseline -0.001 -11"><span class='ocrx_word' id='word_1_356' title='bbox 92 1965 240 2008; x_wconf 67' lang='lat' dir='ltr'>Hosius,</span> <span class='ocrx_word' id='word_1_357' title='bbox 263 1964 445 2006; x_wconf 83' lang='lat' dir='ltr'>„Nuncius</span> <span class='ocrx_word' id='word_1_358' title='bbox 459 1963 687 2008; x_wconf 89' lang='lat' dir='ltr'>Apostolicus</span> <span class='ocrx_word' id='word_1_359' title='bbox 705 1965 866 1997; x_wconf 87' lang='lat' dir='ltr'>secretus</span> <span class='ocrx_word' id='word_1_360' title='bbox 877 1963 891 1982; x_wconf 72' lang='lat'>¹¹</span> <span class='ocrx_word' id='word_1_361' title='bbox 910 1974 930 1995; x_wconf 89' lang='lat' dir='ltr'>a</span> <span class='ocrx_word' id='word_1_362' title='bbox 945 1962 1008 1996; x_wconf 91' lang='lat' dir='ltr'>Pio</span> <span class='ocrx_word' id='word_1_363' title='bbox 1028 1962 1087 1996; x_wconf 86' lang='lat' dir='ltr'>IV.</span> <span class='ocrx_word' id='word_1_364' title='bbox 1107 1963 1148 1996; x_wconf 92' lang='lat' dir='ltr'>ad</span> <span class='ocrx_word' id='word_1_365' title='bbox 1166 1962 1349 1996; x_wconf 87' lang='lat' dir='ltr'>Electores</span> <span class='ocrx_word' id='word_1_366' title='bbox 1368 1964 1404 1996; x_wconf 87' lang='lat' dir='ltr'>et</span> <span class='ocrx_word' id='word_1_367' title='bbox 1415 1961 1679 2006; x_wconf 80' lang='lat' dir='ltr'>VVestphaliam</span> <span class='ocrx_word' id='word_1_368' title='bbox 1698 1962 1851 1996; x_wconf 79' lang='lat' dir='ltr'>missusc</span> 
     </span>
     <span class='ocr_line' id='line_1_34' title="bbox 91 2015 1851 2060; baseline -0.001 -9"><span class='ocrx_word' id='word_1_369' title='bbox 91 2017 258 2052; x_wconf 89' lang='lat' dir='ltr'>Canisius</span> <span class='ocrx_word' id='word_1_370' title='bbox 283 2017 384 2050; x_wconf 84' lang='lat' dir='ltr'>venit</span> <span class='ocrx_word' id='word_1_371' title='bbox 410 2017 591 2051; x_wconf 88' lang='lat' dir='ltr'>Coloniam</span> <span class='ocrx_word' id='word_1_372' title='bbox 621 2017 711 2051; x_wconf 87' lang='lat'>1566</span> <span class='ocrx_word' id='word_1_373' title='bbox 727 2027 870 2050; x_wconf 82' lang='lat' dir='ltr'>,mense</span> <span class='ocrx_word' id='word_1_374' title='bbox 898 2015 1079 2055; x_wconf 87' lang='lat' dir='ltr'>Januario,</span> <span class='ocrx_word' id='word_1_375' title='bbox 1112 2017 1147 2049; x_wconf 88' lang='lat' dir='ltr'>et</span> <span class='ocrx_word' id='word_1_376' title='bbox 1173 2015 1229 2049; x_wconf 89' lang='lat' dir='ltr'>die</span> <span class='ocrx_word' id='word_1_377' title='bbox 1258 2016 1311 2050; x_wconf 90' lang='lat'>14.</span> <span class='ocrx_word' id='word_1_378' title='bbox 1339 2015 1500 2060; x_wconf 81' lang='lat' dir='ltr'>Januarij</span> <span class='ocrx_word' id='word_1_379' title='bbox 1528 2015 1675 2048; x_wconf 85' lang='lat' dir='ltr'>Senatui</span> <span class='ocrx_word' id='word_1_380' title='bbox 1701 2018 1737 2049; x_wconf 88' lang='lat' dir='ltr'>et</span> <span class='ocrx_word' id='word_1_381' title='bbox 1761 2016 1851 2049; x_wconf 90' lang='lat' dir='ltr'>Aca-</span> 
     </span>
     <span class='ocr_line' id='line_1_35' title="bbox 92 2067 1850 2113; baseline -0.001 -9"><span class='ocrx_word' id='word_1_382' title='bbox 92 2070 230 2104; x_wconf 89' lang='lat' dir='ltr'>demiae</span> <span class='ocrx_word' id='word_1_383' title='bbox 257 2070 388 2104; x_wconf 90' lang='lat' dir='ltr'>obtulit</span> <span class='ocrx_word' id='word_1_384' title='bbox 412 2069 537 2104; x_wconf 85' lang='lat' dir='ltr'>literas</span> <span class='ocrx_word' id='word_1_385' title='bbox 556 2069 753 2110; x_wconf 91' lang='lat' dir='ltr'>Pontificis‚</span> <span class='ocrx_word' id='word_1_386' title='bbox 781 2069 910 2113; x_wconf 89' lang='lat' dir='ltr'>quibus</span> <span class='ocrx_word' id='word_1_387' title='bbox 936 2069 1138 2110; x_wconf 89' lang='lat' dir='ltr'>mandabat,</span> <span class='ocrx_word' id='word_1_388' title='bbox 1168 2071 1208 2102; x_wconf 89' lang='lat' dir='ltr'>vt</span> <span class='ocrx_word' id='word_1_389' title='bbox 1234 2068 1376 2103; x_wconf 86' lang='lat' dir='ltr'>Canisio</span> <span class='ocrx_word' id='word_1_390' title='bbox 1403 2069 1438 2102; x_wconf 93' lang='lat' dir='ltr'>in</span> <span class='ocrx_word' id='word_1_391' title='bbox 1461 2068 1634 2108; x_wconf 89' lang='lat' dir='ltr'>omnibus,</span> <span class='ocrx_word' id='word_1_392' title='bbox 1661 2079 1753 2112; x_wconf 87' lang='lat' dir='ltr'>quae</span> <span class='ocrx_word' id='word_1_393' title='bbox 1772 2067 1850 2102; x_wconf 83' lang='lat' dir='ltr'>S.S.</span> 
     </span>
     <span class='ocr_line' id='line_1_36' title="bbox 92 2121 1852 2168; baseline -0.001 -11"><span class='ocrx_word' id='word_1_394' title='bbox 92 2123 234 2157; x_wconf 87' lang='lat' dir='ltr'>nomine</span> <span class='ocrx_word' id='word_1_395' title='bbox 260 2126 481 2168; x_wconf 77' lang='lat' dir='ltr'>proponeret,</span> <span class='ocrx_word' id='word_1_396' title='bbox 509 2123 615 2156; x_wconf 86' lang='lat' dir='ltr'>fidem</span> <span class='ocrx_word' id='word_1_397' title='bbox 641 2122 826 2156; x_wconf 88' lang='lat' dir='ltr'>haberent.</span> <span class='ocrx_word' id='word_1_398' title='bbox 878 2122 1069 2166; x_wconf 86' lang='lat' dir='ltr'>Proposuit</span> <span class='ocrx_word' id='word_1_399' title='bbox 1100 2124 1218 2156; x_wconf 88' lang='lat' dir='ltr'>autem</span> <span class='ocrx_word' id='word_1_400' title='bbox 1246 2122 1410 2157; x_wconf 86' lang='lat' dir='ltr'>Canisius</span> <span class='ocrx_word' id='word_1_401' title='bbox 1438 2122 1493 2165; x_wconf 89' lang='lat' dir='ltr'>(vt</span> <span class='ocrx_word' id='word_1_402' title='bbox 1520 2121 1653 2155; x_wconf 87' lang='lat' dir='ltr'>habent</span> <span class='ocrx_word' id='word_1_403' title='bbox 1677 2123 1759 2155; x_wconf 86' lang='lat' dir='ltr'>acta</span> <span class='ocrx_word' id='word_1_404' title='bbox 1784 2121 1852 2155; x_wconf 91' lang='lat' dir='ltr'>De-</span> 
     </span>
     <span class='ocr_line' id='line_1_37' title="bbox 92 2174 1853 2219; baseline -0.002 -8"><span class='ocrx_word' id='word_1_405' title='bbox 92 2177 171 2211; x_wconf 83' lang='lat' dir='ltr'>cani</span> <span class='ocrx_word' id='word_1_406' title='bbox 198 2177 343 2219; x_wconf 89' lang='lat' dir='ltr'>artium)</span> <span class='ocrx_word' id='word_1_407' title='bbox 372 2176 480 2210; x_wconf 89' lang='lat' dir='ltr'>haec:</span> <span class='ocrx_word' id='word_1_408' title='bbox 510 2177 544 2210; x_wconf 70' lang='lat'>1¹2·</span> <span class='ocrx_word' id='word_1_409' title='bbox 570 2176 620 2209; x_wconf 87' lang='lat' dir='ltr'>Vt</span> <span class='ocrx_word' id='word_1_410' title='bbox 644 2175 733 2209; x_wconf 91' lang='lat' dir='ltr'>nulli</span> <span class='ocrx_word' id='word_1_411' title='bbox 760 2175 1034 2209; x_wconf 86' lang='lat' dir='ltr'>admitterentur</span> <span class='ocrx_word' id='word_1_412' title='bbox 1061 2175 1338 2209; x_wconf 86' lang='lat' dir='ltr'>Concionatores</span> <span class='ocrx_word' id='word_1_413' title='bbox 1364 2174 1422 2208; x_wconf 89' lang='lat' dir='ltr'>vel</span> <span class='ocrx_word' id='word_1_414' title='bbox 1448 2174 1651 2208; x_wconf 84' lang='lat' dir='ltr'>scholarum</span> <span class='ocrx_word' id='word_1_415' title='bbox 1678 2174 1853 2217; x_wconf 77' lang='lat' dir='ltr'>magistri,</span> 
     </span>
     <span class='ocr_line' id='line_1_38' title="bbox 94 2227 1852 2274; baseline -0.002 -10"><span class='ocrx_word' id='word_1_416' title='bbox 94 2230 162 2264; x_wconf 88' lang='lat' dir='ltr'>nisi</span> <span class='ocrx_word' id='word_1_417' title='bbox 188 2230 360 2274; x_wconf 89' lang='lat' dir='ltr'>probatae</span> <span class='ocrx_word' id='word_1_418' title='bbox 386 2230 479 2263; x_wconf 89' lang='lat' dir='ltr'>fidei.</span> <span class='ocrx_word' id='word_1_419' title='bbox 530 2230 562 2263; x_wconf 80' lang='lat'>2.</span> <span class='ocrx_word' id='word_1_420' title='bbox 582 2229 631 2263; x_wconf 89' lang='lat' dir='ltr'>Vt</span> <span class='ocrx_word' id='word_1_421' title='bbox 657 2229 844 2262; x_wconf 85' lang='lat' dir='ltr'>tolleretur</span> <span class='ocrx_word' id='word_1_422' title='bbox 870 2229 1004 2262; x_wconf 89' lang='lat' dir='ltr'>abusus</span> <span class='ocrx_word' id='word_1_423' title='bbox 1030 2228 1256 2273; x_wconf 84' lang='lat' dir='ltr'>imprimendi</span> <span class='ocrx_word' id='word_1_424' title='bbox 1283 2231 1318 2262; x_wconf 88' lang='lat' dir='ltr'>et</span> <span class='ocrx_word' id='word_1_425' title='bbox 1346 2227 1522 2261; x_wconf 88' lang='lat' dir='ltr'>vendendi</span> <span class='ocrx_word' id='word_1_426' title='bbox 1548 2227 1658 2261; x_wconf 89' lang='lat' dir='ltr'>libros</span> <span class='ocrx_word' id='word_1_427' title='bbox 1684 2227 1852 2272; x_wconf 80' lang='lat' dir='ltr'>impuros.</span> 
     </span>
     <span class='ocr_line' id='line_1_39' title="bbox 91 2280 1852 2327; baseline -0.002 -10"><span class='ocrx_word' id='word_1_428' title='bbox 91 2283 296 2323; x_wconf 88' lang='lat' dir='ltr'>maledicos,</span> <span class='ocrx_word' id='word_1_429' title='bbox 324 2285 359 2316; x_wconf 90' lang='lat' dir='ltr'>et</span> <span class='ocrx_word' id='word_1_430' title='bbox 384 2283 420 2316; x_wconf 92' lang='lat' dir='ltr'>iu</span> <span class='ocrx_word' id='word_1_431' title='bbox 447 2283 576 2327; x_wconf 90' lang='lat' dir='ltr'>quibus</span> <span class='ocrx_word' id='word_1_432' title='bbox 603 2281 788 2315; x_wconf 86' lang='lat' dir='ltr'>Catholica</span> <span class='ocrx_word' id='word_1_433' title='bbox 814 2281 1003 2315; x_wconf 85' lang='lat' dir='ltr'>sinceritas</span> <span class='ocrx_word' id='word_1_434' title='bbox 1028 2281 1242 2315; x_wconf 77' lang='lat' dir='ltr'>laederetur.</span> <span class='ocrx_word' id='word_1_435' title='bbox 1281 2282 1313 2315; x_wconf 87' lang='lat'>3.</span> <span class='ocrx_word' id='word_1_436' title='bbox 1340 2280 1393 2314; x_wconf 89' lang='lat' dir='ltr'>Ne</span> <span class='ocrx_word' id='word_1_437' title='bbox 1419 2280 1658 2314; x_wconf 87' lang='lat' dir='ltr'>tolerarentur</span> <span class='ocrx_word' id='word_1_438' title='bbox 1684 2280 1745 2324; x_wconf 91' lang='lat' dir='ltr'>qui</span> <span class='ocrx_word' id='word_1_439' title='bbox 1771 2292 1852 2314; x_wconf 88' lang='lat' dir='ltr'>cum</span> 
     </span>
     <span class='ocr_line' id='line_1_40' title="bbox 92 2333 1850 2379; baseline -0.001 -9"><span class='ocrx_word' id='word_1_440' title='bbox 92 2336 288 2371; x_wconf 85' lang='lat' dir='ltr'>Catholicis</span> <span class='ocrx_word' id='word_1_441' title='bbox 324 2336 587 2370; x_wconf 83' lang='lat' dir='ltr'>communicare</span> <span class='ocrx_word' id='word_1_442' title='bbox 624 2334 750 2368; x_wconf 90' lang='lat' dir='ltr'>nolunt</span> <span class='ocrx_word' id='word_1_443' title='bbox 784 2335 819 2368; x_wconf 89' lang='lat' dir='ltr'>in</span> <span class='ocrx_word' id='word_1_444' title='bbox 854 2334 1010 2379; x_wconf 84' lang='lat' dir='ltr'>templis,</span> <span class='ocrx_word' id='word_1_445' title='bbox 1044 2335 1290 2374; x_wconf 86' lang='lat' dir='ltr'>sacramentis,</span> <span class='ocrx_word' id='word_1_446' title='bbox 1327 2336 1363 2368; x_wconf 90' lang='lat' dir='ltr'>et</span> <span class='ocrx_word' id='word_1_447' title='bbox 1389 2333 1572 2367; x_wconf 86' lang='lat' dir='ltr'>Ecclesiae</span> <span class='ocrx_word' id='word_1_448' title='bbox 1606 2333 1850 2378; x_wconf 87' lang='lat' dir='ltr'>caeremonijs.</span> 
     </span>
     <span class='ocr_line' id='line_1_41' title="bbox 92 2387 1853 2432; baseline -0.003 -8"><span class='ocrx_word' id='word_1_449' title='bbox 92 2391 124 2424; x_wconf 88' lang='lat'>4.</span> <span class='ocrx_word' id='word_1_450' title='bbox 151 2389 204 2423; x_wconf 89' lang='lat' dir='ltr'>Ne</span> <span class='ocrx_word' id='word_1_451' title='bbox 239 2389 338 2423; x_wconf 90' lang='lat' dir='ltr'>locus</span> <span class='ocrx_word' id='word_1_452' title='bbox 374 2389 478 2422; x_wconf 87' lang='lat' dir='ltr'>detur</span> <span class='ocrx_word' id='word_1_453' title='bbox 513 2387 741 2432; x_wconf 83' lang='lat' dir='ltr'>clancularijs</span> <span class='ocrx_word' id='word_1_454' title='bbox 775 2387 976 2432; x_wconf 87' lang='lat' dir='ltr'>hospitibus</span> <span class='ocrx_word' id='word_1_455' title='bbox 1011 2387 1290 2421; x_wconf 85' lang='lat' dir='ltr'>aduentantibus</span> <span class='ocrx_word' id='word_1_456' title='bbox 1324 2398 1411 2421; x_wconf 89' lang='lat' dir='ltr'>suae</span> <span class='ocrx_word' id='word_1_457' title='bbox 1446 2388 1565 2420; x_wconf 83' lang='lat' dir='ltr'>sectae</span> <span class='ocrx_word' id='word_1_458' title='bbox 1591 2397 1729 2420; x_wconf 80' lang='lat' dir='ltr'>venena</span> <span class='ocrx_word' id='word_1_459' title='bbox 1755 2397 1853 2430; x_wconf 87' lang='lat' dir='ltr'>spar-</span> 
     </span>
     <span class='ocr_line' id='line_1_42' title="bbox 93 2439 1852 2487; baseline -0.003 -10"><span class='ocrx_word' id='word_1_460' title='bbox 93 2443 270 2487; x_wconf 84' lang='lat' dir='ltr'>gentibus.</span> <span class='ocrx_word' id='word_1_461' title='bbox 323 2443 354 2476; x_wconf 90' lang='lat'>5.</span> <span class='ocrx_word' id='word_1_462' title='bbox 382 2442 432 2476; x_wconf 76' lang='lat' dir='ltr'>Vt</span> <span class='ocrx_word' id='word_1_463' title='bbox 469 2453 596 2476; x_wconf 84' lang='lat' dir='ltr'>seuera</span> <span class='ocrx_word' id='word_1_464' title='bbox 635 2441 804 2474; x_wconf 84' lang='lat' dir='ltr'>mandata</span> <span class='ocrx_word' id='word_1_465' title='bbox 839 2443 963 2474; x_wconf 88' lang='lat' dir='ltr'>contra</span> <span class='ocrx_word' id='word_1_466' title='bbox 998 2442 1200 2480; x_wconf 86' lang='lat' dir='ltr'>nouatores,</span> <span class='ocrx_word' id='word_1_467' title='bbox 1239 2452 1307 2474; x_wconf 88' lang='lat' dir='ltr'>non</span> <span class='ocrx_word' id='word_1_468' title='bbox 1346 2440 1461 2474; x_wconf 90' lang='lat' dir='ltr'>solum</span> <span class='ocrx_word' id='word_1_469' title='bbox 1499 2442 1752 2484; x_wconf 75' lang='lat' dir='ltr'>proponantur,</span> <span class='ocrx_word' id='word_1_470' title='bbox 1790 2439 1852 2473; x_wconf 90' lang='lat' dir='ltr'>sed</span> 
     </span>
     <span class='ocr_line' id='line_1_43' title="bbox 91 2491 1852 2538; baseline -0.002 -9"><span class='ocrx_word' id='word_1_471' title='bbox 91 2496 200 2529; x_wconf 87' lang='lat' dir='ltr'>etiam</span> <span class='ocrx_word' id='word_1_472' title='bbox 227 2495 428 2529; x_wconf 83' lang='lat' dir='ltr'>executioni</span> <span class='ocrx_word' id='word_1_473' title='bbox 457 2495 586 2528; x_wconf 83' lang='lat' dir='ltr'>dentur</span> <span class='ocrx_word' id='word_1_474' title='bbox 611 2494 645 2528; x_wconf 92' lang='lat' dir='ltr'>in</span> <span class='ocrx_word' id='word_1_475' title='bbox 673 2494 750 2527; x_wconf 88' lang='lat' dir='ltr'>vita</span> <span class='ocrx_word' id='word_1_476' title='bbox 776 2496 812 2527; x_wconf 91' lang='lat' dir='ltr'>et</span> <span class='ocrx_word' id='word_1_477' title='bbox 837 2495 919 2538; x_wconf 91' lang='lat' dir='ltr'>post</span> <span class='ocrx_word' id='word_1_478' title='bbox 944 2495 1104 2527; x_wconf 88' lang='lat' dir='ltr'>mortem.</span> <span class='ocrx_word' id='word_1_479' title='bbox 1145 2495 1176 2527; x_wconf 91' lang='lat'>6.</span> <span class='ocrx_word' id='word_1_480' title='bbox 1201 2492 1251 2526; x_wconf 82' lang='lat' dir='ltr'>Vt</span> <span class='ocrx_word' id='word_1_481' title='bbox 1264 2492 1501 2533; x_wconf 79' lang='lat' dir='ltr'>Vniuersitas,</span> <span class='ocrx_word' id='word_1_482' title='bbox 1527 2492 1629 2525; x_wconf 79' lang='lat' dir='ltr'>iuxta</span> <span class='ocrx_word' id='word_1_483' title='bbox 1656 2491 1852 2525; x_wconf 87' lang='lat' dir='ltr'>Concilium</span> 
     </span>
     <span class='ocr_line' id='line_1_44' title="bbox 91 2544 1853 2591; baseline -0.003 -9"><span class='ocrx_word' id='word_1_484' title='bbox 91 2549 337 2582; x_wconf 86' lang='lat' dir='ltr'>Tridentinum</span> <span class='ocrx_word' id='word_1_485' title='bbox 369 2548 486 2591; x_wconf 88' lang='lat' dir='ltr'>(cuius</span> <span class='ocrx_word' id='word_1_486' title='bbox 512 2547 758 2581; x_wconf 84' lang='lat' dir='ltr'>authenticum</span> <span class='ocrx_word' id='word_1_487' title='bbox 786 2546 941 2580; x_wconf 87' lang='lat' dir='ltr'>donabat</span> <span class='ocrx_word' id='word_1_488' title='bbox 958 2546 1185 2590; x_wconf 40' lang='lat' dir='ltr'>exempla&amp;</span> <span class='ocrx_word' id='word_1_489' title='bbox 1213 2548 1291 2580; x_wconf 88' lang='lat' dir='ltr'>erat</span> <span class='ocrx_word' id='word_1_490' title='bbox 1308 2557 1328 2579; x_wconf 85' lang='lat' dir='ltr'>a</span> <span class='ocrx_word' id='word_1_491' title='bbox 1345 2545 1506 2590; x_wconf 84' lang='lat' dir='ltr'>Notarijs</span> <span class='ocrx_word' id='word_1_492' title='bbox 1525 2544 1658 2578; x_wconf 85' lang='lat' dir='ltr'>Romae</span> <span class='ocrx_word' id='word_1_493' title='bbox 1677 2544 1853 2589; x_wconf 88' lang='lat' dir='ltr'>subscrip-</span> 
     </span>
     <span class='ocr_line' id='line_1_45' title="bbox 91 2597 1849 2642; baseline -0.003 -7"><span class='ocrx_word' id='word_1_494' title='bbox 91 2604 178 2642; x_wconf 87' lang='lat' dir='ltr'>tum.</span> <span class='ocrx_word' id='word_1_495' title='bbox 207 2601 405 2635; x_wconf 87' lang='lat' dir='ltr'>cuiusmodi</span> <span class='ocrx_word' id='word_1_496' title='bbox 432 2601 500 2634; x_wconf 92' lang='lat' dir='ltr'>duo</span> <span class='ocrx_word' id='word_1_497' title='bbox 524 2600 622 2634; x_wconf 88' lang='lat' dir='ltr'>dedit</span> <span class='ocrx_word' id='word_1_498' title='bbox 640 2599 841 2634; x_wconf 87' lang='lat' dir='ltr'>Coloniensi</span> <span class='ocrx_word' id='word_1_499' title='bbox 862 2599 1032 2642; x_wconf 84' lang='lat' dir='ltr'>Collegio,</span> <span class='ocrx_word' id='word_1_500' title='bbox 1057 2599 1117 2633; x_wconf 91' lang='lat' dir='ltr'>vbi</span> <span class='ocrx_word' id='word_1_501' title='bbox 1145 2599 1312 2642; x_wconf 85' lang='lat' dir='ltr'>cognouit</span> <span class='ocrx_word' id='word_1_502' title='bbox 1339 2601 1517 2632; x_wconf 88' lang='lat' dir='ltr'>mortuum</span> <span class='ocrx_word' id='word_1_503' title='bbox 1545 2609 1623 2631; x_wconf 86' lang='lat' dir='ltr'>esse</span> <span class='ocrx_word' id='word_1_504' title='bbox 1650 2597 1753 2631; x_wconf 89' lang='lat' dir='ltr'>Pium</span> <span class='ocrx_word' id='word_1_505' title='bbox 1772 2597 1849 2639; x_wconf 90' lang='lat' dir='ltr'>lV.)</span> 
     </span>
     <span class='ocr_line' id='line_1_46' title="bbox 91 2650 1854 2699; baseline -0.003 -10"><span class='ocrx_word' id='word_1_506' title='bbox 91 2666 171 2689; x_wconf 86' lang='lat' dir='ltr'>sese</span> <span class='ocrx_word' id='word_1_507' title='bbox 198 2656 428 2699; x_wconf 86' lang='lat' dir='ltr'>componeret</span> <span class='ocrx_word' id='word_1_508' title='bbox 454 2656 488 2687; x_wconf 86' lang='lat' dir='ltr'>et</span> <span class='ocrx_word' id='word_1_509' title='bbox 516 2654 746 2693; x_wconf 84' lang='lat' dir='ltr'>reformaret;</span> <span class='ocrx_word' id='word_1_510' title='bbox 774 2653 985 2697; x_wconf 88' lang='lat' dir='ltr'>praesertim</span> <span class='ocrx_word' id='word_1_511' title='bbox 1013 2664 1055 2685; x_wconf 89' lang='lat' dir='ltr'>ne</span> <span class='ocrx_word' id='word_1_512' title='bbox 1083 2652 1163 2696; x_wconf 90' lang='lat' dir='ltr'>quis</span> <span class='ocrx_word' id='word_1_513' title='bbox 1190 2652 1224 2685; x_wconf 88' lang='lat' dir='ltr'>in</span> <span class='ocrx_word' id='word_1_514' title='bbox 1251 2654 1405 2696; x_wconf 85' lang='lat' dir='ltr'>quatuor</span> <span class='ocrx_word' id='word_1_515' title='bbox 1430 2650 1664 2685; x_wconf 86' lang='lat' dir='ltr'>facultatibus</span> <span class='ocrx_word' id='word_1_516' title='bbox 1690 2650 1854 2684; x_wconf 88' lang='lat' dir='ltr'>admitte-</span> 
     </span>
     <span class='ocr_line' id='line_1_47' title="bbox 93 2702 1853 2751; baseline -0.004 -9"><span class='ocrx_word' id='word_1_517' title='bbox 93 2710 193 2742; x_wconf 90' lang='lat' dir='ltr'>retur</span> <span class='ocrx_word' id='word_1_518' title='bbox 219 2708 263 2741; x_wconf 91' lang='lat' dir='ltr'>ad</span> <span class='ocrx_word' id='word_1_519' title='bbox 293 2707 426 2751; x_wconf 85' lang='lat' dir='ltr'>gradus</span> <span class='ocrx_word' id='word_1_520' title='bbox 452 2706 724 2751; x_wconf 85' lang='lat' dir='ltr'>promotionum,</span> <span class='ocrx_word' id='word_1_521' title='bbox 759 2705 827 2739; x_wconf 89' lang='lat' dir='ltr'>nisi</span> <span class='ocrx_word' id='word_1_522' title='bbox 862 2705 959 2739; x_wconf 88' lang='lat' dir='ltr'>facta</span> <span class='ocrx_word' id='word_1_523' title='bbox 994 2705 1076 2739; x_wconf 91' lang='lat' dir='ltr'>fidei</span> <span class='ocrx_word' id='word_1_524' title='bbox 1102 2705 1324 2750; x_wconf 87' lang='lat' dir='ltr'>professione</span> <span class='ocrx_word' id='word_1_525' title='bbox 1350 2705 1452 2738; x_wconf 84' lang='lat' dir='ltr'>iuxta</span> <span class='ocrx_word' id='word_1_526' title='bbox 1478 2703 1623 2737; x_wconf 83' lang='lat' dir='ltr'>allatam</span> <span class='ocrx_word' id='word_1_527' title='bbox 1650 2702 1853 2736; x_wconf 89' lang='lat' dir='ltr'>formulam.</span> 
     </span>
     <span class='ocr_line' id='line_1_48' title="bbox 94 2755 1855 2803; baseline -0.003 -9"><span class='ocrx_word' id='word_1_528' title='bbox 94 2761 124 2795; x_wconf 91' lang='lat'>7.</span> <span class='ocrx_word' id='word_1_529' title='bbox 140 2760 189 2794; x_wconf 83' lang='lat' dir='ltr'>Vt</span> <span class='ocrx_word' id='word_1_530' title='bbox 214 2760 386 2794; x_wconf 85' lang='lat' dir='ltr'>beneficia</span> <span class='ocrx_word' id='word_1_531' title='bbox 413 2771 458 2793; x_wconf 88' lang='lat' dir='ltr'>ex</span> <span class='ocrx_word' id='word_1_532' title='bbox 484 2759 713 2793; x_wconf 86' lang='lat' dir='ltr'>concessione</span> <span class='ocrx_word' id='word_1_533' title='bbox 732 2757 938 2803; x_wconf 83' lang='lat' dir='ltr'>Apostolica</span> <span class='ocrx_word' id='word_1_534' title='bbox 965 2769 1033 2791; x_wconf 89' lang='lat' dir='ltr'>non</span> <span class='ocrx_word' id='word_1_535' title='bbox 1058 2759 1314 2798; x_wconf 83' lang='lat' dir='ltr'>conferrentur,</span> <span class='ocrx_word' id='word_1_536' title='bbox 1341 2757 1409 2790; x_wconf 89' lang='lat' dir='ltr'>nisi</span> <span class='ocrx_word' id='word_1_537' title='bbox 1436 2757 1497 2800; x_wconf 91' lang='lat' dir='ltr'>qui</span> <span class='ocrx_word' id='word_1_538' title='bbox 1515 2755 1629 2790; x_wconf 89' lang='lat' dir='ltr'>velint</span> <span class='ocrx_word' id='word_1_539' title='bbox 1655 2759 1690 2789; x_wconf 89' lang='lat' dir='ltr'>et</span> <span class='ocrx_word' id='word_1_540' title='bbox 1716 2755 1855 2800; x_wconf 88' lang='lat' dir='ltr'>possint</span> 
     </span>
     <span class='ocr_line' id='line_1_49' title="bbox 92 2809 1854 2858; baseline -0.004 -10"><span class='ocrx_word' id='word_1_541' title='bbox 92 2813 234 2858; x_wconf 88' lang='lat' dir='ltr'>publice</span> <span class='ocrx_word' id='word_1_542' title='bbox 259 2813 416 2858; x_wconf 87' lang='lat' dir='ltr'>profiteri</span> <span class='ocrx_word' id='word_1_543' title='bbox 444 2813 545 2846; x_wconf 84' lang='lat' dir='ltr'>iuxta</span> <span class='ocrx_word' id='word_1_544' title='bbox 571 2812 767 2856; x_wconf 87' lang='lat' dir='ltr'>promissa:</span> <span class='ocrx_word' id='word_1_545' title='bbox 804 2813 915 2854; x_wconf 87' lang='lat' dir='ltr'>vtque</span> <span class='ocrx_word' id='word_1_546' title='bbox 942 2811 1055 2845; x_wconf 86' lang='lat' dir='ltr'>maior</span> <span class='ocrx_word' id='word_1_547' title='bbox 1080 2811 1255 2845; x_wconf 81' lang='lat' dir='ltr'>habeatur</span> <span class='ocrx_word' id='word_1_548' title='bbox 1289 2811 1379 2844; x_wconf 80' lang='lat' dir='ltr'>ratio</span> <span class='ocrx_word' id='word_1_549' title='bbox 1405 2809 1597 2843; x_wconf 86' lang='lat' dir='ltr'>lectionum</span> <span class='ocrx_word' id='word_1_550' title='bbox 1634 2811 1670 2842; x_wconf 91' lang='lat' dir='ltr'>et</span> <span class='ocrx_word' id='word_1_551' title='bbox 1696 2809 1854 2853; x_wconf 86' lang='lat' dir='ltr'>disputa-</span> 
     </span>
     <span class='ocr_line' id='line_1_50' title="bbox 91 2860 1854 2911; baseline -0.003 -11"><span class='ocrx_word' id='word_1_552' title='bbox 91 2866 238 2908; x_wconf 87' lang='lat' dir='ltr'>tionum,</span> <span class='ocrx_word' id='word_1_553' title='bbox 265 2866 492 2911; x_wconf 86' lang='lat' dir='ltr'>potissimum</span> <span class='ocrx_word' id='word_1_554' title='bbox 519 2865 552 2898; x_wconf 91' lang='lat' dir='ltr'>in</span> <span class='ocrx_word' id='word_1_555' title='bbox 568 2864 774 2906; x_wconf 85' lang='lat' dir='ltr'>Theologia.</span> <span class='ocrx_word' id='word_1_556' title='bbox 810 2864 920 2897; x_wconf 83' lang='lat' dir='ltr'>Facta</span> <span class='ocrx_word' id='word_1_557' title='bbox 947 2864 1214 2905; x_wconf 88' lang='lat' dir='ltr'>deliberatione,</span> <span class='ocrx_word' id='word_1_558' title='bbox 1241 2866 1343 2897; x_wconf 86' lang='lat' dir='ltr'>actae</span> <span class='ocrx_word' id='word_1_559' title='bbox 1369 2865 1454 2896; x_wconf 87' lang='lat' dir='ltr'>sunt</span> <span class='ocrx_word' id='word_1_560' title='bbox 1480 2862 1619 2905; x_wconf 85' lang='lat' dir='ltr'>gratiae</span> <span class='ocrx_word' id='word_1_561' title='bbox 1645 2861 1686 2896; x_wconf 93' lang='lat' dir='ltr'>D.</span> <span class='ocrx_word' id='word_1_562' title='bbox 1705 2860 1854 2899; x_wconf 79' lang='lat' dir='ltr'>Nuncio,</span> 
     </span>
     <span class='ocr_line' id='line_1_51' title="bbox 92 2914 1855 2964; baseline -0.003 -11"><span class='ocrx_word' id='word_1_563' title='bbox 92 2919 380 2964; x_wconf 88' lang='lat' dir='ltr'>promissumque</span> <span class='ocrx_word' id='word_1_564' title='bbox 415 2919 450 2952; x_wconf 87' lang='lat' dir='ltr'>in</span> <span class='ocrx_word' id='word_1_565' title='bbox 477 2917 639 2951; x_wconf 88' lang='lat' dir='ltr'>omnibus</span> <span class='ocrx_word' id='word_1_566' title='bbox 666 2917 859 2961; x_wconf 87' lang='lat' dir='ltr'>propositis</span> <span class='ocrx_word' id='word_1_567' title='bbox 893 2920 930 2950; x_wconf 90' lang='lat' dir='ltr'>et</span> <span class='ocrx_word' id='word_1_568' title='bbox 954 2916 1131 2951; x_wconf 89' lang='lat' dir='ltr'>similibus</span> <span class='ocrx_word' id='word_1_569' title='bbox 1166 2928 1205 2950; x_wconf 89' lang='lat' dir='ltr'>se</span> <span class='ocrx_word' id='word_1_570' title='bbox 1231 2916 1471 2959; x_wconf 87' lang='lat' dir='ltr'>obsequentes</span> <span class='ocrx_word' id='word_1_571' title='bbox 1498 2915 1585 2948; x_wconf 85' lang='lat' dir='ltr'>fore.</span> <span class='ocrx_word' id='word_1_572' title='bbox 1636 2914 1697 2948; x_wconf 85' lang='lat' dir='ltr'>Jta</span> <span class='ocrx_word' id='word_1_573' title='bbox 1724 2914 1855 2947; x_wconf 84' lang='lat' dir='ltr'>habent</span> 
     </span>
     <span class='ocr_line' id='line_1_52' title="bbox 93 2967 1854 3015; baseline -0.003 -9"><span class='ocrx_word' id='word_1_574' title='bbox 93 2973 194 3006; x_wconf 83' lang='lat' dir='ltr'>acta“</span> <span class='ocrx_word' id='word_1_575' title='bbox 227 2972 288 3015; x_wconf 88' lang='lat' dir='ltr'>(ex</span> <span class='ocrx_word' id='word_1_576' title='bbox 314 2974 473 3015; x_wconf 83' lang='lat' dir='ltr'>autogr.:</span> <span class='ocrx_word' id='word_1_577' title='bbox 503 2970 586 3005; x_wconf 89' lang='lat' dir='ltr'>Cod.</span> <span class='ocrx_word' id='word_1_578' title='bbox 617 2970 726 3015; x_wconf 76' lang='lat' dir='ltr'>„Epp.</span> <span class='ocrx_word' id='word_1_579' title='bbox 754 2970 798 3003; x_wconf 90' lang='lat' dir='ltr'>ad</span> <span class='ocrx_word' id='word_1_580' title='bbox 824 2969 913 3003; x_wconf 88' lang='lat' dir='ltr'>Rad.</span> <span class='ocrx_word' id='word_1_581' title='bbox 944 2970 1176 3004; x_wconf 86' lang='lat'>1606—1615</span> <span class='ocrx_word' id='word_1_582' title='bbox 1203 2969 1238 3002; x_wconf 81' lang='lat'>1“</span> <span class='ocrx_word' id='word_1_583' title='bbox 1268 2981 1301 3003; x_wconf 87' lang='lat' dir='ltr'>n.</span> <span class='ocrx_word' id='word_1_584' title='bbox 1321 2969 1376 3008; x_wconf 85' lang='lat'>54,</span> <span class='ocrx_word' id='word_1_585' title='bbox 1404 2969 1424 3011; x_wconf 64' lang='grc' dir='ltr'>ξ</span> <span class='ocrx_word' id='word_1_586' title='bbox 1450 2968 1583 3011; x_wconf 82' lang='lat' dir='ltr'>xxxv).</span> <span class='ocrx_word' id='word_1_587' title='bbox 1619 2967 1706 3001; x_wconf 89' lang='lat' dir='ltr'>Cum</span> <span class='ocrx_word' id='word_1_588' title='bbox 1734 2969 1854 3001; x_wconf 88' lang='lat' dir='ltr'>autem</span> 
     </span>
     <span class='ocr_line' id='line_1_53' title="bbox 94 3020 1855 3059; baseline -0.003 -1"><span class='ocrx_word' id='word_1_589' title='bbox 94 3024 223 3059; x_wconf 83' lang='lat' dir='ltr'>Raderi</span> <span class='ocrx_word' id='word_1_590' title='bbox 259 3025 302 3059; x_wconf 92' lang='lat' dir='ltr'>de</span> <span class='ocrx_word' id='word_1_591' title='bbox 328 3025 405 3058; x_wconf 84' lang='lat' dir='ltr'>vita</span> <span class='ocrx_word' id='word_1_592' title='bbox 432 3023 563 3058; x_wconf 87' lang='lat' dir='ltr'>Canisii</span> <span class='ocrx_word' id='word_1_593' title='bbox 599 3023 690 3056; x_wconf 84' lang='lat' dir='ltr'>liber</span> <span class='ocrx_word' id='word_1_594' title='bbox 724 3034 755 3057; x_wconf 83' lang='lat' dir='ltr'>a.</span> <span class='ocrx_word' id='word_1_595' title='bbox 784 3023 874 3057; x_wconf 87' lang='lat'>1614</span> <span class='ocrx_word' id='word_1_596' title='bbox 909 3022 976 3056; x_wconf 90' lang='lat' dir='ltr'>sub</span> <span class='ocrx_word' id='word_1_597' title='bbox 1002 3025 1177 3056; x_wconf 85' lang='lat' dir='ltr'>aestatem</span> <span class='ocrx_word' id='word_1_598' title='bbox 1205 3021 1383 3055; x_wconf 88' lang='lat' dir='ltr'>Monachii</span> <span class='ocrx_word' id='word_1_599' title='bbox 1420 3022 1454 3055; x_wconf 91' lang='lat' dir='ltr'>in</span> <span class='ocrx_word' id='word_1_600' title='bbox 1490 3021 1605 3055; x_wconf 87' lang='lat' dir='ltr'>lucem</span> <span class='ocrx_word' id='word_1_601' title='bbox 1631 3020 1784 3054; x_wconf 87' lang='lat' dir='ltr'>emissus</span> <span class='ocrx_word' id='word_1_602' title='bbox 1819 3022 1855 3054; x_wconf 91' lang='lat' dir='ltr'>et</span> 
     </span>
    </p>
   </div>
   <div class='ocr_carea' id='block_1_3' title="bbox 94 3108 1856 3226">
    <p class='ocr_par' dir='ltr' id='par_1_3' title="bbox 94 3108 1856 3226">
     <span class='ocr_line' id='line_1_54' title="bbox 211 3108 1854 3143; baseline -0.005 -6"><span class='ocrx_word' id='word_1_603' title='bbox 211 3113 238 3142; x_wconf 84' lang='lat' dir='ltr'>a)</span> <span class='ocrx_word' id='word_1_604' title='bbox 261 3113 306 3137; x_wconf 80' lang='lat' dir='ltr'>Ita</span> <span class='ocrx_word' id='word_1_605' title='bbox 327 3112 438 3137; x_wconf 72' lang='lat' dir='ltr'>Hasias</span> <span class='ocrx_word' id='word_1_606' title='bbox 457 3112 519 3143; x_wconf 70' lang='lat' dir='ltr'>ipse</span> <span class='ocrx_word' id='word_1_607' title='bbox 539 3111 678 3141; x_wconf 68' lang='lat' dir='ltr'>correxit,</span> <span class='ocrx_word' id='word_1_608' title='bbox 697 3118 770 3142; x_wconf 66' lang='lat' dir='ltr'>(luae</span> <span class='ocrx_word' id='word_1_609' title='bbox 790 3110 969 3141; x_wconf 73' lang='lat' dir='ltr'>scripserat:</span> <span class='ocrx_word' id='word_1_610' title='bbox 995 3108 1141 3134; x_wconf 83' lang='lat' dir='ltr'>Januario</span> <span class='ocrx_word' id='word_1_611' title='bbox 1164 3109 1240 3134; x_wconf 74' lang='lat'>1506.</span> <span class='ocrx_word' id='word_1_612' title='bbox 1315 3108 1344 3139; x_wconf 90' lang='lat' dir='ltr'>b)</span> <span class='ocrx_word' id='word_1_613' title='bbox 1366 3110 1425 3133; x_wconf 71' lang='lat'>1100</span> <span class='ocrx_word' id='word_1_614' title='bbox 1453 3117 1475 3132; x_wconf 74' lang='grc' dir='ltr'>ι’.</span> <span class='ocrx_word' id='word_1_615' title='bbox 1502 3108 1536 3132; x_wconf 77' lang='lat' dir='ltr'>ab</span> <span class='ocrx_word' id='word_1_616' title='bbox 1558 3109 1594 3132; x_wconf 91' lang='lat' dir='ltr'>H.</span> <span class='ocrx_word' id='word_1_617' title='bbox 1621 3115 1713 3139; x_wconf 76' lang='lat' dir='ltr'>supra</span> <span class='ocrx_word' id='word_1_618' title='bbox 1741 3115 1854 3132; x_wconf 71' lang='lat' dir='ltr'>versum</span> 
     </span>
     <span class='ocr_line' id='line_1_55' title="bbox 94 3148 1856 3185; baseline -0.003 -7"><span class='ocrx_word' id='word_1_619' title='bbox 94 3153 236 3185; x_wconf 72' lang='lat' dir='ltr'>scriptum</span> <span class='ocrx_word' id='word_1_620' title='bbox 255 3156 306 3178; x_wconf 81' lang='lat' dir='ltr'>est.</span> <span class='ocrx_word' id='word_1_621' title='bbox 386 3154 412 3183; x_wconf 87' lang='lat' dir='ltr'>c)</span> <span class='ocrx_word' id='word_1_622' title='bbox 433 3154 479 3177; x_wconf 69' lang='lat' dir='ltr'>Ita</span> <span class='ocrx_word' id='word_1_623' title='bbox 502 3153 537 3177; x_wconf 87' lang='lat' dir='ltr'>H.</span> <span class='ocrx_word' id='word_1_624' title='bbox 558 3153 620 3183; x_wconf 69' lang='lat' dir='ltr'>‘ipse</span> <span class='ocrx_word' id='word_1_625' title='bbox 641 3151 778 3181; x_wconf 63' lang='lat' dir='ltr'>correxit,</span> <span class='ocrx_word' id='word_1_626' title='bbox 798 3160 871 3183; x_wconf 80' lang='lat' dir='ltr'>qnae</span> <span class='ocrx_word' id='word_1_627' title='bbox 891 3152 1069 3182; x_wconf 72' lang='lat' dir='ltr'>scripserat:</span> <span class='ocrx_word' id='word_1_628' title='bbox 1095 3157 1112 3175; x_wconf 79' lang='lat' dir='ltr'>a</span> <span class='ocrx_word' id='word_1_629' title='bbox 1133 3150 1185 3175; x_wconf 82' lang='lat' dir='ltr'>Pio</span> <span class='ocrx_word' id='word_1_630' title='bbox 1208 3149 1257 3175; x_wconf 89' lang='lat' dir='ltr'>lv.</span> <span class='ocrx_word' id='word_1_631' title='bbox 1279 3149 1433 3175; x_wconf 82' lang='lat' dir='ltr'>Coloniam</span> <span class='ocrx_word' id='word_1_632' title='bbox 1454 3150 1485 3173; x_wconf 81' lang='lat' dir='ltr'>et</span> <span class='ocrx_word' id='word_1_633' title='bbox 1505 3148 1541 3174; x_wconf 81' lang='lat' dir='ltr'>ad</span> <span class='ocrx_word' id='word_1_634' title='bbox 1563 3148 1680 3174; x_wconf 80' lang='lat' dir='ltr'>vicinos</span> <span class='ocrx_word' id='word_1_635' title='bbox 1702 3148 1856 3180; x_wconf 80' lang='lat' dir='ltr'>Principes</span> 
     </span>
     <span class='ocr_line' id='line_1_56' title="bbox 95 3190 1599 3226; baseline -0.003 -7"><span class='ocrx_word' id='word_1_636' title='bbox 95 3193 217 3221; x_wconf 85' lang='lat' dir='ltr'>missus.</span> <span class='ocrx_word' id='word_1_637' title='bbox 290 3194 321 3226; x_wconf 84' lang='lat' dir='ltr'>d)</span> <span class='ocrx_word' id='word_1_638' title='bbox 344 3196 421 3225; x_wconf 67' lang='lat' dir='ltr'>Quae</span> <span class='ocrx_word' id='word_1_639' title='bbox 441 3197 611 3225; x_wconf 70' lang='lat' dir='ltr'>sequuntur,</span> <span class='ocrx_word' id='word_1_640' title='bbox 631 3200 719 3224; x_wconf 70' lang='lat' dir='ltr'>usque</span> <span class='ocrx_word' id='word_1_641' title='bbox 740 3193 777 3217; x_wconf 75' lang='lat' dir='ltr'>ml</span> <span class='ocrx_word' id='word_1_642' title='bbox 799 3192 883 3217; x_wconf 86' lang='lat' dir='ltr'>Pium</span> <span class='ocrx_word' id='word_1_643' title='bbox 905 3190 966 3223; x_wconf 89' lang='lat' dir='ltr'>lv.)</span> <span class='ocrx_word' id='word_1_644' title='bbox 987 3193 1063 3222; x_wconf 63' lang='lat' dir='ltr'>incl„</span> <span class='ocrx_word' id='word_1_645' title='bbox 1084 3192 1119 3216; x_wconf 79' lang='lat' dir='ltr'>ab</span> <span class='ocrx_word' id='word_1_646' title='bbox 1140 3193 1176 3216; x_wconf 87' lang='grc' dir='ltr'>ΙΙ.</span> <span class='ocrx_word' id='word_1_647' title='bbox 1198 3192 1226 3216; x_wconf 73' lang='lat' dir='ltr'>in</span> <span class='ocrx_word' id='word_1_648' title='bbox 1248 3192 1379 3222; x_wconf 68' lang='lat' dir='ltr'>mcwgeine</span> <span class='ocrx_word' id='word_1_649' title='bbox 1399 3191 1502 3215; x_wconf 72' lang='lat' dir='ltr'>addita</span> <span class='ocrx_word' id='word_1_650' title='bbox 1522 3193 1599 3214; x_wconf 72' lang='lat' dir='ltr'>sunt.</span> 
     </span>
    </p>
   </div>
  </div>
 </body>
</html>
