2045 3471
91 192 185 226 Mon.
206 192 271 227 661
292 191 370 226 sive
390 203 472 235 aug.
491 192 526 234 (b
543 192 615 235 18).
654 192 710 227 24.
729 191 853 226 Martii
872 192 976 227 1566.
1027 192 1095 226 662
1115 192 1192 226 sive
1211 203 1294 235 aug.
1311 191 1348 236 (b
1365 193 1438 235 19).
1465 193 1496 227 8.
1517 193 1601 237 Apr.
1624 192 1725 227 1566.
1769 195 1849 235 571

88 324 191 364 pere
224 312 267 352 et
299 310 531 364 discipulos
563 324 657 352 esse
680 310 840 352 Christi
871 313 916 352 et
947 312 1229 353 contemnunt
1252 311 1490 353 Ecclesiam
1519 311 1694 364 eiusque
1726 311 1851 352 fidem

89 374 328 417 doctrinam
353 378 397 417 et
420 375 742 418 auctoritatem.
781 375 987 428 Quicquid
1016 389 1101 416 non
1124 376 1192 416 est
1214 375 1420 429 scriptum
1444 375 1486 417 in
1510 376 1750 429 Euangelio
1773 375 1853 417 hoc

89 442 156 481 est
187 439 272 482 illis
304 443 552 494 suspectum
595 442 639 482 et
670 440 842 482 interim
875 454 959 481 non
993 441 1147 482 curant
1180 439 1436 482 charitatem
1475 454 1584 493 quae
1625 440 1852 495 primum

89 506 142 546 et
185 505 475 546 maximum
519 505 863 547 mandatum1
906 503 1016 558 legis
1057 506 1102 546 et
1143 504 1386 558 Euangelij.
1460 507 1505 547 3?
1546 505 1708 546 similes
1753 507 1853 546 sunt

87 569 295 612 Catholici
336 570 407 623 qui
449 572 675 612 externam
708 569 892 624 speciem
927 569 1161 611 ostendunt
1192 568 1423 610 haerentes
1456 572 1627 611 tantum
1659 569 1701 610 in
1735 582 1854 611 cere-

87 634 241 688 monijs
283 637 327 677 et
360 635 668 677 consuetudine
700 634 872 688 frigida,
916 634 1150 675 secundum
1187 647 1351 675 morem
1393 633 1539 687 populi
1572 648 1852 684 communem,

87 713 171 741 non
203 699 415 742 habentes
455 699 627 742 interim
666 699 864 742 timorem
908 702 952 742 et
984 712 1173 741 amorem
1208 698 1286 740 Dei
1320 699 1394 740 sed
1429 699 1693 741 confidentes
1725 699 1768 740 in
1802 712 1852 740 eo

87 764 198 818 quod
232 767 334 807 sunt
366 768 409 807 et
441 767 619 806 manent
651 764 693 806 in
727 778 832 806 vera
865 764 1061 806 ecclesia.
1125 763 1181 805 Jn
1215 777 1300 816 qua
1332 763 1425 805 sola
1457 763 1650 806 Christus
1683 763 1852 805 habitat

87 831 132 871 et
164 832 438 872 sacramenta
461 831 696 883 operantur
729 831 773 871 et
806 830 917 871 bona
940 843 1072 883 opera
1095 829 1256 871 valent.
1311 830 1357 869 4⁰
1389 828 1470 870 huc
1502 828 1722 882 pertinent
1753 827 1852 869 falsi

86 894 277 947 religiosi
319 894 389 947 qui
431 908 516 936 non
558 898 712 936 curant
754 907 931 936 seruare
965 897 1069 935 vota
1110 896 1154 936 et
1185 893 1355 935 Christo
1397 893 1573 935 uiuere2
1605 907 1656 935 ac
1689 893 1852 934 seruire

85 962 179 1001 toto
213 959 341 1000 corde
354 960 383 1009 3,
426 959 527 1001 sed²
559 959 778 1001 confidunt
810 958 984 1001 interim
1017 958 1060 1000 in
1093 972 1169 1000 suo
1203 958 1365 1008 ordine,
1403 957 1565 1008 habitu,
1599 957 1850 1012 priuilegijs.

85 1024 302 1067 statutisb.
379 1023 498 1066 Nisi
549 1024 923 1066 abundauerit
970 1023 1199 1066 iustitia
1242 1024 1479 1073 vestra4,
1528 1025 1575 1065 ut
1621 1023 1850 1065 obseruent

91 1091 109 1130 1
144 1089 352 1131 mandata
386 1091 410 1130 2
444 1088 623 1130 consilia
657 1091 682 1130 3
716 1091 764 1130 ut
796 1091 1028 1130 exerceant
1061 1102 1108 1129 se
1142 1088 1259 1130 cultu
1293 1088 1374 1130 dei.

204 1169 372 1213 Virgines
408 1169 653 1204 dominicanae
691 1169 898 1204 monasterii
937 1170 969 1204 S.
998 1169 1214 1203 Catharinae
1249 1176 1280 1203 3.
1310 1169 1543 1204 1530-1540
1578 1169 1718 1203 senatui
1753 1168 1852 1202 urbis

83 1223 181 1268 ipsas
200 1223 244 1257 ad
262 1223 518 1257 monasterium
538 1223 773 1257 deserendum
799 1225 836 1257 et
854 1225 939 1257 vota
964 1223 1134 1266 religiosa
1153 1222 1321 1257 violanda
1338 1222 1533 1256 identidem
1552 1223 1695 1266 urgenti
1720 1233 1852 1265 inagna

84 1276 282 1310 animorum
308 1276 518 1310 fortitudine
544 1276 753 1311 restiterant
774 1276 934 1319 (Friedr.
950 1277 1053 1320 Roth,
1080 1276 1294 1319 Augsburgs
1314 1275 1788 1319 Reformationsgeschichte
1806 1275 1850 1313 ΙΙ,

84 1328 264 1363 Miinchen
293 1330 392 1370 1904,
423 1329 605 1364 190—191
635 1329 853 1373 320—322).
889 1330 941 1363 Ac
959 1329 1025 1363 sub
1052 1340 1083 1363 a.
1104 1329 1194 1363 1562
1222 1331 1258 1362 et
1278 1329 1368 1363 1563
1395 1329 1558 1363 Susanna
1576 1329 1735 1372 Ehinger
1760 1328 1850 1373 prio-

84 1382 176 1416 rissa
203 1381 344 1417 Canisio
379 1382 552 1417 suadente
588 1385 624 1417 et
659 1383 806 1417 iuvante
842 1394 964 1417 earum
999 1381 1225 1427 disciplinam
1260 1381 1464 1416 reddiderat
1498 1382 1714 1416 severiorem
1746 1381 1848 1421 (Can.

85 1549 183 1586 661.
210 1551 287 1585 sive
320 1560 442 1594 aug.
464 1549 519 1595 (b
541 1549 646 1594 18).
722 1549 924 1585 2411111111
951 1549 1044 1585 1566.

202 1621 257 1655 Ex
284 1621 458 1655 contionis
485 1621 749 1662 commentario,
776 1633 797 1655 a
824 1621 966 1656 Canisio
992 1622 1186 1665 recognito.
1243 1621 1348 1663 „Can
1376 1622 1440 1655 *ΒΤ*
1471 1622 1494 1655 f.
1521 1621 1594 1655 401³.

205 1692 373 1726 canisius
392 1693 573 1734 Λυρκείας)
599 1703 640 1725 eae
665 1703 767 1725 sacro
792 1697 953 1736 suyyestzc
979 1693 1095 1734 fideles
1120 1697 1246 1735 monet,
1272 1697 1311 1725 ut
1330 1693 1588 1735 paenitentiam
1615 1698 1722 1735 ayant
1749 1694 1850 1726 comi—

83 1745 215 1778 tiorum
240 1745 383 1788 ‘imperii
405 1747 527 1787 qratia
554 1750 583 1778 et
610 1746 649 1778 ob
677 1747 913 1778 miserrimam
939 1746 1083 1788 imperii
1108 1746 1345 1779 condicionem
1373 1750 1475 1788 atque
1502 1745 1542 1778 ob
1566 1746 1702 1779 Turcas
1728 1748 1850 1789 irrup-

84 1799 211 1832 tionem
231 1803 417 1841 parantes.

207 1868 374 1902 Canisz'us
410 1871 447 1902 in
483 1869 628 1902 aemilio
659 1870 834 1902 contionis
868 1870 909 1902 de
936 1870 1160 1913 paenitentia
1186 1871 1369 1913 Auyustae
1405 1870 1439 1901 in
1477 1870 1617 1903 ecclesia
1653 1870 1851 1903 cathedrali

85 1922 187 1955 Dom.
206 1923 268 1955 IV.
293 1923 427 1963 Qaecadr.
454 1923 523 1955 sice
548 1924 604 1955 24.
624 1923 754 1956 Martii
772 1925 864 1956 1566
889 1923 1052 1956 habitae:
1078 1921 1114 1956 Si
1140 1934 1209 1956 non
1236 1925 1333 1956 esset
1359 1922 1646 1965 quadragesima,
1673 1922 1703 1956 si
1730 1922 1849 1956 nullus

83 1975 167 2008 ordo
203 1974 499 2018 quadragesimae
535 1975 577 2008 de
611 1975 832 2019 poenitentia
867 1987 931 2009 nos
966 1975 1205 2016 admonerem,
1241 1975 1331 2009 satis
1364 1975 1531 2009 haberem
1559 1975 1779 2009 occasionem
1807 1976 1849 2009 de

84 2027 302 2072 poenitentia
336 2027 527 2067 tractandi,
562 2031 707 2072 propter
741 2030 876 2062 statum
903 2028 1053 2074 Jmperij
1090 2039 1195 2072 quem
1222 2028 1387 2062 videmus
1422 2039 1501 2062 esse
1533 2028 1653 2072 magni
1680 2030 1849 2062 momenti

84 2083 125 2115 vt
150 2081 299 2115 comicia
334 2081 421 2114 bene
456 2081 629 2125 incipiant
664 2084 699 2115 et
724 2081 879 2115 feliciter
905 2084 1045 2122 exeant,
1080 2083 1137 2116 sid
1164 2081 1326 2126 cupimus
1352 2081 1480 2115 bonam
1506 2081 1638 2115 habere
1664 2093 1787 2126 pacem
1814 2082 1848 2115 in

83 2133 340 2179 temporalibus
367 2136 403 2167 et
420 2134 680 2178 spiritualibus,
706 2135 741 2168 in
767 2134 895 2179 policia
921 2136 958 2168 et
974 2135 1158 2178 religione,
1185 2135 1215 2168 si
1242 2137 1428 2179 praeterea
1455 2135 1618 2179 cupimus
1645 2135 1848 2168 conseruari

83 2190 120 2221 et
146 2187 287 2221 defendi
323 2187 504 2230 regionem
541 2190 576 2221 et
601 2190 715 2221 totum
741 2188 942 2222 Romanum
969 2188 1168 2233 Jmperium
1205 2188 1297 2232 quod
1333 2187 1455 2221 multis
1490 2188 1560 2221 iam
1596 2187 1698 2221 annis
1733 2189 1849 2232 coepit

83 2240 262 2274 debilitari
281 2242 316 2274 et
334 2240 543 2284 oppugnari,
570 2241 702 2275 nostris
721 2241 889 2287 dissidiis,
917 2241 1203 2276 contentionibus
1222 2243 1258 2275 et
1275 2241 1584 2281 aemulationibus,
1612 2243 1650 2274 111
1668 2252 1848 2285 nunquam

84 2294 160 2327 fere
186 2293 294 2326 fuerit
319 2294 435 2337 magis
461 2293 656 2327 inualidum
685 2294 895 2328 distractum
928 2297 963 2328 et
988 2294 1183 2329 turbatum.
1235 2294 1385 2328 Accedit
1410 2293 1689 2327 immanissimus
1725 2293 1849 2328 hostis.

83 2358 148 2381 nec
180 2346 274 2380 vllus
309 2346 420 2380 ferme
446 2347 634 2391 potentior,
670 2347 856 2388 crudelior,
892 2347 1150 2381 formidabilior
1185 2347 1290 2389 longe
1326 2347 1479 2390 lateque,
1516 2347 1629 2380 hostis
1655 2349 1849 2391 perpetuus

86 2399 281 2434 Christiani
317 2399 469 2433 nominis
505 2402 540 2433 et
565 2400 752 2443 sanguinis
787 2401 848 2445 qui
874 2412 968 2435 nunc
1004 2403 1153 2446 paratus
1180 2403 1236 2434 est
1262 2412 1341 2434 cum
1368 2401 1443 2434 suis
1470 2400 1571 2444 equis
1607 2403 1642 2433 et
1669 2400 1849 2443 equitibus

83 2464 147 2497 per
172 2452 395 2495 Hungariam
431 2452 627 2497 irrumpere
663 2456 697 2487 et
724 2452 951 2488 Germaniam
989 2454 1168 2495 inuadere,
1204 2464 1268 2487 nos
1304 2455 1340 2487 et
1374 2455 1495 2487 nostra
1531 2453 1623 2496 igne,
1660 2452 1778 2496 gladio
1814 2455 1849 2487 et

84 2505 178 2539 omni
204 2507 383 2550 potestate
410 2506 587 2550 persequi,
616 2506 810 2541 deuastans
837 2509 872 2540 et
899 2507 1060 2552 perdens.

87 2627 194 2663 662
220 2629 298 2663 sive
326 2637 448 2672 aug·-
472 2627 527 2672 (b
549 2627 651 2672 19).
728 2628 759 2663 8.
779 2627 919 2674 Aprilis
945 2627 1041 2664 1566.

203 2698 258 2732 Ex
284 2698 459 2732 contionis
485 2699 748 2738 commentario,
775 2699 819 2733 ab
845 2699 922 2744 ipso
949 2698 1091 2733 Canisio
1118 2698 1314 2741 recognito.
1369 2698 1472 2738 „cair
1501 2698 1564 2731 ΞΤ*
1597 2697 1620 2731 f.
1648 2698 1720 2731 81¹2

208 2768 373 2802 Canisius
392 2769 572 2811 Auqustae
598 2780 640 2801 ecc
656 2780 759 2803 sacro
775 2774 935 2812 suyyestec
953 2774 1087 2803 monet:
1112 2770 1347 2801 Protestantes
1373 2768 1464 2800 nihil
1491 2768 1602 2809 mayis
1627 2772 1848 2802 contemnum

85 2832 191 2865 quam
217 2822 479 2864 indzdyentias;
514 2832 600 2864 quos
635 2823 736 2856 multi
762 2834 804 2855 em
833 2822 1022 2856 Catholicis
1048 2823 1247 2855 imitcmtur.
1299 2823 1449 2854 Fatetur
1473 2821 1718 2862 superioribus
1743 2823 1850 2854 annis

87 2875 212 2907 multo-s·
236 2878 266 2907 et
292 2885 435 2917 maynos
461 2875 498 2907 in
525 2875 665 2908 ecclesia
691 2876 846 2908 homines
872 2877 1111 2917 inclnlyentias
1135 2875 1339 2917 profudisse
1364 2879 1392 2906 el
1421 2873 1623 2906 vendidisse.

203 2948 231 2979 a)
253 2950 420 2980 Sequuntur
441 2958 481 2974 ιω.
502 2933 575 2974 sunt
594 2949 754 2983 sepulchra
775 2949 914 2976 dealbata
933 2950 982 2979 et,·
1001 2959 1034 2974 ac
1057 2958 1096 2974 rr.
1117 2948 1277 2981 sepulchra
1298 2947 1436 2973 dealbata
1456 2949 1621 2972 oblitterata
1640 2952 1706 2973 sunt
1726 2958 1743 2974 α
1765 2950 1850 2978 libra:

85 2989 135 3021 qui
154 2990 241 3014 etiam
263 2991 376 3022 reliqua
397 2992 566 3016 oblitterare
586 2992 733 3017 debuerat.
809 2991 838 3022 b)
862 2993 976 3022 Omnia,
996 2999 1068 3023 quae
1089 2993 1260 3021 sequuntur,
1279 2991 1314 3014 ab
1336 2990 1398 3021 ipso
1420 2992 1448 3014 Γ.
1469 2990 1571 3014 addita
1592 2993 1668 3014 sunt.
1751 2993 1776 3017 c)
1797 2990 1849 3016 ad-

87 3030 186 3055 moret
204 3031 270 3056 libr,
345 3031 374 3064 d)
395 3034 419 3057 A
440 3033 507 3057 libr.
527 3036 685 3058 coa-rectum
705 3041 741 3059 ex
760 3033 812 3059 sic.

210 3126 219 3145 ¹
245 3126 299 3159 Mt
325 3126 380 3167 22,
407 3125 463 3160 38.
516 3126 568 3159 Of.
596 3125 644 3159 Dt
669 3126 701 3167 6,
729 3127 760 3159 5.
907 3128 919 3146 '²
947 3127 999 3159 Of.
1028 3125 1048 3159 2
1068 3126 1135 3158 Cor
1154 3126 1186 3165 5,
1215 3125 1277 3165 1:3;
1307 3125 1394 3158 Rom
1414 3127 1444 3162 6,
1475 3125 1529 3159 ll.

208 3177 220 3197 ³
247 3177 300 3212 Cf.
319 3178 441 3214 Dt10.
472 3178 533 3218 12;
564 3178 616 3218 11,
646 3178 706 3217 13;
738 3180 753 3213 1
783 3178 839 3222 Rg
867 3178 920 3218 12,
947 3179 991 3213 20
1019 3181 1085 3211 etc.
1231 3179 1243 3197 ⁴
1271 3178 1323 3211 Mt
1351 3179 1381 3218 5,
1408 3177 1463 3212 20.
