2045 3471
111 175 211 209 1413.
238 173 406 208 Nicolaus
432 173 585 208 Lanoius
612 173 765 208 Canisio.
809 173 1008 218 Oeniponte
1034 173 1101 207 sub
1128 173 1269 208 initium
1296 184 1341 208 m.
1362 172 1495 218 Aprilis
1515 173 1616 208 1567.
1707 175 1790 215 417

37 291 154 341 tatis,
189 291 494 342 continentiae,
528 295 572 334 et
595 291 865 334 obedientiae
887 304 1065 345 prorsus
1087 290 1360 333 immemores
1383 305 1478 333 esse
1501 291 1714 341 uidentur,
1750 294 1793 333 et

36 355 239 408 exiguam
271 355 404 397 diuini
426 357 580 407 cultus,
615 369 804 410 suaeque
835 355 1117 410 professionis
1148 355 1362 397 rationem
1395 355 1554 398 habere
1576 355 1794 398 uidentur.

158 422 223 463 11.
272 420 432 463 Contra
473 421 551 463 hos
593 420 995 463 Reuerendissimus
1026 423 1178 462 utatur
1219 423 1440 474 potestate
1482 424 1526 464 et
1565 420 1792 471 facultate,

36 498 164 538 quam
196 485 303 528 satis
335 486 523 539 amplam
556 486 724 540 accepit
755 500 781 528 a
813 485 1000 528 Concilio
1032 484 1284 527 Tridentino
1301 487 1327 528 ¹.

159 551 224 593 12.
258 549 498 602 Exigatur³
530 551 584 592 ab
616 550 713 601 illis,
747 550 817 592 uel
848 549 1056 604 praelatis
1088 549 1271 599 illorum,
1315 553 1363 592 ut
1395 550 1679 592 obseruentur
1710 551 1795 592 De-

36 616 156 657 creta
182 614 372 656 eiusdem
405 615 571 668 concilij
605 615 657 657 de
689 615 972 669 regularibus,
1006 628 1089 668 quo
1122 615 1176 656 ad
1208 612 1355 668 idb[?]
1389 613 1480 656 eius
1512 614 1605 656 fieri
1636 617 1794 669 potest.

158 681 225 722 13.
265 679 364 721 Non
401 680 660 722 tollerentur
698 694 909 734 personae
942 681 1170 733 suspectae
1207 679 1250 720 in
1290 678 1566 733 monasterijs
1607 679 1795 721 uirorum

36 745 106 786 uel
137 744 364 787 mulierum
387 744 688 788 cohabitantes
711 748 787 788 aut
809 747 960 799 aperte
982 744 1269 794 luxuriantes,
1302 757 1454 786 seuere
1485 744 1797 798 prohibeantur

38 808 233 860 choreae,
278 809 530 862 frequentes
562 810 967 860 commessationes,
1009 812 1053 851 et
1085 823 1140 851 ex
1180 808 1423 851 hominibus
1456 808 1615 850 diuersi
1648 822 1793 858 sexus

36 873 274 916 familiares
307 887 577 927 congressus,
613 876 689 916 aut
722 875 898 916 crebrae
932 873 1297 916 conuersationes.

158 941 224 981 14.
259 939 377 993 Opus
409 941 476 981 est
507 938 576 981 hic
609 939 723 981 seria
744 939 1066 990 reformatione,
1100 941 1148 981 ut
1179 938 1335 981 saltem
1359 952 1384 980 a
1407 937 1798 992 compotationibus

37 1006 81 1046 et
119 1004 562 1054 commessationibus,
604 1003 885 1054 uanitatibUS,
928 1003 1233 1058 uagationibus
1266 1006 1312 1046 et
1350 1002 1589 1045 inhonestis
1629 1003 1797 1057 studijs,

38 1068 219 1122 alijsque
251 1069 467 1111 scandalis
500 1068 554 1111 ad
587 1068 864 1111 sinceriorem
888 1069 1006 1112 uitae
1028 1068 1242 1111 rationem
1264 1068 1462 1110 monachi
1495 1070 1540 1110 et
1562 1067 1798 1110 monachae

37 1136 371 1176 reuocarenturc
385 1132 461 1189 [?],
485 1136 529 1176 et
551 1134 785 1176 secundum
803 1134 964 1176 ordinis
983 1133 1048 1176 sui
1065 1133 1379 1188 professionem
1401 1133 1549 1175 uiuere
1571 1135 1796 1187 cogantur.

156 1221 258 1263 Vide,
286 1232 378 1266 quae
403 1221 446 1256 de
472 1221 601 1256 harum
627 1220 830 1256 litterarum
858 1223 1004 1256 auctore
1031 1223 1067 1255 et
1092 1222 1251 1264 tempore
1270 1222 1337 1255 etc.
1365 1220 1518 1254 disserui
1536 1231 1646 1264 supra
1665 1232 1698 1265 p.
1715 1220 1797 1254 412.

38 1353 179 1391 1413.
278 1354 338 1390 P.
366 1353 705 1391 NIGOLAUS
732 1352 1029 1390 LANOIUS
1058 1353 1110 1389 S.
1139 1354 1210 1396 J.9
1246 1357 1363 1389 rector
1392 1353 1534 1397 collegii
1561 1354 1798 1399 oenipontani,

227 1407 428 1443 CANISIO.
924 1407 1124 1452 Oeniponte
1150 1408 1217 1442 sub
1243 1407 1385 1441 initium
1411 1419 1457 1441 m.
1485 1407 1619 1452 Aprilis
1649 1408 1750 1442 1567.

158 1485 212 1519 Ex
239 1485 362 1519 Lanoii
389 1485 433 1519 ad
460 1484 630 1528 Borgiam
657 1483 789 1518 litteris
816 1483 1061 1528 autographis.
1116 1483 1178 1525 „G.
1208 1483 1270 1528 Ep.
1290 1483 1395 1517 V111“
1426 1483 1450 1517 f.
1472 1483 1549 1517 173.

159 1562 308 1605 Aliquos
341 1573 384 1594 eac
418 1562 553 1605 colleyz'e'
588 1562 818 1604 oenipontam'
851 1561 1031 1594 sodalibus
1065 1571 1174 1604 neque
1200 1560 1505 1594 exhortationibus
1535 1571 1644 1603 neque
1678 1570 1797 1603 repre-

39 1615 263 1648 hensionibus
288 1615 336 1647 cccl
360 1625 474 1648 mores
498 1615 733 1647 emendandos
757 1615 881 1647 induci
902 1625 1012 1657 posse.
1061 1614 1132 1647 Eos
1161 1614 1313 1655 fortasse
1338 1625 1380 1646 ea:
1406 1613 1489 1646 aliis
1515 1613 1668 1655 colleyie's
1697 1614 1798 1646 Oeni-

37 1673 176 1711 pontem
202 1673 240 1701 ut
268 1668 304 1700 in
329 1668 475 1700 exilium
503 1668 678 1711 quoddam
707 1668 918 1700 amandatos
943 1678 1012 1700 esse
1020 1679 1034 1708 ;
1064 1677 1172 1710 neque
1197 1671 1312 1700 tamen
1338 1667 1375 1699 in
1402 1671 1473 1700 tota
1501 1666 1671 1699 Societate
1697 1666 1798 1699 aliud

40 1722 222 1765 ‹eolleyium
255 1723 368 1764 mayis
400 1722 448 1754 ad
475 1721 641 1764 pericula.
673 1721 850 1763 qissnenda
886 1724 916 1754 et
949 1720 1099 1762 forenda
1135 1720 1433 1753 accommodatmn¹
1460 1730 1538 1762 esse,
1575 1730 1680 1762 qnam
1707 1719 1799 1752 oeni-

35 1780 244 1818 pontanum.
299 1776 418 1816 Quare
440 1775 536 1817 petit,
563 1778 600 1806 ut
626 1775 780 1807 avocatt's
805 1774 941 1807 duobus
965 1774 1118 1806 tribusve
1144 1774 1303 1806 meliores
1327 1773 1396 1805 sihi
1419 1773 1617 1806 mittantur.

159 1868 186 1897 a)
207 1865 375 1897 Exigantur
395 1868 419 1891 A
429 1867 462 1891 11¹.
547 1865 577 1894 b)
605 1867 650 1891 Ita
671 1867 748 1897 [11⁵7
774 1867 823 1891 sed
850 1867 926 1898 Ieyes
949 1866 1159 1897 yrammaticae
1179 1865 1293 1897 eoeigyere
1316 1865 1460 1893 ridentur.
1488 1868 1518 1889 ut
1539 1868 1590 1889 cuc?
1611 1864 1640 1890 id
1660 1868 1711 1889 (cut
1733 1864 1798 1890 eius

40 1908 202 1933 omittatur.
275 1908 301 1939 c)
322 1907 386 1938 Sic‚·
405 1908 454 1932 secl
475 1908 678 1940 corriyemlum
699 1915 758 1931 osse
780 1908 912 1932 ridetur:
933 1908 1124 1933 reuocentur.

162 2040 173 2060 ¹
201 2040 399 2074 Concilium
430 2039 678 2072 Tridentinnm
715 2037 771 2080 (ut
797 2036 926 2070 saltem
953 2036 1146 2080 praecipua
1172 2036 1291 2080 capita
1326 2035 1383 2069 hic
1410 2035 1555 2080 ponam)
1594 2035 1798 2069 constituit:

45 2092 176 2136 „Nemo
213 2092 387 2126 secularis
422 2091 593 2132 Clericus,
632 2090 794 2135 cujusvis
831 2088 1040 2134 personalis,
1078 2088 1138 2122 vel
1176 2088 1364 2132 regularis,
1404 2091 1506 2122 extra
1544 2087 1798 2122 monasterium

41 2146 186 2189 degens,
222 2145 327 2179 etiam
356 2145 411 2178 sui
438 2144 570 2178 ordinis
596 2143 777 2188 privilegii
805 2144 1008 2187 praetexui,
1035 2143 1136 2176 tutus
1162 2143 1364 2181 censeatur,
1400 2153 1468 2185 quo
1495 2141 1623 2181 minus,
1658 2141 1689 2174 si
1715 2140 1800 2174 deli-

41 2201 168 2244 querit,
195 2198 238 2232 ab
265 2197 454 2232 ordinario
480 2196 559 2238 loci,
585 2199 757 2240 tanquam
785 2207 893 2240 super
919 2195 986 2229 hoc
1013 2206 1031 2228 a
1058 2194 1149 2229 Sede
1167 2194 1376 2240 Apostolica
1402 2194 1577 2237 delegato,
1604 2193 1798 2227 secundum

41 2252 231 2287 canonicas
257 2251 461 2285 sanctiones
488 2249 640 2290 visitari,
667 2248 785 2294 puniri
812 2250 846 2282 et
873 2248 1003 2292 corrigi
1030 2247 1170 2282 valeat“
1202 2247 1314 2289 (Sess.
1330 2247 1379 2280 VI
1406 2247 1449 2281 de
1476 2247 1539 2280 ref.
1567 2258 1595 2280 c.
1623 2247 1671 2289 3).
1710 2246 1797 2280 Item

42 2305 179 2345 statuit,
215 2307 264 2345 ut,
300 2304 331 2338 si
366 2303 664 2337 monasteriorum
699 2302 901 2347 superiores
936 2301 980 2335 ab
1007 2301 1186 2346 episcopis
1212 2303 1360 2345 paterne
1388 2300 1558 2334 admoniti
1595 2299 1657 2334 illa
1687 2299 1801 2341 „intra

41 2370 107 2393 sex
142 2358 303 2392 menses“
342 2368 411 2390 non
447 2356 659 2390 visitassent
694 2355 752 2389 vel
788 2354 1042 2394 correxissent,
1078 2354 1236 2398 episcopi
1267 2353 1395 2396 „etiam
1432 2355 1471 2386 ut
1497 2352 1663 2395 Delegati
1698 2351 1800 2386 Sedis

42 2410 291 2456 Apostolicae“
329 2409 453 2443 eadem
489 2408 638 2443 visitare
678 2410 713 2442 et
751 2408 931 2451 corrigere
970 2409 1118 2452 possent
1154 2407 1265 2450 (Sess.
1293 2406 1377 2440 XXI
1412 2405 1454 2440 de
1490 2406 1554 2440 ref.
1592 2417 1621 2440 c.
1648 2406 1698 2448 8).
1749 2406 1801 2439 Ac

46 2464 283 2506 „monasteria
317 2463 446 2503 omnia,
481 2473 572 2505 quae
608 2460 837 2504 generalibus
865 2460 1041 2505 Capitulis
1076 2464 1138 2494 aut
1174 2459 1360 2504 Episcopis
1398 2470 1467 2492 non
1502 2458 1701 2498 subessent,
1736 2469 1801 2492 nec

42 2528 126 2551 suos
152 2516 325 2550 haberent
351 2515 549 2549 ordinarios
575 2513 761 2557 regulares
787 2513 1040 2553 Visitatores‘,
1077 2514 1110 2546 in
1143 2511 1483 2555 „congregationes“
1514 2511 1639 2554 redigi,
1667 2510 1736 2551 vel,
1771 2511 1801 2544 si

42 2570 78 2604 id
103 2569 360 2613 neglexissent,
396 2567 573 2612 episcopis
600 2566 815 2601 dioecesium
846 2568 1035 2610 „tanquam
1064 2565 1165 2599 Sedis
1192 2564 1420 2609 Apostolicae
1448 2563 1633 2607 delegatis,
1660 2563 1800 2604 subdi“,

43 2625 152 2668 atque
184 2621 420 2665 „monasteria
447 2619 778 2654 Sanctimonialium
813 2622 959 2653 sanctae
993 2619 1074 2653 Sedi
1102 2618 1331 2663 Apostolicae
1366 2617 1570 2650 immediate
1605 2616 1800 2661 subjeeta“,

47 2676 110 2719 „ab
129 2675 327 2721 Episcopis,
354 2678 526 2718 tanquam
553 2673 670 2707 dictae
689 2672 791 2707 Sedis
809 2671 997 2715 delegatis,
1016 2672 1228 2715 gubernari“
1253 2670 1357 2704 iussit
1377 2669 1488 2713 (Sess.
1509 2669 1609 2703 XXV
1627 2669 1670 2703 de
1687 2669 1800 2713 regul.

43 2732 80 2764 et
104 2741 198 2764 mon.
225 2740 255 2763 c.
282 2729 303 2763 8
330 2728 380 2771 9).
434 2727 624 2761 interdixit
649 2727 766 2766 etiam,
793 2736 838 2758 ne
865 2726 944 2769 quis
972 2724 1148 2768 regularis
1175 2723 1208 2757 iu
1237 2723 1399 2764 ecclesia,
1434 2734 1525 2767 quae
1551 2722 1685 2756 ordinis
1712 2723 1800 2758 eius-

44 2783 123 2817 dem
158 2793 228 2816 non
262 2784 366 2822 esset,
403 2781 480 2814 sine
516 2778 660 2813 licentia
696 2778 863 2822 episcopi,
901 2777 959 2811 vel
996 2777 1031 2811 in
1067 2788 1290 2821 quacumque
1327 2775 1478 2809 ecclesia
1519 2775 1802 2817 „contradicente

43 2836 228 2881 episcopo“
259 2834 525 2869 contionaretur
555 2831 709 2875 (Sess.V
737 2831 780 2865 de
807 2831 870 2864 ref.
891 2842 920 2864 c.
939 2830 979 2870 2;
1007 2830 1101 2864 Sess.
1120 2829 1239 2863 XXIV
1258 2829 1300 2862 de
1326 2829 1391 2862 ref.
1411 2840 1440 2862 c.
1460 2829 1509 2871 4),
1536 2830 1643 2872 atque
1670 2830 1800 2871 sanxit,

45 2901 90 2923 ne
116 2888 303 2931 regulares
328 2886 572 2922 confessiones
606 2884 844 2919 saecularium
872 2883 1036 2927 excipere
1063 2884 1210 2927 possent
1248 2882 1315 2915 nisi
1343 2881 1528 2926 approbati
1555 2882 1599 2916 ab
1625 2882 1801 2927 episcopo,

45 2943 81 2975 et
106 2942 146 2975 ut
170 2941 228 2975 hic
265 2940 342 2975 eius
376 2940 427 2974 rei
454 2940 571 2982 gratia
603 2937 794 2980 „examen“
825 2947 845 2970 a
871 2936 1025 2979 singulis
1052 2935 1196 2978 exigere
1223 2936 1344 2979 posset
1372 2933 1484 2978 (Sess.
1510 2934 1629 2968 XXIII
1663 2935 1706 2969 de
1736 2935 1800 2970 ref.

45 3006 76 3029 c.
97 2994 170 3037 15).
205 2994 281 3028 Hoc
307 3005 447 3038 quoque
474 2991 661 3026 mandavit
687 2989 884 3035 episcopis:
912 2988 1010 3030 Quae
1041 2988 1204 3030 „decreto
1231 2988 1274 3021 de
1300 2987 1535 3022 observandis
1562 2991 1598 3022 et
1623 2988 1802 3023 evitandis

46 3047 81 3080 in
108 3046 346 3081 celebratione
371 3046 524 3080 Missae“
558 3044 670 3087 (Sess.
698 3042 816 3085 XXII)
846 3042 933 3086 ipsis
960 3041 1142 3085 proposita
1168 3044 1299 3080 essent,
1338 3044 1373 3074 et
1400 3052 1522 3074 eorum
1547 3041 1688 3081 similia,
1719 3053 1801 3086 „pro

46 3100 130 3134 data
155 3100 223 3134 sibi
249 3111 269 3134 a
294 3102 523 3134 sacrosancta
550 3097 692 3142 Synodo
719 3098 908 3140 potestate.
945 3105 986 3127 ac
1021 3094 1129 3127 etiam
1165 3096 1204 3127 ut
1230 3093 1395 3136 Delegati
1422 3093 1523 3128 Sedis
1550 3095 1796 3140 Apostolieae“

46 3153 222 3187 servanda
241 3155 417 3191 curarent,
440 3164 528 3195 „non
547 3149 771 3185 obstantibus
799 3147 1010 3193 privilegiis,
1038 3146 1343 3191 exemptionibus⁸
1366 3149 1431 3181 etc.
1462 3146 1800 3192 „qu'ibuseumque“.

118 3215 428 3248 Braunsberger,
450 3215 559 3241 Canisii
581 3214 735 3248 Epistulae
756 3213 785 3238 et
808 3212 890 3237 Acta.
913 3211 945 3237 Υ.
1473 3206 1516 3240 27
