<?xml version="1.0" encoding="UTF-8"?>
<!DOCTYPE html PUBLIC "-//W3C//DTD XHTML 1.0 Transitional//EN"
    "http://www.w3.org/TR/xhtml1/DTD/xhtml1-transitional.dtd">
<html xmlns="http://www.w3.org/1999/xhtml" xml:lang="en" lang="en">
 <head>
  <title>
</title>
<meta http-equiv="Content-Type" content="text/html;charset=utf-8" />
  <meta name='ocr-system' content='tesseract 3.04.00' />
  <meta name='ocr-capabilities' content='ocr_page ocr_carea ocr_par ocr_line ocrx_word'/>
</head>
<body>
  <div class='ocr_page' id='page_1' title='image "beatipetricanisi05cani_0386.png"; bbox 0 0 2045 3471; ppageno 0'>
   <div class='ocr_carea' id='block_1_1' title="bbox 187 201 1797 254">
    <p class='ocr_par' dir='ltr' id='par_1_1' title="bbox 187 201 1797 254">
     <span class='ocr_line' id='line_1_1' title="bbox 187 201 1797 254; baseline -0.006 -9"><span class='ocrx_word' id='word_1_1' title='bbox 187 212 271 254; x_wconf 79' lang='lat'>298</span> <span class='ocrx_word' id='word_1_2' title='bbox 328 210 429 244; x_wconf 81' lang='lat'>1348.</span> <span class='ocrx_word' id='word_1_3' title='bbox 454 208 661 242; x_wconf 86' lang='lat' dir='ltr'>Dominicus</span> <span class='ocrx_word' id='word_1_4' title='bbox 687 206 878 248; x_wconf 82' lang='lat' dir='ltr'>Menginus</span> <span class='ocrx_word' id='word_1_5' title='bbox 904 204 1057 240; x_wconf 83' lang='lat' dir='ltr'>Canisio.</span> <span class='ocrx_word' id='word_1_6' title='bbox 1110 204 1210 239; x_wconf 83' lang='lat'>1349.</span> <span class='ocrx_word' id='word_1_7' title='bbox 1239 203 1405 238; x_wconf 85' lang='lat' dir='ltr'>Canisius</span> <span class='ocrx_word' id='word_1_8' title='bbox 1430 203 1647 248; x_wconf 83' lang='lat' dir='ltr'>Hieronymo</span> <span class='ocrx_word' id='word_1_9' title='bbox 1665 201 1797 236; x_wconf 87' lang='lat' dir='ltr'>Natali.</span> 
     </span>
    </p>
   </div>
   <div class='ocr_carea' id='block_1_2' title="bbox 180 324 1945 687">
    <p class='ocr_par' dir='ltr' id='par_1_2' title="bbox 305 324 934 368">
     <span class='ocr_line' id='line_1_2' title="bbox 305 324 934 368; baseline -0.006 -8"><span class='ocrx_word' id='word_1_10' title='bbox 305 329 358 361; x_wconf 78' lang='lat' dir='ltr'>Dc</span> <span class='ocrx_word' id='word_1_11' title='bbox 384 327 524 368; x_wconf 59' lang='lat' dir='ltr'>collem«)</span> <span class='ocrx_word' id='word_1_12' title='bbox 553 326 683 368; x_wconf 76' lang='lat' dir='ltr'>Spirae</span> <span class='ocrx_word' id='word_1_13' title='bbox 708 324 934 357; x_wconf 69' lang='lat' dir='ltr'>instituendo.</span> 
     </span>
    </p>

    <p class='ocr_par' dir='ltr' id='par_1_3' title="bbox 180 373 1945 687">
     <span class='ocr_line' id='line_1_3' title="bbox 308 373 1942 421; baseline -0.004 -9"><span class='ocrx_word' id='word_1_14' title='bbox 308 380 475 413; x_wconf 74' lang='lat' dir='ltr'>Canisias</span> <span class='ocrx_word' id='word_1_15' title='bbox 499 379 650 421; x_wconf 64' lang='lat' dir='ltr'>Dilinya,</span> <span class='ocrx_word' id='word_1_16' title='bbox 675 379 730 410; x_wconf 78' lang='lat'>29.</span> <span class='ocrx_word' id='word_1_17' title='bbox 759 377 914 420; x_wconf 71' lang='lat' dir='ltr'>Auyasti</span> <span class='ocrx_word' id='word_1_18' title='bbox 941 378 1032 409; x_wconf 83' lang='lat'>1566</span> <span class='ocrx_word' id='word_1_19' title='bbox 1057 376 1207 408; x_wconf 82' lang='lat' dir='ltr'>Romam</span> <span class='ocrx_word' id='word_1_20' title='bbox 1233 375 1280 406; x_wconf 80' lang='lat' dir='ltr'>ad</span> <span class='ocrx_word' id='word_1_21' title='bbox 1307 373 1341 407; x_wconf 84' lang='lat' dir='ltr'>S.</span> <span class='ocrx_word' id='word_1_22' title='bbox 1362 374 1598 407; x_wconf 72' lang='lat' dir='ltr'>Franciscum</span> <span class='ocrx_word' id='word_1_23' title='bbox 1615 374 1798 416; x_wconf 71' lang='lat' dir='ltr'>Boryz‘am,</span> <span class='ocrx_word' id='word_1_24' title='bbox 1826 373 1942 406; x_wconf 79' lang='lat' dir='ltr'>Socie-</span> 
     </span>
     <span class='ocr_line' id='line_1_4' title="bbox 184 425 1944 476; baseline -0.006 -9"><span class='ocrx_word' id='word_1_25' title='bbox 184 435 268 468; x_wconf 77' lang='lat' dir='ltr'>tatis</span> <span class='ocrx_word' id='word_1_26' title='bbox 288 434 533 476; x_wconf 72' lang='lat' dir='ltr'>praepositum</span> <span class='ocrx_word' id='word_1_27' title='bbox 559 431 767 473; x_wconf 74' lang='lat' dir='ltr'>9eneralem,</span> <span class='ocrx_word' id='word_1_28' title='bbox 793 430 879 462; x_wconf 79' lang='lat' dir='ltr'>haec</span> <span class='ocrx_word' id='word_1_29' title='bbox 905 429 1041 462; x_wconf 69' lang='lat' dir='ltr'>rettulit</span> <span class='ocrx_word' id='word_1_30' title='bbox 1066 428 1107 460; x_wconf 81' lang='lat' dir='ltr'>de</span> <span class='ocrx_word' id='word_1_31' title='bbox 1132 428 1171 461; x_wconf 91' lang='lat' dir='ltr'>P.</span> <span class='ocrx_word' id='word_1_32' title='bbox 1192 427 1379 460; x_wconf 77' lang='lat' dir='ltr'>Lamberto</span> <span class='ocrx_word' id='word_1_33' title='bbox 1400 428 1499 460; x_wconf 79' lang='lat' dir='ltr'>Auer</span> <span class='ocrx_word' id='word_1_34' title='bbox 1518 427 1555 460; x_wconf 87' lang='lat' dir='ltr'>S.</span> <span class='ocrx_word' id='word_1_35' title='bbox 1573 427 1623 469; x_wconf 58' lang='lat' dir='ltr'>J„</span> <span class='ocrx_word' id='word_1_36' title='bbox 1649 431 1782 459; x_wconf 74' lang='lat' dir='ltr'>rectore</span> <span class='ocrx_word' id='word_1_37' title='bbox 1808 425 1944 467; x_wconf 72' lang='lat' dir='ltr'>colleyii</span> 
     </span>
     <span class='ocr_line' id='line_1_5' title="bbox 186 479 1944 529; baseline -0.005 -9"><span class='ocrx_word' id='word_1_38' title='bbox 186 487 396 529; x_wconf 73' lang='lat' dir='ltr'>moyuntini,</span> <span class='ocrx_word' id='word_1_39' title='bbox 432 486 492 528; x_wconf 73' lang='lat' dir='ltr'>qui</span> <span class='ocrx_word' id='word_1_40' title='bbox 520 485 650 527; x_wconf 73' lang='lat' dir='ltr'>Spirae</span> <span class='ocrx_word' id='word_1_41' title='bbox 683 485 722 516; x_wconf 75' lang='lat' dir='ltr'>in</span> <span class='ocrx_word' id='word_1_42' title='bbox 749 484 890 516; x_wconf 67' lang='lat' dir='ltr'>ecclesia</span> <span class='ocrx_word' id='word_1_43' title='bbox 918 481 1117 514; x_wconf 75' lang='lat' dir='ltr'><em>cathedrali</em></span> <span class='ocrx_word' id='word_1_44' title='bbox 1142 481 1246 513; x_wconf 75' lang='lat' dir='ltr'>initio</span> <span class='ocrx_word' id='word_1_45' title='bbox 1273 491 1306 512; x_wconf 85' lang='lat' dir='ltr'>a.</span> <span class='ocrx_word' id='word_1_46' title='bbox 1331 482 1423 512; x_wconf 84' lang='lat'>1566</span> <span class='ocrx_word' id='word_1_47' title='bbox 1449 480 1625 512; x_wconf 78' lang='lat' dir='ltr'>contiones</span> <span class='ocrx_word' id='word_1_48' title='bbox 1650 479 1822 512; x_wconf 73' lang='lat' dir='ltr'>habuerat</span> <span class='ocrx_word' id='word_1_49' title='bbox 1848 479 1944 519; x_wconf 75' lang='lat' dir='ltr'>(vide</span> 
     </span>
     <span class='ocr_line' id='line_1_6' title="bbox 185 532 1945 583; baseline -0.005 -11"><span class='ocrx_word' id='word_1_50' title='bbox 185 550 297 583; x_wconf 72' lang='lat' dir='ltr'>supra</span> <span class='ocrx_word' id='word_1_51' title='bbox 320 550 357 582; x_wconf 74' lang='lat'>2).</span> <span class='ocrx_word' id='word_1_52' title='bbox 376 538 478 581; x_wconf 73' lang='lat'>225),</span> <span class='ocrx_word' id='word_1_53' title='bbox 506 548 547 570; x_wconf 82' lang='lat' dir='ltr'>ac</span> <span class='ocrx_word' id='word_1_54' title='bbox 573 538 614 569; x_wconf 82' lang='lat' dir='ltr'>de</span> <span class='ocrx_word' id='word_1_55' title='bbox 641 537 869 579; x_wconf 75' lang='lat' dir='ltr'>Marquardo</span> <span class='ocrx_word' id='word_1_56' title='bbox 896 535 939 567; x_wconf 82' lang='lat' dir='ltr'>ab</span> <span class='ocrx_word' id='word_1_57' title='bbox 967 535 1145 567; x_wconf 76' lang='lat' dir='ltr'>Hattstein</span> <span class='ocrx_word' id='word_1_58' title='bbox 1173 535 1331 576; x_wconf 67' lang='lat' dir='ltr'>episcopo</span> <span class='ocrx_word' id='word_1_59' title='bbox 1355 535 1512 575; x_wconf 73' lang='lat' dir='ltr'>spirensi</span> <span class='ocrx_word' id='word_1_60' title='bbox 1537 532 1709 574; x_wconf 73' lang='lat' dir='ltr'>(Speyer)</span> <span class='ocrx_word' id='word_1_61' title='bbox 1736 532 1945 574; x_wconf 69' lang='lat' dir='ltr'>impere&#39;ique</span> 
     </span>
     <span class='ocr_line' id='line_1_7' title="bbox 180 585 1944 636; baseline -0.006 -10"><span class='ocrx_word' id='word_1_62' title='bbox 180 594 370 636; x_wconf 65' lang='lat' dir='ltr'>princepe:</span> <span class='ocrx_word' id='word_1_63' title='bbox 408 591 583 635; x_wconf 72' lang='lat' dir='ltr'>„Scripsit</span> <span class='ocrx_word' id='word_1_64' title='bbox 610 591 658 623; x_wconf 83' lang='lat' dir='ltr'>ad</span> <span class='ocrx_word' id='word_1_65' title='bbox 682 601 735 622; x_wconf 80' lang='lat' dir='ltr'>me</span> <span class='ocrx_word' id='word_1_66' title='bbox 761 589 805 622; x_wconf 93' lang='lat' dir='ltr'>D.</span> <span class='ocrx_word' id='word_1_67' title='bbox 834 588 1045 621; x_wconf 75' lang='lat' dir='ltr'>Lambertus</span> <span class='ocrx_word' id='word_1_68' title='bbox 1071 587 1198 619; x_wconf 76' lang='lat' dir='ltr'>bonam</span> <span class='ocrx_word' id='word_1_69' title='bbox 1225 597 1294 619; x_wconf 73' lang='lat' dir='ltr'>esse</span> <span class='ocrx_word' id='word_1_70' title='bbox 1319 597 1411 628; x_wconf 72' lang='lat' dir='ltr'>spem</span> <span class='ocrx_word' id='word_1_71' title='bbox 1447 587 1488 618; x_wconf 78' lang='lat' dir='ltr'>de</span> <span class='ocrx_word' id='word_1_72' title='bbox 1515 586 1678 628; x_wconf 69' lang='lat' dir='ltr'>Spirensi</span> <span class='ocrx_word' id='word_1_73' title='bbox 1706 585 1857 627; x_wconf 72' lang='lat' dir='ltr'>Colleyio</span> <span class='ocrx_word' id='word_1_74' title='bbox 1892 586 1944 617; x_wconf 75' lang='lat' dir='ltr'>in-</span> 
     </span>
     <span class='ocr_line' id='line_1_8' title="bbox 186 634 1943 687; baseline -0.006 -8"><span class='ocrx_word' id='word_1_75' title='bbox 186 646 358 687; x_wconf 79' lang='lat' dir='ltr'>choando,</span> <span class='ocrx_word' id='word_1_76' title='bbox 385 649 414 677; x_wconf 80' lang='lat' dir='ltr'>et</span> <span class='ocrx_word' id='word_1_77' title='bbox 432 644 647 687; x_wconf 69' lang='lat' dir='ltr'>Episeopvmz</span> <span class='ocrx_word' id='word_1_78' title='bbox 667 653 739 675; x_wconf 69' lang='lat' dir='ltr'>mea</span> <span class='ocrx_word' id='word_1_79' title='bbox 758 653 835 674; x_wconf 75' lang='lat' dir='ltr'>cum</span> <span class='ocrx_word' id='word_1_80' title='bbox 858 641 960 674; x_wconf 75' lang='lat' dir='ltr'>Clero</span> <span class='ocrx_word' id='word_1_81' title='bbox 986 640 1100 673; x_wconf 76' lang='lat' dir='ltr'>literis</span> <span class='ocrx_word' id='word_1_82' title='bbox 1119 641 1156 672; x_wconf 73' lang='lat' dir='ltr'>in</span> <span class='ocrx_word' id='word_1_83' title='bbox 1174 640 1298 672; x_wconf 80' lang='lat' dir='ltr'><em>Vrbem</em></span> <span class='ocrx_word' id='word_1_84' title='bbox 1316 639 1409 671; x_wconf 75' lang='lat' dir='ltr'>datis</span> <span class='ocrx_word' id='word_1_85' title='bbox 1426 639 1489 671; x_wconf 73' lang='lat' dir='ltr'>hoc</span> <span class='ocrx_word' id='word_1_86' title='bbox 1506 639 1680 680; x_wconf 70' lang='lat' dir='ltr'>neyotizcm</span> <span class='ocrx_word' id='word_1_87' title='bbox 1697 638 1790 670; x_wconf 79' lang='lat' dir='ltr'>serio</span> <span class='ocrx_word' id='word_1_88' title='bbox 1808 634 1943 679; x_wconf 74' lang='lat' dir='ltr'>a9e7·e.“</span> 
     </span>
    </p>
   </div>
   <div class='ocr_carea' id='block_1_3' title="bbox 187 700 1948 1228">
    <p class='ocr_par' dir='ltr' id='par_1_4' title="bbox 187 700 1948 1228">
     <span class='ocr_line' id='line_1_9' title="bbox 307 700 1946 753; baseline -0.005 -11"><span class='ocrx_word' id='word_1_89' title='bbox 307 707 510 753; x_wconf 75' lang='lat' dir='ltr'>Capitulum</span> <span class='ocrx_word' id='word_1_90' title='bbox 547 705 752 740; x_wconf 77' lang='lat' dir='ltr'>cathedrale</span> <span class='ocrx_word' id='word_1_91' title='bbox 787 703 1012 748; x_wconf 83' lang='lat' dir='ltr'>compluries,</span> <span class='ocrx_word' id='word_1_92' title='bbox 1049 705 1157 746; x_wconf 88' lang='lat' dir='ltr'>atque</span> <span class='ocrx_word' id='word_1_93' title='bbox 1184 703 1292 736; x_wconf 87' lang='lat' dir='ltr'>etiam</span> <span class='ocrx_word' id='word_1_94' title='bbox 1328 702 1363 735; x_wconf 92' lang='lat' dir='ltr'>in</span> <span class='ocrx_word' id='word_1_95' title='bbox 1391 701 1667 744; x_wconf 77' lang='lat' dir='ltr'>congregatione</span> <span class='ocrx_word' id='word_1_96' title='bbox 1694 701 1855 745; x_wconf 84' lang='lat' dir='ltr'>generali</span> <span class='ocrx_word' id='word_1_97' title='bbox 1890 700 1946 734; x_wconf 89' lang='lat' dir='ltr'>die</span> 
     </span>
     <span class='ocr_line' id='line_1_10' title="bbox 187 753 1946 801; baseline -0.006 -5"><span class='ocrx_word' id='word_1_98' title='bbox 187 762 222 797; x_wconf 81' lang='lat' dir='ltr'>S.</span> <span class='ocrx_word' id='word_1_99' title='bbox 249 761 395 795; x_wconf 77' lang='lat' dir='ltr'>Antonii</span> <span class='ocrx_word' id='word_1_100' title='bbox 429 760 563 800; x_wconf 84' lang='lat' dir='ltr'>habita,</span> <span class='ocrx_word' id='word_1_101' title='bbox 601 760 643 793; x_wconf 90' lang='lat' dir='ltr'>de</span> <span class='ocrx_word' id='word_1_102' title='bbox 678 758 828 801; x_wconf 86' lang='lat' dir='ltr'>collegio</span> <span class='ocrx_word' id='word_1_103' title='bbox 856 756 1037 791; x_wconf 88' lang='lat' dir='ltr'>condendo</span> <span class='ocrx_word' id='word_1_104' title='bbox 1064 755 1276 790; x_wconf 74' lang='lat' dir='ltr'>deliberavit</span> <span class='ocrx_word' id='word_1_105' title='bbox 1305 755 1493 798; x_wconf 70' lang='lat' dir='ltr'>(Remliny,</span> <span class='ocrx_word' id='word_1_106' title='bbox 1521 754 1688 788; x_wconf 72' lang='lat' dir='ltr'>Bischofe</span> <span class='ocrx_word' id='word_1_107' title='bbox 1714 754 1747 788; x_wconf 83' lang='lat'>11</span> <span class='ocrx_word' id='word_1_108' title='bbox 1773 753 1870 796; x_wconf 83' lang='lat'>376),</span> <span class='ocrx_word' id='word_1_109' title='bbox 1905 765 1946 787; x_wconf 84' lang='lat' dir='ltr'>ac</span> 
     </span>
     <span class='ocr_line' id='line_1_11' title="bbox 189 807 1945 858; baseline -0.006 -9"><span class='ocrx_word' id='word_1_110' title='bbox 189 815 332 849; x_wconf 86' lang='lat' dir='ltr'>tandem</span> <span class='ocrx_word' id='word_1_111' title='bbox 360 814 526 858; x_wconf 81' lang='lat' dir='ltr'>episcopo</span> <span class='ocrx_word' id='word_1_112' title='bbox 553 812 774 846; x_wconf 72' lang='lat' dir='ltr'>assentiente</span> <span class='ocrx_word' id='word_1_113' title='bbox 801 810 998 851; x_wconf 80' lang='lat' dir='ltr'>constituit,</span> <span class='ocrx_word' id='word_1_114' title='bbox 1024 812 1064 842; x_wconf 89' lang='lat' dir='ltr'>ut</span> <span class='ocrx_word' id='word_1_115' title='bbox 1092 809 1134 842; x_wconf 94' lang='lat'>15</span> <span class='ocrx_word' id='word_1_116' title='bbox 1155 808 1266 842; x_wconf 79' lang='lat' dir='ltr'>Sociis</span> <span class='ocrx_word' id='word_1_117' title='bbox 1294 809 1446 848; x_wconf 87' lang='lat' dir='ltr'>domum,</span> <span class='ocrx_word' id='word_1_118' title='bbox 1474 807 1656 852; x_wconf 83' lang='lat' dir='ltr'>templum,</span> <span class='ocrx_word' id='word_1_119' title='bbox 1683 807 1945 847; x_wconf 82' lang='lat' dir='ltr'>bibliothecam,</span> 
     </span>
     <span class='ocr_line' id='line_1_12' title="bbox 190 859 1948 906; baseline -0.005 -4"><span class='ocrx_word' id='word_1_120' title='bbox 190 869 257 903; x_wconf 84' lang='lat'>700</span> <span class='ocrx_word' id='word_1_121' title='bbox 282 868 438 902; x_wconf 86' lang='lat' dir='ltr'>florenos</span> <span class='ocrx_word' id='word_1_122' title='bbox 464 877 601 900; x_wconf 86' lang='lat' dir='ltr'>annuos</span> <span class='ocrx_word' id='word_1_123' title='bbox 628 876 705 898; x_wconf 84' lang='lat' dir='ltr'>cum</span> <span class='ocrx_word' id='word_1_124' title='bbox 734 865 778 899; x_wconf 84' lang='lat'>50</span> <span class='ocrx_word' id='word_1_125' title='bbox 808 862 992 906; x_wconf 78' lang='lat' dir='ltr'>„malteris</span> <span class='ocrx_word' id='word_1_126' title='bbox 1018 861 1209 905; x_wconf 70' lang='lat' dir='ltr'>siliginis‘‚</span> <span class='ocrx_word' id='word_1_127' title='bbox 1235 861 1280 896; x_wconf 88' lang='lat'>20</span> <span class='ocrx_word' id='word_1_128' title='bbox 1298 861 1460 895; x_wconf 85' lang='lat' dir='ltr'>malteris</span> <span class='ocrx_word' id='word_1_129' title='bbox 1478 860 1612 902; x_wconf 83' lang='lat' dir='ltr'>hordei,</span> <span class='ocrx_word' id='word_1_130' title='bbox 1639 861 1659 894; x_wconf 87' lang='lat'>5</span> <span class='ocrx_word' id='word_1_131' title='bbox 1684 860 1854 904; x_wconf 86' lang='lat' dir='ltr'>plaustris</span> <span class='ocrx_word' id='word_1_132' title='bbox 1872 859 1948 893; x_wconf 88' lang='lat' dir='ltr'>vini</span> 
     </span>
     <span class='ocr_line' id='line_1_13' title="bbox 187 913 1945 962; baseline -0.006 -6"><span class='ocrx_word' id='word_1_133' title='bbox 187 922 324 962; x_wconf 85' lang='lat' dir='ltr'>darent,</span> <span class='ocrx_word' id='word_1_134' title='bbox 361 920 413 954; x_wconf 92' lang='lat' dir='ltr'>illi</span> <span class='ocrx_word' id='word_1_135' title='bbox 447 922 566 953; x_wconf 87' lang='lat' dir='ltr'>autem</span> <span class='ocrx_word' id='word_1_136' title='bbox 603 917 804 952; x_wconf 84' lang='lat' dir='ltr'>contionem</span> <span class='ocrx_word' id='word_1_137' title='bbox 837 917 1010 951; x_wconf 81' lang='lat' dir='ltr'>eeclesiae</span> <span class='ocrx_word' id='word_1_138' title='bbox 1038 915 1267 954; x_wconf 81' lang='lat' dir='ltr'>cathedralis,</span> <span class='ocrx_word' id='word_1_139' title='bbox 1302 926 1409 949; x_wconf 89' lang='lat' dir='ltr'>unam</span> <span class='ocrx_word' id='word_1_140' title='bbox 1440 914 1646 957; x_wconf 77' lang='lat' dir='ltr'>„lectionem</span> <span class='ocrx_word' id='word_1_141' title='bbox 1673 913 1945 957; x_wconf 77' lang='lat' dir='ltr'>theologicam⁴⁴,</span> 
     </span>
     <span class='ocr_line' id='line_1_14' title="bbox 187 967 1946 1016; baseline -0.005 -8"><span class='ocrx_word' id='word_1_142' title='bbox 187 976 208 1009; x_wconf 91' lang='lat'>5</span> <span class='ocrx_word' id='word_1_143' title='bbox 244 974 396 1015; x_wconf 85' lang='lat' dir='ltr'>scholas,</span> <span class='ocrx_word' id='word_1_144' title='bbox 431 972 467 1006; x_wconf 90' lang='lat' dir='ltr'>in</span> <span class='ocrx_word' id='word_1_145' title='bbox 494 972 623 1016; x_wconf 83' lang='lat' dir='ltr'>quibus</span> <span class='ocrx_word' id='word_1_146' title='bbox 650 971 895 1014; x_wconf 84' lang='lat' dir='ltr'>grammatica,</span> <span class='ocrx_word' id='word_1_147' title='bbox 933 969 1077 1003; x_wconf 80' lang='lat' dir='ltr'>litterae</span> <span class='ocrx_word' id='word_1_148' title='bbox 1113 968 1352 1008; x_wconf 79' lang='lat' dir='ltr'>humaniores,</span> <span class='ocrx_word' id='word_1_149' title='bbox 1388 967 1565 1002; x_wconf 80' lang='lat' dir='ltr'>rhetorica</span> <span class='ocrx_word' id='word_1_150' title='bbox 1599 968 1836 1007; x_wconf 72' lang='lat' dir='ltr'>traderentur,</span> <span class='ocrx_word' id='word_1_151' title='bbox 1871 977 1946 1000; x_wconf 86' lang='lat' dir='ltr'>sus-</span> 
     </span>
     <span class='ocr_line' id='line_1_15' title="bbox 187 1019 1947 1072; baseline -0.005 -11"><span class='ocrx_word' id='word_1_152' title='bbox 187 1028 365 1072; x_wconf 84' lang='lat' dir='ltr'>ciperent;</span> <span class='ocrx_word' id='word_1_153' title='bbox 401 1025 575 1071; x_wconf 84' lang='lat' dir='ltr'>paulatim</span> <span class='ocrx_word' id='word_1_154' title='bbox 611 1027 731 1058; x_wconf 87' lang='lat' dir='ltr'>autem</span> <span class='ocrx_word' id='word_1_155' title='bbox 768 1035 809 1058; x_wconf 86' lang='lat' dir='ltr'>ac</span> <span class='ocrx_word' id='word_1_156' title='bbox 844 1023 1063 1068; x_wconf 86' lang='lat' dir='ltr'>pedetentim</span> <span class='ocrx_word' id='word_1_157' title='bbox 1098 1022 1186 1056; x_wconf 87' lang='lat' dir='ltr'>haec</span> <span class='ocrx_word' id='word_1_158' title='bbox 1222 1021 1369 1055; x_wconf 84' lang='lat' dir='ltr'>consilia</span> <span class='ocrx_word' id='word_1_159' title='bbox 1405 1021 1447 1055; x_wconf 85' lang='lat' dir='ltr'>ad</span> <span class='ocrx_word' id='word_1_160' title='bbox 1475 1021 1640 1054; x_wconf 85' lang='lat' dir='ltr'>effectum</span> <span class='ocrx_word' id='word_1_161' title='bbox 1668 1019 1793 1053; x_wconf 85' lang='lat' dir='ltr'>deduci</span> <span class='ocrx_word' id='word_1_162' title='bbox 1819 1019 1947 1053; x_wconf 88' lang='lat' dir='ltr'>debere</span> 
     </span>
     <span class='ocr_line' id='line_1_16' title="bbox 187 1072 1947 1122; baseline -0.005 -7"><span class='ocrx_word' id='word_1_163' title='bbox 187 1081 392 1115; x_wconf 84' lang='lat' dir='ltr'>censebant.</span> <span class='ocrx_word' id='word_1_164' title='bbox 443 1079 612 1119; x_wconf 83' lang='lat' dir='ltr'>Litterae,</span> <span class='ocrx_word' id='word_1_165' title='bbox 651 1089 740 1122; x_wconf 88' lang='lat' dir='ltr'>quas</span> <span class='ocrx_word' id='word_1_166' title='bbox 781 1076 942 1111; x_wconf 85' lang='lat' dir='ltr'>canonici</span> <span class='ocrx_word' id='word_1_167' title='bbox 979 1076 1085 1110; x_wconf 88' lang='lat' dir='ltr'>huius</span> <span class='ocrx_word' id='word_1_168' title='bbox 1123 1075 1174 1109; x_wconf 89' lang='lat' dir='ltr'>rei</span> <span class='ocrx_word' id='word_1_169' title='bbox 1213 1075 1330 1118; x_wconf 78' lang='lat' dir='ltr'>gratia</span> <span class='ocrx_word' id='word_1_170' title='bbox 1368 1074 1471 1119; x_wconf 84' lang='lat' dir='ltr'>Spira</span> <span class='ocrx_word' id='word_1_171' title='bbox 1512 1075 1564 1108; x_wconf 79' lang='lat'>14.</span> <span class='ocrx_word' id='word_1_172' title='bbox 1592 1073 1747 1116; x_wconf 77' lang='lat' dir='ltr'>Augusti</span> <span class='ocrx_word' id='word_1_173' title='bbox 1775 1073 1865 1107; x_wconf 85' lang='lat'>1566</span> <span class='ocrx_word' id='word_1_174' title='bbox 1903 1072 1947 1106; x_wconf 90' lang='lat' dir='ltr'>ad</span> 
     </span>
     <span class='ocr_line' id='line_1_17' title="bbox 189 1126 1948 1175; baseline -0.005 -8"><span class='ocrx_word' id='word_1_175' title='bbox 189 1134 222 1168; x_wconf 80' lang='lat' dir='ltr'>S.</span> <span class='ocrx_word' id='word_1_176' title='bbox 249 1133 479 1167; x_wconf 82' lang='lat' dir='ltr'>Franciscuin</span> <span class='ocrx_word' id='word_1_177' title='bbox 515 1131 695 1174; x_wconf 87' lang='lat' dir='ltr'>Borgiam,</span> <span class='ocrx_word' id='word_1_178' title='bbox 730 1130 973 1175; x_wconf 84' lang='lat' dir='ltr'>praepositum</span> <span class='ocrx_word' id='word_1_179' title='bbox 1001 1128 1216 1172; x_wconf 65' lang='lat' dir='ltr'>generalem,</span> <span class='ocrx_word' id='word_1_180' title='bbox 1244 1128 1428 1168; x_wconf 77' lang='lat' dir='ltr'>dederunt,</span> <span class='ocrx_word' id='word_1_181' title='bbox 1465 1129 1610 1160; x_wconf 79' lang='lat' dir='ltr'>exstant</span> <span class='ocrx_word' id='word_1_182' title='bbox 1644 1126 1679 1160; x_wconf 90' lang='lat' dir='ltr'>in</span> <span class='ocrx_word' id='word_1_183' title='bbox 1712 1126 1799 1170; x_wconf 79' lang='lat' dir='ltr'>Epp.</span> <span class='ocrx_word' id='word_1_184' title='bbox 1827 1126 1948 1160; x_wconf 80' lang='lat' dir='ltr'>Nadal</span> 
     </span>
     <span class='ocr_line' id='line_1_18' title="bbox 188 1182 1146 1228; baseline -0.005 -7"><span class='ocrx_word' id='word_1_185' title='bbox 188 1187 239 1221; x_wconf 89' lang='lat' dir='ltr'>III</span> <span class='ocrx_word' id='word_1_186' title='bbox 265 1186 462 1221; x_wconf 83' lang='lat'>769—771.</span> <span class='ocrx_word' id='word_1_187' title='bbox 515 1185 568 1220; x_wconf 84' lang='lat' dir='ltr'>Of.</span> <span class='ocrx_word' id='word_1_188' title='bbox 596 1185 703 1218; x_wconf 84' lang='lat' dir='ltr'>etiam</span> <span class='ocrx_word' id='word_1_189' title='bbox 730 1183 860 1218; x_wconf 87' lang='lat' dir='ltr'>ibidem</span> <span class='ocrx_word' id='word_1_190' title='bbox 887 1195 920 1228; x_wconf 93' lang='lat' dir='ltr'>p.</span> <span class='ocrx_word' id='word_1_191' title='bbox 946 1182 1146 1217; x_wconf 81' lang='lat'>234—235.</span> 
     </span>
    </p>
   </div>
   <div class='ocr_carea' id='block_1_4' title="bbox 190 1300 1948 1401">
    <p class='ocr_par' dir='ltr' id='par_1_5' title="bbox 190 1300 1948 1401">
     <span class='ocr_line' id='line_1_19' title="bbox 190 1300 1948 1345; baseline -0.007 -1"><span class='ocrx_word' id='word_1_192' title='bbox 190 1306 343 1345; x_wconf 80' lang='lat'>1348.</span> <span class='ocrx_word' id='word_1_193' title='bbox 449 1305 510 1341; x_wconf 85' lang='lat' dir='ltr'>P.</span> <span class='ocrx_word' id='word_1_194' title='bbox 539 1303 920 1340; x_wconf 77' lang='lat' dir='ltr'>DOMINICUS</span> <span class='ocrx_word' id='word_1_195' title='bbox 948 1301 1299 1338; x_wconf 71' lang='lat' dir='ltr'>MENGINUS</span> <span class='ocrx_word' id='word_1_196' title='bbox 1336 1300 1390 1337; x_wconf 83' lang='lat' dir='ltr'>S.</span> <span class='ocrx_word' id='word_1_197' title='bbox 1410 1300 1482 1343; x_wconf 58' lang='lat' dir='ltr'>J..v</span> <span class='ocrx_word' id='word_1_198' title='bbox 1518 1303 1636 1335; x_wconf 86' lang='lat' dir='ltr'>rector</span> <span class='ocrx_word' id='word_1_199' title='bbox 1662 1300 1803 1344; x_wconf 86' lang='lat' dir='ltr'>collegii</span> <span class='ocrx_word' id='word_1_200' title='bbox 1830 1311 1948 1333; x_wconf 87' lang='lat' dir='ltr'>mona-</span> 
     </span>
     <span class='ocr_line' id='line_1_20' title="bbox 355 1353 1900 1401; baseline -0.005 -6"><span class='ocrx_word' id='word_1_201' title='bbox 355 1361 482 1401; x_wconf 84' lang='lat' dir='ltr'>censis,</span> <span class='ocrx_word' id='word_1_202' title='bbox 511 1358 711 1395; x_wconf 80' lang='lat' dir='ltr'>CANISIO.</span> <span class='ocrx_word' id='word_1_203' title='bbox 981 1355 1170 1390; x_wconf 80' lang='lat' dir='ltr'>Monachio</span> <span class='ocrx_word' id='word_1_204' title='bbox 1197 1356 1263 1389; x_wconf 87' lang='lat' dir='ltr'>sub</span> <span class='ocrx_word' id='word_1_205' title='bbox 1290 1356 1381 1390; x_wconf 85' lang='lat' dir='ltr'>med.</span> <span class='ocrx_word' id='word_1_206' title='bbox 1401 1357 1436 1388; x_wconf 89' lang='lat' dir='ltr'>et</span> <span class='ocrx_word' id='word_1_207' title='bbox 1462 1356 1605 1389; x_wconf 85' lang='lat' dir='ltr'>exeunt.</span> <span class='ocrx_word' id='word_1_208' title='bbox 1624 1354 1778 1396; x_wconf 83' lang='lat' dir='ltr'>August.</span> <span class='ocrx_word' id='word_1_209' title='bbox 1799 1353 1900 1387; x_wconf 89' lang='lat'>1566.</span> 
     </span>
    </p>
   </div>
   <div class='ocr_carea' id='block_1_5' title="bbox 189 1419 1953 1747">
    <p class='ocr_par' dir='ltr' id='par_1_6' title="bbox 309 1419 1343 1468">
     <span class='ocr_line' id='line_1_21' title="bbox 309 1419 1343 1468; baseline -0.007 -9"><span class='ocrx_word' id='word_1_210' title='bbox 309 1425 364 1460; x_wconf 86' lang='lat' dir='ltr'>Ex</span> <span class='ocrx_word' id='word_1_211' title='bbox 390 1424 546 1467; x_wconf 80' lang='lat' dir='ltr'>imagine</span> <span class='ocrx_word' id='word_1_212' title='bbox 573 1421 866 1468; x_wconf 85' lang='lat' dir='ltr'>photographica‚</span> <span class='ocrx_word' id='word_1_213' title='bbox 894 1422 937 1455; x_wconf 86' lang='lat' dir='ltr'>de</span> <span class='ocrx_word' id='word_1_214' title='bbox 963 1432 1034 1465; x_wconf 89' lang='lat' dir='ltr'>qua</span> <span class='ocrx_word' id='word_1_215' title='bbox 1059 1420 1153 1453; x_wconf 89' lang='lat' dir='ltr'>infra</span> <span class='ocrx_word' id='word_1_216' title='bbox 1179 1431 1211 1453; x_wconf 90' lang='lat' dir='ltr'>n.</span> <span class='ocrx_word' id='word_1_217' title='bbox 1241 1419 1343 1453; x_wconf 85' lang='lat'>1351.</span> 
     </span>
    </p>

    <p class='ocr_par' dir='ltr' id='par_1_7' title="bbox 189 1484 1953 1747">
     <span class='ocr_line' id='line_1_22' title="bbox 316 1484 1948 1530; baseline -0.004 -8"><span class='ocrx_word' id='word_1_218' title='bbox 316 1490 483 1523; x_wconf 56' lang='lat' dir='ltr'>&amp;misius</span> <span class='ocrx_word' id='word_1_219' title='bbox 508 1489 656 1530; x_wconf 70' lang='lat' dir='ltr'>Dilinya</span> <span class='ocrx_word' id='word_1_220' title='bbox 682 1489 737 1520; x_wconf 69' lang='lat'>⁴29.</span> <span class='ocrx_word' id='word_1_221' title='bbox 765 1488 920 1529; x_wconf 66' lang='lat' dir='ltr'>Auyusfz&#39;</span> <span class='ocrx_word' id='word_1_222' title='bbox 948 1488 1039 1519; x_wconf 82' lang='grc'><em>1566</em></span> <span class='ocrx_word' id='word_1_223' title='bbox 1064 1486 1212 1518; x_wconf 80' lang='lat' dir='ltr'>Romam</span> <span class='ocrx_word' id='word_1_224' title='bbox 1239 1485 1286 1517; x_wconf 85' lang='lat' dir='ltr'>ad</span> <span class='ocrx_word' id='word_1_225' title='bbox 1313 1485 1349 1517; x_wconf 82' lang='lat' dir='ltr'>S.</span> <span class='ocrx_word' id='word_1_226' title='bbox 1377 1485 1612 1517; x_wconf 69' lang='lat' dir='ltr'>Franciscnm</span> <span class='ocrx_word' id='word_1_227' title='bbox 1638 1484 1821 1526; x_wconf 68' lang='lat' dir='ltr'>Borye&#39;am,</span> <span class='ocrx_word' id='word_1_228' title='bbox 1841 1494 1948 1526; x_wconf 79' lang='lat' dir='ltr'>prae-</span> 
     </span>
     <span class='ocr_line' id='line_1_23' title="bbox 192 1536 1950 1588; baseline -0.005 -12"><span class='ocrx_word' id='word_1_229' title='bbox 192 1545 344 1588; x_wconf 74' lang='lat' dir='ltr'>positam</span> <span class='ocrx_word' id='word_1_230' title='bbox 379 1542 589 1585; x_wconf 57' lang='lat' dir='ltr'>grener-alem,</span> <span class='ocrx_word' id='word_1_231' title='bbox 628 1541 763 1573; x_wconf 70' lang='lat' dir='ltr'>rettulit</span> <span class='ocrx_word' id='word_1_232' title='bbox 801 1541 842 1572; x_wconf 79' lang='lat' dir='ltr'>de</span> <span class='ocrx_word' id='word_1_233' title='bbox 880 1540 917 1573; x_wconf 91' lang='lat' dir='ltr'>P.</span> <span class='ocrx_word' id='word_1_234' title='bbox 943 1539 1132 1572; x_wconf 71' lang='lat' dir='ltr'>Domim&#39;eo</span> <span class='ocrx_word' id='word_1_235' title='bbox 1158 1538 1325 1579; x_wconf 67' lang='lat' dir='ltr'>sslenyz&#39;no</span> <span class='ocrx_word' id='word_1_236' title='bbox 1353 1537 1387 1570; x_wconf 82' lang='lat' dir='ltr'>S.</span> <span class='ocrx_word' id='word_1_237' title='bbox 1416 1538 1463 1579; x_wconf 85' lang='lat' dir='ltr'>J.‚</span> <span class='ocrx_word' id='word_1_238' title='bbox 1504 1548 1603 1579; x_wconf 74' lang='lat' dir='ltr'>Quem</span> <span class='ocrx_word' id='word_1_239' title='bbox 1641 1537 1679 1569; x_wconf 84' lang='lat' dir='ltr'>P.</span> <span class='ocrx_word' id='word_1_240' title='bbox 1707 1537 1852 1569; x_wconf 67' lang='lat' dir='ltr'>Natalis</span> <span class='ocrx_word' id='word_1_241' title='bbox 1886 1536 1950 1568; x_wconf 75' lang='lat' dir='ltr'>sub</span> 
     </span>
     <span class='ocr_line' id='line_1_24' title="bbox 194 1589 1949 1633; baseline -0.005 -4"><span class='ocrx_word' id='word_1_242' title='bbox 194 1598 345 1630; x_wconf 74' lang='lat' dir='ltr'>medium</span> <span class='ocrx_word' id='word_1_243' title='bbox 381 1606 425 1628; x_wconf 83' lang='lat' dir='ltr'>m.</span> <span class='ocrx_word' id='word_1_244' title='bbox 452 1595 598 1627; x_wconf 68' lang='lat' dir='ltr'>limium</span> <span class='ocrx_word' id='word_1_245' title='bbox 633 1597 802 1626; x_wconf 70' lang='lat' dir='ltr'>rectorem</span> <span class='ocrx_word' id='word_1_246' title='bbox 838 1596 1017 1625; x_wconf 61' lang='lat' dir='ltr'>creaverat</span> <span class='ocrx_word' id='word_1_247' title='bbox 1044 1592 1140 1632; x_wconf 74' lang='lat' dir='ltr'>(vide</span> <span class='ocrx_word' id='word_1_248' title='bbox 1165 1601 1277 1633; x_wconf 74' lang='lat' dir='ltr'>supra</span> <span class='ocrx_word' id='word_1_249' title='bbox 1303 1602 1337 1633; x_wconf 76' lang='lat' dir='ltr'>p.</span> <span class='ocrx_word' id='word_1_250' title='bbox 1357 1590 1486 1629; x_wconf 74' lang='lat'>290³).·</span> <span class='ocrx_word' id='word_1_251' title='bbox 1514 1589 1574 1633; x_wconf 85' lang='lat' dir='ltr'>,‚P.</span> <span class='ocrx_word' id='word_1_252' title='bbox 1603 1590 1823 1629; x_wconf 58' lang='lat' dir='ltr'>Domina-as,</span> <span class='ocrx_word' id='word_1_253' title='bbox 1851 1600 1949 1632; x_wconf 76' lang='lat' dir='ltr'>quem</span> 
     </span>
     <span class='ocr_line' id='line_1_25' title="bbox 195 1643 1953 1686; baseline -0.005 -4"><span class='ocrx_word' id='word_1_254' title='bbox 195 1651 234 1684; x_wconf 81' lang='lat' dir='ltr'>P.</span> <span class='ocrx_word' id='word_1_255' title='bbox 261 1650 432 1682; x_wconf 68' lang='lat' dir='ltr'>Visitator</span> <span class='ocrx_word' id='word_1_256' title='bbox 459 1647 741 1680; x_wconf 36' lang='lat' dir='ltr'>Moaszachiensem</span> <span class='ocrx_word' id='word_1_257' title='bbox 768 1647 947 1679; x_wconf 68' lang='lat' dir='ltr'>Rectorem</span> <span class='ocrx_word' id='word_1_258' title='bbox 975 1645 1165 1686; x_wconf 72' lang='lat' dir='ltr'>constitnit,</span> <span class='ocrx_word' id='word_1_259' title='bbox 1205 1655 1274 1676; x_wconf 65' lang='lat' dir='ltr'>non.</span> <span class='ocrx_word' id='word_1_260' title='bbox 1301 1644 1364 1676; x_wconf 69' lang='lat' dir='ltr'>diu</span> <span class='ocrx_word' id='word_1_261' title='bbox 1399 1644 1437 1675; x_wconf 74' lang='lat' dir='ltr'>in</span> <span class='ocrx_word' id='word_1_262' title='bbox 1472 1643 1535 1675; x_wconf 77' lang='lat' dir='ltr'>hoc</span> <span class='ocrx_word' id='word_1_263' title='bbox 1573 1653 1717 1675; x_wconf 78' lang='lat' dir='ltr'>manere</span> <span class='ocrx_word' id='word_1_264' title='bbox 1742 1643 1953 1675; x_wconf 76' lang='lat' dir='ltr'>conseruari</span> 
     </span>
     <span class='ocr_line' id='line_1_26' title="bbox 189 1694 1512 1747; baseline -0.007 -11"><span class='ocrx_word' id='word_1_265' title='bbox 189 1705 341 1747; x_wconf 70' lang='lat' dir='ltr'>poterit:</span> <span class='ocrx_word' id='word_1_266' title='bbox 367 1702 453 1734; x_wconf 79' lang='lat' dir='ltr'>adeo</span> <span class='ocrx_word' id='word_1_267' title='bbox 473 1701 563 1743; x_wconf 71' lang='lat' dir='ltr'>petit</span> <span class='ocrx_word' id='word_1_268' title='bbox 590 1704 619 1732; x_wconf 70' lang='lat' dir='ltr'>et</span> <span class='ocrx_word' id='word_1_269' title='bbox 645 1703 747 1742; x_wconf 58' lang='grc' dir='ltr'><em>νομαί</em></span> <span class='ocrx_word' id='word_1_270' title='bbox 772 1699 903 1741; x_wconf 71' lang='lat' dir='ltr'>sedulo,</span> <span class='ocrx_word' id='word_1_271' title='bbox 930 1703 967 1731; x_wconf 59' lang='lat' dir='ltr'>‘ut</span> <span class='ocrx_word' id='word_1_272' title='bbox 992 1701 1188 1740; x_wconf 67' lang='lat' dir='ltr'>susceptam</span> <span class='ocrx_word' id='word_1_273' title='bbox 1215 1708 1303 1729; x_wconf 73' lang='lat' dir='ltr'>onas</span> <span class='ocrx_word' id='word_1_274' title='bbox 1328 1694 1512 1738; x_wconf 62' lang='lat' dir='ltr'>deponatf‘</span> 
     </span>
    </p>
   </div>
   <div class='ocr_carea' id='block_1_6' title="bbox 314 1759 1324 1807">
    <p class='ocr_par' dir='ltr' id='par_1_8' title="bbox 314 1759 1324 1807">
     <span class='ocr_line' id='line_1_27' title="bbox 314 1759 1324 1807; baseline -0.005 -9"><span class='ocrx_word' id='word_1_275' title='bbox 314 1765 422 1799; x_wconf 84' lang='lat' dir='ltr'>Plura</span> <span class='ocrx_word' id='word_1_276' title='bbox 449 1764 530 1797; x_wconf 84' lang='lat' dir='ltr'>vide</span> <span class='ocrx_word' id='word_1_277' title='bbox 556 1763 650 1796; x_wconf 83' lang='lat' dir='ltr'>infra</span> <span class='ocrx_word' id='word_1_278' title='bbox 677 1774 709 1807; x_wconf 91' lang='lat' dir='ltr'>p.</span> <span class='ocrx_word' id='word_1_279' title='bbox 737 1762 823 1802; x_wconf 83' lang='lat'>303;</span> <span class='ocrx_word' id='word_1_280' title='bbox 852 1762 897 1795; x_wconf 86' lang='lat' dir='ltr'>cf.</span> <span class='ocrx_word' id='word_1_281' title='bbox 925 1761 1033 1794; x_wconf 89' lang='lat' dir='ltr'>etiam</span> <span class='ocrx_word' id='word_1_282' title='bbox 1058 1771 1167 1805; x_wconf 85' lang='lat' dir='ltr'>supra</span> <span class='ocrx_word' id='word_1_283' title='bbox 1192 1771 1224 1804; x_wconf 90' lang='lat' dir='ltr'>p.</span> <span class='ocrx_word' id='word_1_284' title='bbox 1245 1759 1324 1794; x_wconf 88' lang='lat'>290.</span> 
     </span>
    </p>
   </div>
   <div class='ocr_carea' id='block_1_7' title="bbox 196 1874 1951 1918">
    <p class='ocr_par' dir='ltr' id='par_1_9' title="bbox 196 1874 1951 1918">
     <span class='ocr_line' id='line_1_28' title="bbox 196 1874 1951 1918; baseline -0.005 -1"><span class='ocrx_word' id='word_1_285' title='bbox 196 1881 347 1918; x_wconf 79' lang='lat'>1349.</span> <span class='ocrx_word' id='word_1_286' title='bbox 455 1879 669 1915; x_wconf 77' lang='lat' dir='ltr'>CANISIUS</span> <span class='ocrx_word' id='word_1_287' title='bbox 706 1878 766 1914; x_wconf 85' lang='lat' dir='ltr'>P.</span> <span class='ocrx_word' id='word_1_288' title='bbox 794 1875 1207 1913; x_wconf 72' lang='lat' dir='ltr'><strong>HIERONYMO</strong></span> <span class='ocrx_word' id='word_1_289' title='bbox 1243 1875 1520 1917; x_wconf 79' lang='lat' dir='ltr'><strong>NATALI‚</strong></span> <span class='ocrx_word' id='word_1_290' title='bbox 1555 1875 1734 1909; x_wconf 84' lang='lat' dir='ltr'>visitatori</span> <span class='ocrx_word' id='word_1_291' title='bbox 1761 1874 1951 1909; x_wconf 81' lang='lat' dir='ltr'>Societatis</span> 
     </span>
    </p>
   </div>
   <div class='ocr_carea' id='block_1_8' title="bbox 190 1928 1950 3119">
    <p class='ocr_par' dir='ltr' id='par_1_10' title="bbox 360 1928 1901 1974">
     <span class='ocr_line' id='line_1_29' title="bbox 360 1928 1901 1974; baseline -0.005 -6"><span class='ocrx_word' id='word_1_292' title='bbox 360 1935 452 1968; x_wconf 89' lang='lat' dir='ltr'>Iesu.</span> <span class='ocrx_word' id='word_1_293' title='bbox 715 1931 934 1974; x_wconf 83' lang='lat' dir='ltr'>Ingolstadio</span> <span class='ocrx_word' id='word_1_294' title='bbox 963 1931 1124 1974; x_wconf 82' lang='lat' dir='ltr'>(Dilinga</span> <span class='ocrx_word' id='word_1_295' title='bbox 1136 1932 1169 1973; x_wconf 70' lang='lat'>⁶9)</span> <span class='ocrx_word' id='word_1_296' title='bbox 1200 1930 1314 1963; x_wconf 84' lang='lat' dir='ltr'>medio</span> <span class='ocrx_word' id='word_1_297' title='bbox 1342 1929 1400 1962; x_wconf 92' lang='lat' dir='ltr'>vel</span> <span class='ocrx_word' id='word_1_298' title='bbox 1428 1931 1580 1963; x_wconf 88' lang='lat' dir='ltr'>exeunte</span> <span class='ocrx_word' id='word_1_299' title='bbox 1607 1929 1772 1971; x_wconf 84' lang='lat' dir='ltr'>Augusto</span> <span class='ocrx_word' id='word_1_300' title='bbox 1801 1928 1901 1962; x_wconf 88' lang='lat'>1566.</span> 
     </span>
    </p>

    <p class='ocr_par' dir='ltr' id='par_1_11' title="bbox 316 1995 1347 2042">
     <span class='ocr_line' id='line_1_30' title="bbox 316 1995 1347 2042; baseline -0.006 -9"><span class='ocrx_word' id='word_1_301' title='bbox 316 2000 370 2033; x_wconf 80' lang='lat' dir='ltr'>Ex</span> <span class='ocrx_word' id='word_1_302' title='bbox 395 1998 552 2042; x_wconf 85' lang='lat' dir='ltr'>imagine</span> <span class='ocrx_word' id='word_1_303' title='bbox 577 1996 874 2042; x_wconf 81' lang='lat' dir='ltr'>photographica,</span> <span class='ocrx_word' id='word_1_304' title='bbox 901 1996 942 2030; x_wconf 90' lang='lat' dir='ltr'>de</span> <span class='ocrx_word' id='word_1_305' title='bbox 970 2007 1039 2039; x_wconf 86' lang='lat' dir='ltr'>qua</span> <span class='ocrx_word' id='word_1_306' title='bbox 1065 1995 1158 2028; x_wconf 85' lang='lat' dir='ltr'>infra</span> <span class='ocrx_word' id='word_1_307' title='bbox 1184 2007 1217 2028; x_wconf 91' lang='lat' dir='ltr'>n.</span> <span class='ocrx_word' id='word_1_308' title='bbox 1247 1995 1347 2028; x_wconf 86' lang='lat'>1351.</span> 
     </span>
    </p>

    <p class='ocr_par' dir='ltr' id='par_1_12' title="bbox 190 2058 1950 2374">
     <span class='ocr_line' id='line_1_31' title="bbox 318 2058 1948 2105; baseline -0.006 -7"><span class='ocrx_word' id='word_1_309' title='bbox 318 2065 484 2098; x_wconf 77' lang='lat' dir='ltr'>Canisius</span> <span class='ocrx_word' id='word_1_310' title='bbox 509 2064 658 2105; x_wconf 71' lang='lat' dir='ltr'>Dilinya</span> <span class='ocrx_word' id='word_1_311' title='bbox 684 2065 739 2096; x_wconf 83' lang='lat'>29.</span> <span class='ocrx_word' id='word_1_312' title='bbox 767 2063 922 2103; x_wconf 69' lang='lat' dir='ltr'>Aayusti</span> <span class='ocrx_word' id='word_1_313' title='bbox 949 2063 1040 2094; x_wconf 85' lang='grc'><em>1566</em></span> <span class='ocrx_word' id='word_1_314' title='bbox 1065 2061 1213 2093; x_wconf 81' lang='lat' dir='ltr'>Romam</span> <span class='ocrx_word' id='word_1_315' title='bbox 1240 2060 1287 2091; x_wconf 82' lang='lat' dir='ltr'>ad</span> <span class='ocrx_word' id='word_1_316' title='bbox 1315 2060 1350 2092; x_wconf 88' lang='lat' dir='ltr'>S.</span> <span class='ocrx_word' id='word_1_317' title='bbox 1378 2059 1614 2091; x_wconf 74' lang='lat' dir='ltr'>Francisemn</span> <span class='ocrx_word' id='word_1_318' title='bbox 1640 2058 1822 2100; x_wconf 69' lang='lat' dir='ltr'>Borgyiam,</span> <span class='ocrx_word' id='word_1_319' title='bbox 1843 2067 1948 2099; x_wconf 74' lang='lat' dir='ltr'>prae-</span> 
     </span>
     <span class='ocr_line' id='line_1_32' title="bbox 191 2109 1950 2161; baseline -0.006 -10"><span class='ocrx_word' id='word_1_320' title='bbox 191 2119 347 2161; x_wconf 73' lang='lat' dir='ltr'>positum</span> <span class='ocrx_word' id='word_1_321' title='bbox 362 2118 570 2160; x_wconf 76' lang='lat' dir='ltr'>9eneralem,</span> <span class='ocrx_word' id='word_1_322' title='bbox 588 2116 744 2150; x_wconf 76' lang='lat' dir='ltr'>rettulit:</span> <span class='ocrx_word' id='word_1_323' title='bbox 770 2116 814 2148; x_wconf 87' lang='lat' dir='ltr'>Se</span> <span class='ocrx_word' id='word_1_324' title='bbox 841 2114 888 2146; x_wconf 76' lang='lat' dir='ltr'>ad</span> <span class='ocrx_word' id='word_1_325' title='bbox 908 2114 943 2146; x_wconf 91' lang='lat' dir='ltr'>P.</span> <span class='ocrx_word' id='word_1_326' title='bbox 964 2113 1128 2146; x_wconf 76' lang='lat' dir='ltr'>Natalem</span> <span class='ocrx_word' id='word_1_327' title='bbox 1154 2113 1368 2145; x_wconf 53' lang='lat' dir='ltr'>‘visitatorem</span> <span class='ocrx_word' id='word_1_328' title='bbox 1393 2112 1576 2154; x_wconf 69' lang='lat' dir='ltr'>scripsisse</span> <span class='ocrx_word' id='word_1_329' title='bbox 1602 2112 1643 2143; x_wconf 79' lang='lat' dir='ltr'>de</span> <span class='ocrx_word' id='word_1_330' title='bbox 1660 2111 1817 2153; x_wconf 71' lang='lat' dir='ltr'>episcopo</span> <span class='ocrx_word' id='word_1_331' title='bbox 1835 2109 1950 2142; x_wconf 78' lang='lat' dir='ltr'>herbi-</span> 
     </span>
     <span class='ocr_line' id='line_1_33' title="bbox 190 2163 1950 2215; baseline -0.006 -10"><span class='ocrx_word' id='word_1_332' title='bbox 190 2172 329 2215; x_wconf 74' lang='lat' dir='ltr'>polensi</span> <span class='ocrx_word' id='word_1_333' title='bbox 363 2171 545 2213; x_wconf 74' lang='lat' dir='ltr'>colleffl&#39;nm</span> <span class='ocrx_word' id='word_1_334' title='bbox 571 2168 759 2211; x_wconf 71' lang='lat' dir='ltr'>Herbipoli</span> <span class='ocrx_word' id='word_1_335' title='bbox 788 2168 953 2210; x_wconf 58' lang='lat' dir='ltr'>proxime</span> <span class='ocrx_word' id='word_1_336' title='bbox 980 2166 1148 2198; x_wconf 68' lang='lat' dir='ltr'>incohare</span> <span class='ocrx_word' id='word_1_337' title='bbox 1183 2167 1340 2207; x_wconf 73' lang='lat' dir='ltr'>capiente</span> <span class='ocrx_word' id='word_1_338' title='bbox 1375 2169 1405 2197; x_wconf 82' lang='lat' dir='ltr'>et</span> <span class='ocrx_word' id='word_1_339' title='bbox 1439 2166 1480 2197; x_wconf 80' lang='lat' dir='ltr'>de</span> <span class='ocrx_word' id='word_1_340' title='bbox 1506 2165 1544 2197; x_wconf 90' lang='lat' dir='ltr'>P.</span> <span class='ocrx_word' id='word_1_341' title='bbox 1572 2164 1758 2197; x_wconf 52' lang='lat' dir='ltr'>Dominio-0</span> <span class='ocrx_word' id='word_1_342' title='bbox 1783 2163 1950 2204; x_wconf 65' lang='lat' dir='ltr'>Itsenyz&#39;no</span> 
     </span>
     <span class='ocr_line' id='line_1_34' title="bbox 192 2216 1950 2267; baseline -0.006 -10"><span class='ocrx_word' id='word_1_343' title='bbox 192 2225 296 2258; x_wconf 79' lang='lat' dir='ltr'>semel</span> <span class='ocrx_word' id='word_1_344' title='bbox 321 2228 424 2267; x_wconf 75' lang='lat' dir='ltr'>atque</span> <span class='ocrx_word' id='word_1_345' title='bbox 448 2225 588 2265; x_wconf 65' lang='lat' dir='ltr'>iterum,</span> <span class='ocrx_word' id='word_1_346' title='bbox 614 2226 653 2255; x_wconf 72' lang='lat' dir='ltr'>ut</span> <span class='ocrx_word' id='word_1_347' title='bbox 679 2221 798 2263; x_wconf 80' lang='lat' dir='ltr'>officio</span> <span class='ocrx_word' id='word_1_348' title='bbox 816 2220 964 2252; x_wconf 75' lang='lat' dir='ltr'>rectoris</span> <span class='ocrx_word' id='word_1_349' title='bbox 988 2219 1208 2252; x_wconf 70' lang='lat' dir='ltr'>monacensis</span> <span class='ocrx_word' id='word_1_350' title='bbox 1233 2219 1459 2260; x_wconf 72' lang='lat' dir='ltr'>liberaretur,</span> <span class='ocrx_word' id='word_1_351' title='bbox 1483 2222 1635 2260; x_wconf 71' lang='lat' dir='ltr'>precato.</span> <span class='ocrx_word' id='word_1_352' title='bbox 1672 2216 1784 2249; x_wconf 78' lang='lat' dir='ltr'>Plura</span> <span class='ocrx_word' id='word_1_353' title='bbox 1810 2216 1885 2247; x_wconf 78' lang='lat' dir='ltr'>vide</span> <span class='ocrx_word' id='word_1_354' title='bbox 1910 2216 1950 2246; x_wconf 77' lang='lat' dir='ltr'>in</span> 
     </span>
     <span class='ocr_line' id='line_1_35' title="bbox 198 2268 1948 2319; baseline -0.007 -8"><span class='ocrx_word' id='word_1_355' title='bbox 198 2278 337 2311; x_wconf 74' lang='lat' dir='ltr'>Canisii</span> <span class='ocrx_word' id='word_1_356' title='bbox 362 2277 410 2310; x_wconf 78' lang='lat' dir='ltr'>ad</span> <span class='ocrx_word' id='word_1_357' title='bbox 428 2277 599 2319; x_wconf 70' lang='lat' dir='ltr'>Boryz&#39;am</span> <span class='ocrx_word' id='word_1_358' title='bbox 625 2274 787 2318; x_wconf 71' lang='lat' dir='ltr'>epistula,</span> <span class='ocrx_word' id='word_1_359' title='bbox 815 2284 919 2316; x_wconf 76' lang='lat' dir='ltr'>quam</span> <span class='ocrx_word' id='word_1_360' title='bbox 945 2273 1046 2310; x_wconf 68' lang='lat' dir='ltr'>dixe·,·</span> <span class='ocrx_word' id='word_1_361' title='bbox 1071 2282 1155 2304; x_wconf 74' lang='lat' dir='ltr'>nam</span> <span class='ocrx_word' id='word_1_362' title='bbox 1181 2272 1341 2314; x_wconf 61' lang='lat' dir='ltr'>epistula,</span> <span class='ocrx_word' id='word_1_363' title='bbox 1369 2282 1473 2314; x_wconf 74' lang='lat' dir='ltr'>quam</span> <span class='ocrx_word' id='word_1_364' title='bbox 1501 2271 1548 2303; x_wconf 78' lang='lat' dir='ltr'>ad</span> <span class='ocrx_word' id='word_1_365' title='bbox 1571 2270 1734 2302; x_wconf 77' lang='lat' dir='ltr'>Natalem</span> <span class='ocrx_word' id='word_1_366' title='bbox 1759 2269 1819 2301; x_wconf 74' lang='lat' dir='ltr'>ille</span> <span class='ocrx_word' id='word_1_367' title='bbox 1844 2268 1948 2310; x_wconf 73' lang='lat' dir='ltr'>dedit,</span> 
     </span>
     <span class='ocr_line' id='line_1_36' title="bbox 192 2330 498 2374; baseline -0.01 -10"><span class='ocrx_word' id='word_1_368' title='bbox 192 2332 325 2374; x_wconf 74' lang='lat' dir='ltr'>perisse</span> <span class='ocrx_word' id='word_1_369' title='bbox 351 2330 498 2363; x_wconf 73' lang='lat' dir='ltr'>videtur.</span> 
     </span>
    </p>

    <p class='ocr_par' dir='ltr' id='par_1_13' title="bbox 196 2383 1949 2962">
     <span class='ocr_line' id='line_1_37' title="bbox 314 2383 1948 2436; baseline -0.006 -9"><span class='ocrx_word' id='word_1_370' title='bbox 314 2393 368 2427; x_wconf 89' lang='lat' dir='ltr'>Ad</span> <span class='ocrx_word' id='word_1_371' title='bbox 395 2392 543 2426; x_wconf 87' lang='lat' dir='ltr'>eandem</span> <span class='ocrx_word' id='word_1_372' title='bbox 569 2389 761 2436; x_wconf 85' lang='lat' dir='ltr'>epistulam</span> <span class='ocrx_word' id='word_1_373' title='bbox 788 2391 952 2434; x_wconf 85' lang='lat' dir='ltr'>spectare</span> <span class='ocrx_word' id='word_1_374' title='bbox 978 2390 1073 2433; x_wconf 77' lang='lat' dir='ltr'>puto,</span> <span class='ocrx_word' id='word_1_375' title='bbox 1110 2399 1202 2431; x_wconf 87' lang='lat' dir='ltr'>quae</span> <span class='ocrx_word' id='word_1_376' title='bbox 1228 2389 1371 2421; x_wconf 74' lang='lat' dir='ltr'>Natalis</span> <span class='ocrx_word' id='word_1_377' title='bbox 1397 2387 1549 2430; x_wconf 86' lang='lat' dir='ltr'>Borgiae</span> <span class='ocrx_word' id='word_1_378' title='bbox 1581 2385 1726 2430; x_wconf 84' lang='lat' dir='ltr'>scripsit</span> <span class='ocrx_word' id='word_1_379' title='bbox 1751 2383 1948 2428; x_wconf 82' lang='lat' dir='ltr'>Oeniponte</span> 
     </span>
     <span class='ocr_line' id='line_1_38' title="bbox 198 2437 1949 2486; baseline -0.006 -6"><span class='ocrx_word' id='word_1_380' title='bbox 198 2447 251 2481; x_wconf 91' lang='lat'>19.</span> <span class='ocrx_word' id='word_1_381' title='bbox 271 2445 437 2480; x_wconf 86' lang='lat' dir='ltr'>Octobris</span> <span class='ocrx_word' id='word_1_382' title='bbox 457 2445 566 2479; x_wconf 87' lang='lat'>1566:</span> <span class='ocrx_word' id='word_1_383' title='bbox 598 2444 672 2486; x_wconf 86' lang='lat' dir='ltr'>„Da</span> <span class='ocrx_word' id='word_1_384' title='bbox 690 2443 819 2486; x_wconf 82' lang='lat' dir='ltr'>Praga,</span> <span class='ocrx_word' id='word_1_385' title='bbox 846 2442 876 2476; x_wconf 90' lang='lat' dir='ltr'>si</span> <span class='ocrx_word' id='word_1_386' title='bbox 902 2441 1117 2475; x_wconf 85' lang='lat' dir='ltr'>mandorono</span> <span class='ocrx_word' id='word_1_387' title='bbox 1144 2452 1164 2474; x_wconf 89' lang='lat' dir='ltr'>a</span> <span class='ocrx_word' id='word_1_388' title='bbox 1191 2443 1318 2484; x_wconf 89' lang='lat' dir='ltr'>questa</span> <span class='ocrx_word' id='word_1_389' title='bbox 1337 2439 1525 2474; x_wconf 86' lang='lat' dir='ltr'>Prouincia</span> <span class='ocrx_word' id='word_1_390' title='bbox 1550 2441 1649 2472; x_wconf 82' lang='lat' dir='ltr'>tanto</span> <span class='ocrx_word' id='word_1_391' title='bbox 1674 2449 1737 2482; x_wconf 86' lang='lat' dir='ltr'>per</span> <span class='ocrx_word' id='word_1_392' title='bbox 1763 2437 1949 2479; x_wconf 83' lang='lat' dir='ltr'>isgrauare</span> 
     </span>
     <span class='ocr_line' id='line_1_39' title="bbox 196 2489 1949 2543; baseline -0.006 -10"><span class='ocrx_word' id='word_1_393' title='bbox 196 2498 279 2543; x_wconf 90' lang='lat' dir='ltr'>quel</span> <span class='ocrx_word' id='word_1_394' title='bbox 298 2498 455 2541; x_wconf 83' lang='lat' dir='ltr'>Collegio</span> <span class='ocrx_word' id='word_1_395' title='bbox 482 2498 615 2541; x_wconf 89' lang='lat' dir='ltr'>quanto</span> <span class='ocrx_word' id='word_1_396' title='bbox 642 2495 771 2541; x_wconf 85' lang='lat' dir='ltr'>perche</span> <span class='ocrx_word' id='word_1_397' title='bbox 798 2507 863 2529; x_wconf 88' lang='lat' dir='ltr'>con</span> <span class='ocrx_word' id='word_1_398' title='bbox 888 2494 1051 2528; x_wconf 86' lang='lat' dir='ltr'>instanza</span> <span class='ocrx_word' id='word_1_399' title='bbox 1077 2493 1125 2527; x_wconf 84' lang='grc'><em>1111</em></span> <span class='ocrx_word' id='word_1_400' title='bbox 1150 2493 1292 2527; x_wconf 88' lang='lat' dir='ltr'>haueua</span> <span class='ocrx_word' id='word_1_401' title='bbox 1317 2493 1528 2527; x_wconf 86' lang='lat' dir='ltr'>domandato</span> <span class='ocrx_word' id='word_1_402' title='bbox 1554 2491 1579 2525; x_wconf 97' lang='grc'>11</span> <span class='ocrx_word' id='word_1_403' title='bbox 1605 2491 1644 2524; x_wconf 93' lang='lat' dir='ltr'>P.</span> <span class='ocrx_word' id='word_1_404' title='bbox 1664 2489 1804 2524; x_wconf 88' lang='lat' dir='ltr'>Canisio</span> <span class='ocrx_word' id='word_1_405' title='bbox 1830 2489 1949 2523; x_wconf 88' lang='lat' dir='ltr'>alcuni</span> 
     </span>
     <span class='ocr_line' id='line_1_40' title="bbox 196 2542 1948 2594; baseline -0.006 -9"><span class='ocrx_word' id='word_1_406' title='bbox 196 2551 334 2592; x_wconf 84' lang='lat' dir='ltr'>scolari,</span> <span class='ocrx_word' id='word_1_407' title='bbox 362 2552 506 2594; x_wconf 88' lang='lat' dir='ltr'>quattro</span> <span class='ocrx_word' id='word_1_408' title='bbox 531 2549 673 2589; x_wconf 87' lang='lat' dir='ltr'>scolari,</span> <span class='ocrx_word' id='word_1_409' title='bbox 699 2550 735 2582; x_wconf 88' lang='lat' dir='ltr'>et</span> <span class='ocrx_word' id='word_1_410' title='bbox 746 2548 824 2582; x_wconf 88' lang='lat' dir='ltr'>Vno</span> <span class='ocrx_word' id='word_1_411' title='bbox 849 2559 919 2581; x_wconf 90' lang='lat' dir='ltr'>non</span> <span class='ocrx_word' id='word_1_412' title='bbox 945 2558 1103 2592; x_wconf 85' lang='lat' dir='ltr'>prouaua</span> <span class='ocrx_word' id='word_1_413' title='bbox 1129 2547 1218 2580; x_wconf 90' lang='lat' dir='ltr'>bene</span> <span class='ocrx_word' id='word_1_414' title='bbox 1236 2546 1331 2580; x_wconf 90' lang='lat' dir='ltr'>nella</span> <span class='ocrx_word' id='word_1_415' title='bbox 1349 2545 1555 2590; x_wconf 89' lang='lat' dir='ltr'>probatione</span> <span class='ocrx_word' id='word_1_416' title='bbox 1573 2571 1581 2578; x_wconf 89' lang='lat'>.</span> <span class='ocrx_word' id='word_1_417' title='bbox 1599 2543 1685 2577; x_wconf 86' lang='lat' dir='ltr'>tutti</span> <span class='ocrx_word' id='word_1_418' title='bbox 1702 2542 1948 2586; x_wconf 86' lang='lat' dir='ltr'>m&#39;aspettano</span> 
     </span>
     <span class='ocr_line' id='line_1_41' title="bbox 196 2594 1948 2647; baseline -0.007 -9"><span class='ocrx_word' id='word_1_419' title='bbox 196 2605 232 2637; x_wconf 92' lang='lat' dir='ltr'>in</span> <span class='ocrx_word' id='word_1_420' title='bbox 258 2603 493 2647; x_wconf 84' lang='lat' dir='ltr'>Jngolstadio‚</span> <span class='ocrx_word' id='word_1_421' title='bbox 529 2614 639 2647; x_wconf 86' lang='lat' dir='ltr'>penso</span> <span class='ocrx_word' id='word_1_422' title='bbox 674 2601 739 2635; x_wconf 89' lang='lat' dir='ltr'>che</span> <span class='ocrx_word' id='word_1_423' title='bbox 773 2601 798 2634; x_wconf 93' lang='lat' dir='ltr'>li</span> <span class='ocrx_word' id='word_1_424' title='bbox 833 2601 855 2634; x_wconf 94' lang='lat'>4</span> <span class='ocrx_word' id='word_1_425' title='bbox 880 2601 956 2634; x_wconf 74' lang='lat' dir='ltr'>faro</span> <span class='ocrx_word' id='word_1_426' title='bbox 982 2601 1105 2633; x_wconf 87' lang='lat' dir='ltr'>uenire</span> <span class='ocrx_word' id='word_1_427' title='bbox 1140 2601 1160 2633; x_wconf 76' lang='lat' dir='ltr'>a</span> <span class='ocrx_word' id='word_1_428' title='bbox 1186 2602 1312 2643; x_wconf 89' lang='lat' dir='ltr'>questo</span> <span class='ocrx_word' id='word_1_429' title='bbox 1340 2598 1499 2641; x_wconf 85' lang='lat' dir='ltr'>Collegio</span> <span class='ocrx_word' id='word_1_430' title='bbox 1533 2599 1554 2631; x_wconf 75' lang='lat' dir='ltr'>a</span> <span class='ocrx_word' id='word_1_431' title='bbox 1579 2596 1738 2631; x_wconf 88' lang='lat' dir='ltr'>studiare</span> <span class='ocrx_word' id='word_1_432' title='bbox 1772 2594 1837 2628; x_wconf 89' lang='lat' dir='ltr'>che</span> <span class='ocrx_word' id='word_1_433' title='bbox 1863 2606 1948 2628; x_wconf 86' lang='lat' dir='ltr'>sono</span> 
     </span>
     <span class='ocr_line' id='line_1_42' title="bbox 197 2647 1948 2693; baseline -0.006 -3"><span class='ocrx_word' id='word_1_434' title='bbox 197 2656 392 2690; x_wconf 86' lang='lat' dir='ltr'>humanisti</span> <span class='ocrx_word' id='word_1_435' title='bbox 418 2656 442 2689; x_wconf 93' lang='lat' dir='ltr'>li</span> <span class='ocrx_word' id='word_1_436' title='bbox 469 2657 500 2690; x_wconf 82' lang='lat'>3.</span> <span class='ocrx_word' id='word_1_437' title='bbox 528 2657 563 2689; x_wconf 86' lang='lat' dir='ltr'>et</span> <span class='ocrx_word' id='word_1_438' title='bbox 589 2667 636 2688; x_wconf 87' lang='lat' dir='ltr'>un</span> <span class='ocrx_word' id='word_1_439' title='bbox 662 2653 853 2688; x_wconf 88' lang='lat' dir='ltr'>Rhetorico</span> <span class='ocrx_word' id='word_1_440' title='bbox 873 2681 878 2687; x_wconf 97' lang='lat'>.</span> <span class='ocrx_word' id='word_1_441' title='bbox 900 2653 978 2687; x_wconf 82' lang='lat' dir='ltr'>dell&#39;</span> <span class='ocrx_word' id='word_1_442' title='bbox 995 2653 1087 2686; x_wconf 86' lang='lat' dir='ltr'>altro</span> <span class='ocrx_word' id='word_1_443' title='bbox 1114 2653 1253 2693; x_wconf 73' lang='lat' dir='ltr'>uederb,</span> <span class='ocrx_word' id='word_1_444' title='bbox 1280 2652 1345 2685; x_wconf 89' lang='lat' dir='ltr'>che</span> <span class='ocrx_word' id='word_1_445' title='bbox 1371 2652 1543 2685; x_wconf 76' lang='lat' dir='ltr'>conuerra</span> <span class='ocrx_word' id='word_1_446' title='bbox 1568 2649 1674 2683; x_wconf 85' lang='lat' dir='ltr'>fare.“</span> <span class='ocrx_word' id='word_1_447' title='bbox 1693 2650 1702 2668; x_wconf 88' lang='lat'><em>¹</em></span> <span class='ocrx_word' id='word_1_448' title='bbox 1741 2648 1787 2681; x_wconf 89' lang='lat' dir='ltr'>Et</span> <span class='ocrx_word' id='word_1_449' title='bbox 1803 2647 1948 2690; x_wconf 86' lang='lat' dir='ltr'>Dilinga</span> 
     </span>
     <span class='ocr_line' id='line_1_43' title="bbox 200 2700 1946 2749; baseline -0.006 -6"><span class='ocrx_word' id='word_1_450' title='bbox 200 2710 252 2743; x_wconf 83' lang='lat'>14.</span> <span class='ocrx_word' id='word_1_451' title='bbox 271 2708 484 2743; x_wconf 86' lang='lat' dir='ltr'>Novembris</span> <span class='ocrx_word' id='word_1_452' title='bbox 504 2709 615 2742; x_wconf 89' lang='lat'>1566:</span> <span class='ocrx_word' id='word_1_453' title='bbox 646 2706 810 2749; x_wconf 84' lang='lat' dir='ltr'>„Mandai</span> <span class='ocrx_word' id='word_1_454' title='bbox 837 2706 881 2740; x_wconf 89' lang='lat' dir='ltr'>da</span> <span class='ocrx_word' id='word_1_455' title='bbox 899 2707 1017 2749; x_wconf 82' lang='lat' dir='ltr'>Praga</span> <span class='ocrx_word' id='word_1_456' title='bbox 1036 2707 1162 2749; x_wconf 88' lang='lat' dir='ltr'>quatro</span> <span class='ocrx_word' id='word_1_457' title='bbox 1189 2704 1343 2739; x_wconf 87' lang='lat' dir='ltr'>scholari</span> <span class='ocrx_word' id='word_1_458' title='bbox 1370 2704 1412 2737; x_wconf 89' lang='lat' dir='ltr'>de</span> <span class='ocrx_word' id='word_1_459' title='bbox 1430 2703 1541 2737; x_wconf 83' lang='lat' dir='ltr'>nostri</span> <span class='ocrx_word' id='word_1_460' title='bbox 1569 2704 1590 2736; x_wconf 76' lang='grc'><em>3</em></span> <span class='ocrx_word' id='word_1_461' title='bbox 1608 2702 1736 2745; x_wconf 86' lang='lat' dir='ltr'>questa</span> <span class='ocrx_word' id='word_1_462' title='bbox 1753 2700 1946 2744; x_wconf 85' lang='lat' dir='ltr'>prouincia,</span> 
     </span>
     <span class='ocr_line' id='line_1_44' title="bbox 198 2753 1947 2805; baseline -0.006 -10"><span class='ocrx_word' id='word_1_463' title='bbox 198 2761 325 2805; x_wconf 87' lang='lat' dir='ltr'>perche</span> <span class='ocrx_word' id='word_1_464' title='bbox 361 2762 408 2795; x_wconf 77' lang='lat' dir='ltr'>nii</span> <span class='ocrx_word' id='word_1_465' title='bbox 443 2761 608 2795; x_wconf 76' lang='lat' dir='ltr'>(limando</span> <span class='ocrx_word' id='word_1_466' title='bbox 635 2760 793 2794; x_wconf 86' lang='lat' dir='ltr'>Maestro</span> <span class='ocrx_word' id='word_1_467' title='bbox 820 2759 962 2794; x_wconf 87' lang='lat' dir='ltr'>Canisio</span> <span class='ocrx_word' id='word_1_468' title='bbox 998 2758 1063 2793; x_wconf 88' lang='lat' dir='ltr'>che</span> <span class='ocrx_word' id='word_1_469' title='bbox 1097 2758 1259 2791; x_wconf 85' lang='lat' dir='ltr'>mandasi</span> <span class='ocrx_word' id='word_1_470' title='bbox 1291 2756 1445 2801; x_wconf 85' lang='lat' dir='ltr'>alchunj.</span> <span class='ocrx_word' id='word_1_471' title='bbox 1473 2783 1480 2790; x_wconf 92' lang='lat'>.</span> <span class='ocrx_word' id='word_1_472' title='bbox 1501 2782 1507 2789; x_wconf 92' lang='lat'>.</span> <span class='ocrx_word' id='word_1_473' title='bbox 1528 2782 1535 2789; x_wconf 92' lang='lat'>.</span> <span class='ocrx_word' id='word_1_474' title='bbox 1578 2753 1702 2796; x_wconf 85' lang='lat' dir='ltr'>Questi</span> <span class='ocrx_word' id='word_1_475' title='bbox 1727 2753 1837 2797; x_wconf 85' lang='lat' dir='ltr'>padre</span> <span class='ocrx_word' id='word_1_476' title='bbox 1862 2763 1947 2786; x_wconf 85' lang='lat' dir='ltr'>sono</span> 
     </span>
     <span class='ocr_line' id='line_1_45' title="bbox 197 2805 1945 2857; baseline -0.005 -11"><span class='ocrx_word' id='word_1_477' title='bbox 197 2813 320 2847; x_wconf 89' lang='lat' dir='ltr'>uenuti</span> <span class='ocrx_word' id='word_1_478' title='bbox 355 2815 389 2847; x_wconf 90' lang='lat' dir='ltr'>in</span> <span class='ocrx_word' id='word_1_479' title='bbox 417 2816 545 2857; x_wconf 85' lang='lat' dir='ltr'>questa</span> <span class='ocrx_word' id='word_1_480' title='bbox 571 2813 761 2847; x_wconf 85' lang='lat' dir='ltr'>Prouincia</span> <span class='ocrx_word' id='word_1_481' title='bbox 795 2824 816 2846; x_wconf 91' lang='lat' dir='ltr'>a</span> <span class='ocrx_word' id='word_1_482' title='bbox 841 2812 1005 2846; x_wconf 88' lang='lat' dir='ltr'>instanza</span> <span class='ocrx_word' id='word_1_483' title='bbox 1031 2811 1072 2844; x_wconf 91' lang='lat' dir='ltr'>de</span> <span class='ocrx_word' id='word_1_484' title='bbox 1098 2811 1257 2844; x_wconf 85' lang='lat' dir='ltr'>Maestro</span> <span class='ocrx_word' id='word_1_485' title='bbox 1283 2809 1444 2843; x_wconf 87' lang='lat' dir='ltr'>Canisio:</span> <span class='ocrx_word' id='word_1_486' title='bbox 1474 2835 1481 2842; x_wconf 91' lang='lat'>.</span> <span class='ocrx_word' id='word_1_487' title='bbox 1501 2835 1508 2842; x_wconf 93' lang='lat'>.</span> <span class='ocrx_word' id='word_1_488' title='bbox 1529 2835 1535 2841; x_wconf 97' lang='lat'>.</span> <span class='ocrx_word' id='word_1_489' title='bbox 1563 2808 1658 2841; x_wconf 87' lang='lat' dir='ltr'>certo</span> <span class='ocrx_word' id='word_1_490' title='bbox 1684 2805 1717 2838; x_wconf 90' lang='lat' dir='ltr'>io</span> <span class='ocrx_word' id='word_1_491' title='bbox 1742 2805 1852 2849; x_wconf 89' lang='lat' dir='ltr'>padre</span> <span class='ocrx_word' id='word_1_492' title='bbox 1878 2816 1945 2838; x_wconf 88' lang='lat' dir='ltr'>non</span> 
     </span>
     <span class='ocr_line' id='line_1_46' title="bbox 197 2857 1946 2909; baseline -0.005 -11"><span class='ocrx_word' id='word_1_493' title='bbox 197 2864 222 2898; x_wconf 90' lang='lat' dir='ltr'>li</span> <span class='ocrx_word' id='word_1_494' title='bbox 247 2865 374 2899; x_wconf 89' lang='lat' dir='ltr'>uoleua</span> <span class='ocrx_word' id='word_1_495' title='bbox 399 2865 558 2900; x_wconf 82' lang='lat' dir='ltr'>mandar’</span> <span class='ocrx_word' id='word_1_496' title='bbox 585 2866 621 2899; x_wconf 90' lang='lat' dir='ltr'>in</span> <span class='ocrx_word' id='word_1_497' title='bbox 647 2868 774 2909; x_wconf 89' lang='lat' dir='ltr'>questa</span> <span class='ocrx_word' id='word_1_498' title='bbox 805 2863 995 2898; x_wconf 82' lang='lat' dir='ltr'>Prouincia</span> <span class='ocrx_word' id='word_1_499' title='bbox 1029 2875 1068 2897; x_wconf 90' lang='lat' dir='ltr'>se</span> <span class='ocrx_word' id='word_1_500' title='bbox 1102 2875 1171 2897; x_wconf 90' lang='lat' dir='ltr'>non</span> <span class='ocrx_word' id='word_1_501' title='bbox 1207 2875 1269 2907; x_wconf 89' lang='lat' dir='ltr'>per</span> <span class='ocrx_word' id='word_1_502' title='bbox 1302 2862 1432 2896; x_wconf 86' lang='lat' dir='ltr'>lettera</span> <span class='ocrx_word' id='word_1_503' title='bbox 1466 2860 1523 2894; x_wconf 86' lang='lat' dir='ltr'>del</span> <span class='ocrx_word' id='word_1_504' title='bbox 1548 2859 1663 2893; x_wconf 84' lang='lat' dir='ltr'>Padre</span> <span class='ocrx_word' id='word_1_505' title='bbox 1690 2857 1852 2891; x_wconf 82' lang='lat' dir='ltr'>Canisio“</span> <span class='ocrx_word' id='word_1_506' title='bbox 1887 2857 1946 2900; x_wconf 84' lang='lat' dir='ltr'>(ex</span> 
     </span>
     <span class='ocr_line' id='line_1_47' title="bbox 197 2910 1945 2962; baseline -0.005 -12"><span class='ocrx_word' id='word_1_507' title='bbox 197 2917 413 2962; x_wconf 77' lang='lat' dir='ltr'>archetypis,</span> <span class='ocrx_word' id='word_1_508' title='bbox 439 2930 530 2962; x_wconf 89' lang='lat' dir='ltr'>quae</span> <span class='ocrx_word' id='word_1_509' title='bbox 556 2920 641 2952; x_wconf 87' lang='lat' dir='ltr'>sunt</span> <span class='ocrx_word' id='word_1_510' title='bbox 666 2919 702 2952; x_wconf 94' lang='lat' dir='ltr'>in</span> <span class='ocrx_word' id='word_1_511' title='bbox 729 2917 812 2952; x_wconf 90' lang='lat' dir='ltr'>Cod.</span> <span class='ocrx_word' id='word_1_512' title='bbox 840 2917 942 2960; x_wconf 79' lang='lat' dir='ltr'>„EN“</span> <span class='ocrx_word' id='word_1_513' title='bbox 973 2929 1006 2950; x_wconf 91' lang='lat' dir='ltr'>n.</span> <span class='ocrx_word' id='word_1_514' title='bbox 1028 2917 1093 2950; x_wconf 90' lang='lat'>155</span> <span class='ocrx_word' id='word_1_515' title='bbox 1123 2917 1207 2956; x_wconf 85' lang='lat'>158;</span> <span class='ocrx_word' id='word_1_516' title='bbox 1236 2916 1343 2949; x_wconf 89' lang='lat' dir='ltr'>etiam</span> <span class='ocrx_word' id='word_1_517' title='bbox 1371 2915 1406 2948; x_wconf 92' lang='lat' dir='ltr'>in</span> <span class='ocrx_word' id='word_1_518' title='bbox 1432 2913 1520 2957; x_wconf 88' lang='lat' dir='ltr'>Epp.</span> <span class='ocrx_word' id='word_1_519' title='bbox 1538 2912 1659 2946; x_wconf 79' lang='lat' dir='ltr'>Nadaz</span> <span class='ocrx_word' id='word_1_520' title='bbox 1685 2910 1735 2944; x_wconf 89' lang='grc' dir='ltr'>ΙΙΙ</span> <span class='ocrx_word' id='word_1_521' title='bbox 1761 2910 1829 2943; x_wconf 84' lang='lat'>272</span> <span class='ocrx_word' id='word_1_522' title='bbox 1849 2910 1945 2953; x_wconf 86' lang='lat'>299).</span> 
     </span>
    </p>

    <p class='ocr_par' dir='ltr' id='par_1_14' title="bbox 197 2962 1945 3119">
     <span class='ocr_line' id='line_1_48' title="bbox 315 2962 1945 3015; baseline -0.004 -13"><span class='ocrx_word' id='word_1_523' title='bbox 315 2970 355 3003; x_wconf 85' lang='lat' dir='ltr'>ln</span> <span class='ocrx_word' id='word_1_524' title='bbox 380 2982 524 3004; x_wconf 88' lang='lat' dir='ltr'>numero</span> <span class='ocrx_word' id='word_1_525' title='bbox 558 2971 853 3005; x_wconf 85' lang='lat' dir='ltr'>scholasticorum</span> <span class='ocrx_word' id='word_1_526' title='bbox 879 2970 1084 3015; x_wconf 88' lang='lat' dir='ltr'>provinciae</span> <span class='ocrx_word' id='word_1_527' title='bbox 1110 2968 1302 3003; x_wconf 84' lang='lat' dir='ltr'>Societatis</span> <span class='ocrx_word' id='word_1_528' title='bbox 1328 2966 1539 3006; x_wconf 76' lang='lat' dir='ltr'>austriaeae,</span> <span class='ocrx_word' id='word_1_529' title='bbox 1575 2974 1663 3008; x_wconf 85' lang='lat' dir='ltr'>quos</span> <span class='ocrx_word' id='word_1_530' title='bbox 1690 2962 1854 3011; x_wconf 80' lang='lat' dir='ltr'>Canisius</span> <span class='ocrx_word' id='word_1_531' title='bbox 1879 2962 1945 2996; x_wconf 88' lang='lat' dir='ltr'>hoc</span> 
     </span>
     <span class='ocr_line' id='line_1_49' title="bbox 197 3015 1944 3067; baseline -0.004 -13"><span class='ocrx_word' id='word_1_532' title='bbox 197 3023 355 3066; x_wconf 86' lang='lat' dir='ltr'>tempore</span> <span class='ocrx_word' id='word_1_533' title='bbox 389 3023 592 3066; x_wconf 80' lang='lat' dir='ltr'>provinciae</span> <span class='ocrx_word' id='word_1_534' title='bbox 620 3022 832 3057; x_wconf 85' lang='lat' dir='ltr'>Germaniae</span> <span class='ocrx_word' id='word_1_535' title='bbox 866 3022 1059 3067; x_wconf 85' lang='lat' dir='ltr'>superioris</span> <span class='ocrx_word' id='word_1_536' title='bbox 1095 3033 1115 3056; x_wconf 88' lang='lat' dir='ltr'>a</span> <span class='ocrx_word' id='word_1_537' title='bbox 1140 3021 1269 3055; x_wconf 87' lang='lat' dir='ltr'>Natale</span> <span class='ocrx_word' id='word_1_538' title='bbox 1304 3018 1522 3064; x_wconf 86' lang='lat' dir='ltr'>impetravit,</span> <span class='ocrx_word' id='word_1_539' title='bbox 1557 3018 1634 3050; x_wconf 82' lang='lat' dir='ltr'>erat</span> <span class='ocrx_word' id='word_1_540' title='bbox 1659 3016 1810 3049; x_wconf 85' lang='lat' dir='ltr'>Iacobus</span> <span class='ocrx_word' id='word_1_541' title='bbox 1836 3015 1944 3060; x_wconf 85' lang='lat' dir='ltr'>Span-</span> 
     </span>
     <span class='ocr_line' id='line_1_50' title="bbox 198 3068 1943 3119; baseline -0.004 -12"><span class='ocrx_word' id='word_1_542' title='bbox 198 3073 313 3107; x_wconf 86' lang='lat' dir='ltr'>miller</span> <span class='ocrx_word' id='word_1_543' title='bbox 347 3075 424 3107; x_wconf 85' lang='lat' dir='ltr'>sive</span> <span class='ocrx_word' id='word_1_544' title='bbox 459 3075 652 3116; x_wconf 80' lang='lat' dir='ltr'>Fontanus,</span> <span class='ocrx_word' id='word_1_545' title='bbox 688 3075 802 3109; x_wconf 89' lang='lat' dir='ltr'>Ponte</span> <span class='ocrx_word' id='word_1_546' title='bbox 830 3075 960 3119; x_wconf 69' lang='lat' dir='ltr'>(Briix)</span> <span class='ocrx_word' id='word_1_547' title='bbox 989 3075 1180 3109; x_wconf 87' lang='lat' dir='ltr'>Bohemiae</span> <span class='ocrx_word' id='word_1_548' title='bbox 1215 3073 1342 3118; x_wconf 85' lang='lat' dir='ltr'>oppido</span> <span class='ocrx_word' id='word_1_549' title='bbox 1371 3072 1418 3115; x_wconf 90' lang='lat' dir='ltr'>(a.</span> <span class='ocrx_word' id='word_1_550' title='bbox 1446 3070 1547 3110; x_wconf 88' lang='lat'>1542,</span> <span class='ocrx_word' id='word_1_551' title='bbox 1572 3071 1613 3102; x_wconf 84' lang='lat' dir='ltr'>ut</span> <span class='ocrx_word' id='word_1_552' title='bbox 1640 3068 1795 3111; x_wconf 83' lang='lat' dir='ltr'>videtur)</span> <span class='ocrx_word' id='word_1_553' title='bbox 1834 3070 1943 3108; x_wconf 87' lang='lat' dir='ltr'>ortus,</span> 
     </span>
    </p>
   </div>
   <div class='ocr_carea' id='block_1_9' title="bbox 207 3146 299 3148">
    <p class='ocr_par' dir='ltr' id='par_1_15' title="bbox 207 3146 299 3148">
     <span class='ocr_line' id='line_1_51' title="bbox 207 3146 299 3148; baseline 0 0"><span class='ocrx_word' id='word_1_554' title='bbox 207 3146 299 3148; x_wconf 95' lang='lat' dir='ltr'> </span> 
     </span>
    </p>
   </div>
   <div class='ocr_carea' id='block_1_10' title="bbox 303 3146 536 3148">
    <p class='ocr_par' dir='ltr' id='par_1_16' title="bbox 303 3146 536 3148">
     <span class='ocr_line' id='line_1_52' title="bbox 303 3146 536 3148; baseline 0 0"><span class='ocrx_word' id='word_1_555' title='bbox 303 3146 536 3148; x_wconf 95' lang='lat' dir='ltr'> </span> 
     </span>
    </p>
   </div>
   <div class='ocr_carea' id='block_1_11' title="bbox 320 3172 1708 3223">
    <p class='ocr_par' dir='ltr' id='par_1_17' title="bbox 320 3172 1708 3223">
     <span class='ocr_line' id='line_1_53' title="bbox 320 3172 1708 3223; baseline -0.003 -13"><span class='ocrx_word' id='word_1_556' title='bbox 320 3178 328 3197; x_wconf 89' lang='lat'>¹</span> <span class='ocrx_word' id='word_1_557' title='bbox 355 3178 521 3211; x_wconf 90' lang='lat' dir='ltr'>Ioannem</span> <span class='ocrx_word' id='word_1_558' title='bbox 548 3178 695 3212; x_wconf 77' lang='lat' dir='ltr'>Lucium</span> <span class='ocrx_word' id='word_1_559' title='bbox 720 3179 924 3221; x_wconf 84' lang='lat' dir='ltr'>significat;</span> <span class='ocrx_word' id='word_1_560' title='bbox 952 3180 994 3213; x_wconf 87' lang='lat' dir='ltr'>de</span> <span class='ocrx_word' id='word_1_561' title='bbox 1021 3191 1090 3223; x_wconf 90' lang='lat' dir='ltr'>quo</span> <span class='ocrx_word' id='word_1_562' title='bbox 1117 3179 1199 3212; x_wconf 90' lang='lat' dir='ltr'>vide</span> <span class='ocrx_word' id='word_1_563' title='bbox 1226 3177 1319 3211; x_wconf 90' lang='lat' dir='ltr'>infra</span> <span class='ocrx_word' id='word_1_564' title='bbox 1345 3185 1500 3209; x_wconf 90' lang='lat' dir='ltr'>monum.</span> <span class='ocrx_word' id='word_1_565' title='bbox 1518 3184 1596 3207; x_wconf 84' lang='lat' dir='ltr'>var.</span> <span class='ocrx_word' id='word_1_566' title='bbox 1617 3172 1708 3216; x_wconf 88' lang='lat'>(21).</span> 
     </span>
    </p>
   </div>
  </div>
 </body>
</html>
