2045 3471
192 193 277 236 612
446 192 541 226 Mon.
561 191 628 226 706
655 191 732 226 sive
759 191 818 226 dil.
841 191 929 236 (10).
968 191 1080 226 Paulo
1107 193 1190 226 ante
1216 192 1371 226 medium
1398 203 1444 226 m.
1463 191 1564 226 Febr.
1586 192 1688 227 1566.

190 310 287 351 ferri,
313 309 344 343 si
371 309 528 343 continui
556 309 802 343 iuncturarum
829 309 985 344 omnium
1012 310 1195 344 cruciatus
1220 308 1326 352 longe
1352 308 1608 352 molestissimi,
1635 321 1704 344 non
1727 310 1949 345 accederent.

190 363 306 397 Causa
332 362 488 396 omnium
516 362 652 403 horum,
689 373 731 396 ea
761 363 902 397 omnino
928 368 985 397 est
1009 374 1101 407 quae
1128 374 1219 397 anno
1245 361 1431 407 superiori,
1466 363 1720 407 propemodum
1746 374 1878 405 omnes,
1914 363 1950 397 in

188 415 379 450 discrimen
406 415 566 457 deduxit,
594 417 630 449 et
648 415 944 461 Christophorum
962 416 1134 450 Rosetum
1153 417 1325 457 nostrum,
1352 415 1612 459 quodammodo
1637 415 1737 460 lepra
1763 415 1949 450 infecerat.

189 468 319 502 Sumus
354 468 471 502 adhuc
505 480 648 509 omnes,
684 469 745 513 qui
780 469 887 503 simul
921 472 1008 504 tunc
1037 469 1230 512 Dilingaea
1264 468 1441 509 uiximus,
1480 470 1542 502 aut
1576 469 1611 502 in
1648 469 1852 503 discrimine
1887 472 1950 503 aut

187 521 333 563 debiles,
359 532 493 566 paucos
518 520 676 566 reperies
703 521 764 565 qui
791 521 981 556 discrimen
1008 522 1200 563 euaserint,
1227 520 1285 555 uel
1312 521 1355 555 ad
1382 520 1573 566 pristinam
1591 521 1816 556 alacritatem
1835 533 1948 563 suam,

186 575 327 617 integre
353 574 535 608 redierint.

305 627 422 662 Noctu
448 628 646 672 fugientem
673 639 694 662 a
718 639 774 662 me
800 639 962 662 somnum
988 629 1166 672 insequor,
1192 627 1288 662 hunc
1313 628 1377 661 uix
1402 627 1446 661 ad
1472 627 1623 662 multam
1641 629 1782 662 noctem
1801 628 1947 673 accipio.

187 681 223 714 Si
250 684 438 715 uentorum
466 680 595 715 iniuria
623 682 686 715 aut
710 681 865 726 strepitu
890 681 961 715 leui
988 681 1124 724 domus,
1162 683 1327 725 coeptum
1363 680 1477 714 somni
1504 692 1658 722 cursum,
1693 692 1763 714 non
1796 683 1948 722 teneam,

186 734 249 768 uix
274 737 355 779 post
380 734 488 768 horas
513 734 603 768 duas
639 736 701 768 aut
735 736 829 776 tres,
865 736 1025 779 optatam
1061 735 1216 779 quietem
1253 735 1396 778 repeto:
1436 735 1549 768 testes
1584 733 1670 768 mihi
1696 736 1780 767 sunt
1805 734 1949 775 fratres,

185 788 246 831 qui
273 787 397 821 eodem
423 798 563 821 mecum
589 787 752 821 cubiculo
778 790 948 829 utuntur,
984 788 1044 832 qui
1070 786 1351 831 nonnunquamb
1385 798 1582 820 moerorem
1612 798 1726 829 suum,
1762 798 1866 831 quem
1902 799 1947 821 ex

184 852 263 874 meo
298 841 392 874 malo
428 840 662 882 contrahunt,
698 852 786 874 uoce
822 842 950 883 etiam,
985 841 1073 875 mihi
1107 840 1325 884 significant.
1376 839 1461 874 Heri
1498 839 1660 883 grauiter
1685 851 1705 874 a
1730 839 1948 875 Prouinciali

184 896 305 928 nostro
321 894 341 935 ¹,
377 893 564 927 incusatus
590 905 680 934 sum,
717 894 810 937 quod
838 905 918 928 cum
945 894 1109 934 caeteris,
1136 905 1206 928 non
1232 904 1391 936 surgam,
1425 895 1460 927 et
1487 904 1710 927 communem
1737 905 1816 927 cum
1843 893 1947 938 alijs⁰

183 947 391 987 orationem,
418 958 510 990 quae
536 958 641 980 mane
666 946 717 987 fit,
743 958 813 980 non
839 947 1013 981 faciam2:
1052 947 1127 990 Ego
1155 949 1250 985 certe
1276 947 1434 980 facerem
1461 946 1507 987 id,
1542 948 1616 980 tam
1643 946 1806 987 libenter,
1839 958 1946 990 quam

184 1000 277 1044 quod
304 1000 553 1041 libentissime,
580 1000 712 1045 quippe
738 1001 797 1044 qui
824 1012 1010 1044 nunquam
1037 1011 1057 1034 a
1084 999 1263 1034 communi
1289 999 1442 1033 fratrum
1467 1001 1580 1040 coetu,
1607 999 1737 1041 studio,
1764 1002 1799 1034 et
1817 999 1946 1041 officio,

184 1064 341 1098 unquam
368 1053 512 1094 recessi,
548 1053 642 1097 quod
668 1064 763 1086 nunc
789 1053 933 1097 quidem
960 1053 1190 1087 commissum
1217 1055 1282 1093 est,
1317 1052 1348 1086 si
1373 1055 1495 1086 tamen
1521 1053 1756 1097 peccauerim,
1783 1052 1948 1087 Rectoris

182 1106 320 1140 nostri3
345 1105 543 1147 uoluntate,
579 1106 699 1140 facere
725 1118 791 1147 me,
827 1118 1009 1151 nunquam
1036 1106 1210 1147 dubitaui,
1246 1107 1340 1150 quod
1367 1106 1409 1139 de
1435 1106 1513 1147 hoc,
1544 1117 1589 1139 ne
1615 1106 1764 1140 uerbum
1790 1106 1945 1150 quidem,

183 1160 227 1194 ad
254 1172 310 1193 me
336 1159 462 1193 fecerit
482 1187 488 1193 .
508 1160 578 1194 imo
604 1171 648 1194 ne
675 1160 863 1201 excitarer,
899 1160 1022 1194 uoluit.
1073 1159 1198 1204 Neque
1224 1159 1436 1201 iudicabam,
1463 1160 1666 1204 superiores
1691 1171 1789 1194 meos
1816 1160 1945 1194 offendi

182 1224 305 1258 posse,
341 1213 459 1257 quodd
494 1213 572 1258 ipsa
607 1213 721 1256 exigit
756 1214 967 1248 necessitas.
1018 1213 1087 1248 Sed
1122 1213 1240 1258 patiar
1274 1212 1437 1254 libenter,
1476 1212 1644 1256 quicquid
1679 1212 1747 1246 hac
1781 1213 1816 1246 in
1842 1215 1945 1258 parte

182 1266 269 1300 mihi
296 1266 479 1306 acciderit,
504 1266 604 1300 Dabo
630 1269 752 1300 tamen
778 1278 933 1311 operam,
960 1278 1004 1300 ne
1030 1267 1065 1300 in
1093 1266 1159 1300 hac
1186 1266 1293 1300 etiam
1320 1268 1433 1310 parte,
1460 1265 1547 1299 mihi
1565 1265 1705 1310 possint
1721 1277 1944 1300 succensere.

182 1319 261 1353 Non
288 1331 505 1364 magnopere
532 1331 627 1361 curo,
663 1319 832 1364 quicquid
869 1319 930 1365 alij
957 1320 1126 1360 sentiant,
1163 1330 1207 1353 ex
1233 1319 1323 1352 meis
1349 1322 1447 1353 certe
1473 1319 1655 1359 fratribus,
1690 1318 1809 1353 inueni
1836 1319 1944 1364 pluri-

182 1384 269 1413 mos,
306 1373 366 1417 qui
401 1374 500 1407 uices
534 1383 633 1407 meas
660 1373 831 1413 dolerent,
868 1375 902 1406 et
928 1373 1034 1407 ualde
1060 1373 1226 1407 admirati
1253 1372 1337 1416 sjnt,
1372 1384 1416 1406 ne
1451 1372 1567 1406 dicam
1603 1372 1870 1414 scandalizatie,
1908 1373 1943 1406 id

182 1426 271 1460 uitio
298 1426 385 1459 mihi
421 1426 509 1466 dari,
546 1426 639 1470 quod
666 1426 884 1460 necessitate
921 1426 1108 1470 excusarjs
1141 1426 1297 1459 deberet.
1348 1425 1513 1459 Alterum
1544 1425 1636 1469 quod
1663 1425 1698 1458 in
1725 1426 1859 1459 crimen
1885 1426 1943 1460 ad-

181 1479 329 1513 ductum
355 1481 420 1521 est,
449 1482 536 1519 erat,
563 1479 656 1523 quod
684 1490 704 1512 a
730 1490 853 1513 mensa
880 1479 1032 1513 aliorum
1058 1490 1114 1512 me
1140 1477 1349 1523 separarim,
1385 1490 1450 1512 nec
1476 1489 1581 1523 posse
1607 1490 1646 1512 se
1671 1479 1756 1523 pati,
1791 1479 1939 1523 (aiebat)

181 1534 221 1566 ut
255 1543 276 1566 a
309 1531 425 1566 seruis
460 1531 608 1574 duobus,
644 1532 730 1565 mihi
767 1532 1027 1566 ministretur&
1079 1532 1155 1575 Ego
1182 1534 1279 1566 certe
1311 1531 1420 1565 miror
1455 1535 1490 1565 et
1515 1531 1832 1566 uehementissime
1858 1544 1942 1576 quo-

180 1585 308 1619 modog
334 1585 424 1619 haec
460 1585 545 1618 mihi
581 1584 695 1619 uelint
730 1585 918 1619 obtrudere
947 1613 953 1619 .
981 1587 1017 1619 et
1043 1597 1105 1619 cur
1131 1587 1318 1629 tantopere
1344 1584 1526 1629 querjtent
1552 1612 1559 1618 .
1586 1584 1699 1629 primo
1726 1585 1817 1629 quod
1844 1585 1943 1620 locus

180 1638 242 1672 ille
267 1638 366 1681 mihi,
403 1641 442 1672 ut
477 1638 630 1672 caeteris
656 1638 716 1682 qui
743 1638 982 1680 infirmantur,
1018 1638 1127 1672 fuerit
1163 1638 1384 1681 designatus,
1421 1637 1495 1671 Nec
1530 1637 1628 1672 solus
1658 1649 1734 1681 ego,
1770 1639 1943 1673 seditem

181 1690 253 1736 alij,
289 1691 319 1725 si
345 1691 439 1725 male
465 1691 622 1733 ualeant,
658 1691 789 1725 ibidem
817 1692 934 1725 cibum
962 1692 1125 1736 accipere
1151 1690 1414 1731 consueuimus,
1452 1690 1587 1724 adhaec
1617 1691 1703 1734 quid
1729 1691 1944 1726 clamoribus

181 1755 270 1789 opus
297 1746 364 1784 est,
399 1755 479 1778 cum
506 1744 565 1778 uel
592 1744 737 1778 minimo
763 1745 883 1783 uerbo,
919 1756 982 1789 per
1008 1744 1208 1787 Rectorem,
1245 1744 1426 1778 emendari
1452 1744 1641 1788 potuerim,
1671 1744 1821 1779 fuissem
1848 1749 1944 1780 certe

180 1797 275 1831 dicto
313 1808 376 1831 suo
415 1797 584 1839 audiens,
618 1799 692 1831 tam
731 1798 903 1839 libenter,
940 1809 1047 1842 quam
1081 1797 1190 1842 ipsis,
1226 1800 1371 1841 gratum
1406 1797 1549 1831 fuisset.
1608 1797 1782 1842 Cuperem
1817 1798 1944 1833 deinde

179 1850 403 1894 intelligere,
442 1850 503 1895 quj
543 1861 626 1884 nam
661 1853 746 1884 sunt
782 1851 878 1885 serui
915 1851 965 1885 illi
1003 1851 1091 1892 duo,
1130 1862 1220 1895 quos
1254 1850 1453 1884 ministerio
1487 1861 1566 1884 meo
1601 1854 1794 1895 occupatos
1820 1851 1943 1893 fuisse,

178 1903 324 1937 uolunt:
352 1903 442 1937 Mihi
468 1903 573 1937 crede
599 1903 738 1937 nullum
765 1904 823 1938 hic
849 1905 999 1949 reperio,
1026 1907 1170 1948 praeter
1197 1904 1365 1937 Iacobum
1384 1903 1634 1938 Coadiutorem
1660 1905 1856 1946 nostrum5,
1883 1906 1944 1949 qui

180 1956 304 1990 eadem
331 1968 448 2001 opera,
476 1959 511 1990 et
537 1959 707 2001 tempore,
735 1957 908 1991 fratribus
934 1958 970 1991 in
996 1957 1186 1991 refectorio
1213 1959 1250 1991 et
1274 1956 1372 1998 mihi,
1400 1956 1516 1990 cibum
1536 1956 1686 1997 deferre,
1712 1957 1841 1992 solitus
1863 1958 1942 2000 fuit,

179 2010 241 2043 in¹¹
277 2010 405 2044 itinere
442 2009 672 2044 coenaculum
711 2013 785 2051 est,
825 2014 859 2044 et
895 2011 980 2054 quid
1015 2010 1148 2044 laboris
1185 2012 1248 2051 est,
1289 2010 1405 2044 cibum
1442 2009 1503 2053 qui
1539 2009 1574 2043 in
1600 2009 1829 2045 refectorium
1856 2011 1944 2046 mihi

180 2063 378 2097 mittendus
415 2065 511 2105 erat,
551 2063 595 2097 ad
630 2063 791 2097 foramen
826 2064 1006 2109 refectorij
1042 2063 1183 2098 sedenti
1199 2064 1216 2104 i,
1253 2063 1456 2108 porrigere,
1496 2063 1577 2107 quis
1611 2074 1738 2098 seruus
1764 2064 1825 2098 ille
1851 2065 1943 2099 alter

179 2117 290 2151 fuerit
315 2119 377 2150 aut
403 2116 530 2160 qualis,
567 2128 735 2161 cuperem
762 2116 977 2159 intelligere.
1030 2117 1096 2151 Sed
1133 2117 1320 2150 iudicet
1357 2116 1575 2150 dominus
1611 2117 1717 2158 deus,
1754 2128 1942 2152 causam

299 2192 326 2224 a)
347 2192 467 2224 Dilinga
487 2196 547 2217 aut.
603 2192 633 2224 b)
655 2193 793 2223 Sequitur
812 2192 914 2224 etiam,
933 2201 950 2217 (t
967 2193 994 2217 S.
1009 2193 1214 2217 oblitteratum.
1271 2194 1295 2224 e]
1318 2194 1342 2217 A
1364 2194 1392 2218 S.
1412 2195 1571 2217 correctum
1592 2200 1628 2217 ex
1647 2191 1786 2219 coeteris.
1845 2193 1875 2225 d)
1896 2195 1941 2219 Ita

180 2237 311 2266 uutoyr.;
338 2236 366 2259 S.
385 2235 512 2259 scribere
530 2235 658 2264 fortasse
679 2234 805 2259 volebat:
832 2241 876 2263 eo,
903 2233 994 2266 quod.
1063 2235 1090 2265 e)
1112 2235 1279 2265 Sequuntur
1306 2242 1347 2258 vr.
1368 2240 1434 2259 cum
1454 2233 1536 2259 forte
1555 2232 1856 2266 animaduertissent,
1876 2244 1893 2260 α
1914 2237 1941 2261 S.

178 2276 269 2300 oblim.
343 2275 370 2305 f)
392 2277 417 2300 A
439 2276 466 2300 S.
487 2283 560 2300 corr.
582 2283 617 2299 ea·
637 2273 782 2305 excusati.
851 2277 880 2306 g)
919 2277 943 2300 A
965 2276 992 2300 S.
1014 2283 1087 2300 corr.
1109 2283 1145 2299 ea:
1165 2274 1256 2307 quod.
1324 2274 1354 2303 h)
1376 2276 1515 2307 Sequitur
1535 2283 1559 2299 r.
1581 2283 1599 2299 α
1619 2276 1647 2300 S.
1668 2276 1768 2306 obliti„
1788 2277 1862 2307 quod
1881 2277 1942 2301 iam

180 2317 235 2348 ²091·
256 2325 310 2342 non
327 2320 431 2349 potest.
505 2316 526 2348 i)
547 2315 689 2342 scndenti
710 2317 737 2341 S.

302 2435 311 2454 ¹
339 2434 515 2476 Canisius‚
542 2434 596 2468 Pii
622 2434 683 2468 IV.
710 2434 889 2477 legatione
915 2434 1071 2475 functus,
1107 2433 1208 2467 initio
1234 2445 1280 2467 m.
1307 2433 1491 2467 Februarii
1524 2445 1554 2467 a.
1585 2434 1673 2468 1566
1700 2436 1780 2468 octo
1807 2435 1882 2469 dies
1908 2436 1943 2470 in

180 2486 329 2530 collegio
355 2487 537 2531 dilingano
564 2487 796 2528 versabatur3
824 2487 908 2520 vide
935 2498 1043 2531 supra
1070 2499 1102 2532 p.
1134 2487 1211 2521 189.

299 2541 312 2560 ‘²
338 2541 489 2584 Borgias
515 2541 762 2581 constituerat,
798 2543 838 2574 ut
868 2552 981 2581 mane,
1018 2543 1160 2584 praeter
1186 2541 1345 2581 missam,
1381 2539 1513 2583 singuli
1540 2540 1632 2573 Socii
1658 2540 1853 2574 orationem
1880 2553 1944 2586 per

180 2593 200 2626 3
227 2593 334 2627 horae
361 2594 580 2637 quadrantes
606 2594 787 2633 facerent:
825 2593 931 2627 simul
962 2596 1083 2627 tamen
1109 2593 1326 2638 praepositis
1355 2592 1569 2634 (rectoribus
1595 2593 1680 2636 etc.)
1716 2605 1758 2627 ea
1791 2594 1826 2627 in
1861 2594 1942 2638 lege

181 2657 259 2679 cum
287 2646 362 2680 suis
389 2646 620 2691 dispensandi
645 2646 856 2680 facultatem
890 2646 1037 2679 dederat
1064 2647 1114 2689 (v.
1135 2658 1243 2691 supra
1269 2658 1302 2690 p.
1323 2645 1420 2689 297).
1459 2645 1580 2679 Prima
1606 2648 1726 2679 autem
1753 2645 1944 2682 Societatis

181 2701 411 2742 congregatio
438 2700 617 2743 generalis
650 2700 897 2740 interdixerat,
933 2711 977 2732 ne
1012 2700 1124 2733 oratio
1155 2699 1372 2741 „ordinaria⁴‘
1404 2699 1447 2732 ab
1475 2699 1638 2733 omnibus
1667 2699 1812 2741 „simul“
1842 2700 1943 2734 fieret

185 2751 293 2793 (decr.
312 2753 375 2791 98ς
403 2754 608 2787 Institutum
637 2752 670 2787 S.
691 2753 724 2787 J.
743 2753 778 2786 Ii
799 2752 1018 2795 177—178);
1047 2752 1125 2786 ideo
1151 2752 1191 2786 P.
1210 2753 1355 2786 Natalis
1372 2752 1539 2785 visitator
1564 2752 1764 2796 praecepit:
1794 2751 1941 2795 „Quem-

182 2804 369 2838 admodum
396 2805 430 2838 in
458 2806 735 2849 congregatione
762 2805 921 2849 generali
948 2805 1129 2839 decretum
1157 2808 1221 2846 est,
1256 2817 1322 2839 nec
1348 2804 1500 2838 orabunt
1534 2803 1666 2838 fratres
1699 2816 1765 2838 nec
1791 2817 1942 2840 examen

182 2856 315 2889 facient
341 2859 585 2900 communiter,
619 2858 695 2892 siue
721 2859 756 2892 in
784 2858 906 2892 eodem
932 2857 1020 2900 loco,
1056 2860 1311 2902 praeterquam
1345 2869 1426 2891 cum
1453 2856 1600 2890 audiunt
1626 2856 1772 2890 missam
1798 2857 1857 2891 vel
1882 2870 1941 2892 ve-

183 2910 326 2951 speras⁴‘
357 2912 424 2943 etc.
467 2910 611 2945 Solebat
636 2913 757 2945 tamen
783 2912 896 2944 oratio
922 2913 997 2944 tum
1025 2911 1201 2944 matutina
1225 2912 1302 2944 tum
1328 2909 1535 2954 vespertina
1559 2910 1604 2943 ab
1630 2910 1792 2944 omnibus
1818 2911 1942 2945 eodem

183 2962 342 3004 tempore
377 2962 535 3003 institui:
572 2966 681 3007 atque
716 2964 767 2998 ita
801 2964 895 2998 idem
921 2965 1064 2998 Natalis
1099 2964 1131 2998 7.
1158 2962 1316 2997 Ianuarii
1354 2963 1443 2997 1567
1478 2962 1514 2996 in
1549 2962 1699 3005 collegio
1733 2964 1942 3006 moguntino

183 3013 330 3046 statuit:
367 3014 535 3057 „Signum
562 3017 758 3050 communis
784 3016 955 3051 orationis
981 3016 1134 3060 collegii,
1159 3018 1234 3050 tam
1260 3027 1375 3057 mane,
1402 3026 1507 3059 quam
1534 3015 1685 3059 vesperi,
1713 3015 1855 3049 dabitur
1878 3028 1942 3060 per

184 3075 393 3108 campanam
420 3067 670 3102 domesticam“
703 3069 808 3113 (Epp.
836 3070 957 3103 Nadal
982 3069 1032 3103 IV
1059 3070 1126 3104 327
1155 3068 1252 3112 570).

303 3117 316 3136 ³
341 3117 379 3151 P.
407 3118 616 3153 Theodorici
643 3121 787 3155 Canisii.
931 3123 944 3141 ‘²
970 3122 1022 3155 De
1050 3121 1191 3156 Canisio
1217 3120 1419 3165 praeposito
1446 3119 1654 3164 provinciali
1681 3120 1815 3155 scribit.

302 3170 314 3188 ⁵
340 3169 505 3204 Iacobum
532 3172 700 3206 Biruvam
728 3174 804 3207 sive
830 3174 995 3207 Biruram
1022 3174 1169 3207 fratrem
1196 3173 1326 3207 laicum
1355 3173 1460 3216 (Can.
1484 3172 1532 3206 IV
1559 3171 1657 3215 460).
