2045 3471
205 172 291 213 414
702 168 804 203 1412.
833 167 1002 203 Canisius
1027 167 1208 203 Friderico
1235 179 1255 202 a
1274 167 1474 210 Wirsberg.

322 287 547 330 Conferret
580 286 713 329 etiam
737 287 985 337 obseruare,
1021 287 1175 340 quibus
1206 286 1250 327 in
1282 286 1410 328 rebus
1433 285 1707 328 consentiant
1739 288 1783 328 et
1805 284 1970 326 dissen-

205 353 318 396 tiant
349 351 450 394 noui
482 351 819 405 praedicatores,
861 355 906 394 et
938 351 1195 406 praesertim
1228 350 1265 392 si
1295 364 1409 392 noua
1441 350 1652 404 quaedam
1686 353 1731 393 et
1762 348 1972 404 pestifera

206 418 412 472 dogmata
443 417 664 465 inuehant‚
697 416 954 470 longiusque
977 416 1202 458 discedant
1223 430 1248 458 a
1271 415 1542 457 confessione
1574 417 1820 469 augustana
1851 413 1971 455 cuius

208 482 421 537 professio
454 484 627 524 tantum
659 496 685 524 a
717 481 904 524 statibus
936 481 1104 536 imperij
1138 480 1222 523 fuit
1254 481 1442 523 admissa
1459 481 1486 524 1.

326 547 562 590 Praeterea
602 546 775 589 uidetur
815 546 1014 588 habenda
1057 545 1171 588 ratio
1215 545 1477 600 scriptorum
1525 559 1695 595 eorum,
1741 544 1813 598 qui
1857 557 1971 586 noua

208 612 420 666 quaedam
462 611 626 654 aedunt
667 614 743 654 aut
783 615 997 666 spargunt
1039 611 1118 653 hoc
1159 613 1369 665 tempore,
1412 613 1461 654 ut
1503 624 1586 664 quo
1628 609 1684 652 ad
1725 609 1839 651 eius²³
1878 609 1971 651 fieri

207 679 366 732 potest,
399 677 641 731 perniciosa
663 676 783 731 uulgi
807 676 1050 726 curiositas,
1085 678 1129 718 et
1149 677 1390 726 temeritas,
1423 675 1466 717 in
1488 675 1613 717 nouis
1637 674 1758 716 libris
1781 673 1972 716 emendis

208 745 253 786 et
285 742 479 796 legendis
513 745 777 785 coerceatur.

326 806 420 849 Nec
453 809 570 849 esset
602 807 679 848 abs
711 820 758 848 re
790 806 826 848 si
859 806 1265 850 Reuerendissimus
1305 820 1382 860 per
1414 805 1622 858 quosdam
1663 804 1796 846 fidosb
1828 806 1873 846 et
1904 816 1972 845 se-

211 874 353 915 cretos
395 873 556 914 amicos
598 872 667 913 uel
708 871 887 914 nuncios
927 872 970 914 id
1004 873 1189 922 curaret,
1231 874 1281 913 ut
1313 872 1365 913 de
1398 873 1517 913 statu
1551 869 1788 912 uicinorum
1828 868 1871 910 in
1903 881 1971 910 re-

210 937 383 990 ligione,
425 936 607 978 subinde
640 936 800 979 certior
831 937 1100 987 redderetur,
1143 950 1197 978 ne
1228 936 1310 978 hac
1343 935 1475 978 etiarn
1506 935 1549 977 in
1582 938 1708 989 parte
1749 933 1972 987 segniores

213 1002 413 1045 catholici
445 1015 573 1055 quam
606 1001 845 1055 aduersarij
878 1002 1120 1045 uideantur.

333 1067 518 1109 Dubium
553 1069 620 1108 est
651 1067 824 1109 interim
859 1081 914 1109 an
947 1067 1350 1109 Reuerendissimus
1391 1065 1529 1120 possit
1559 1066 1630 1107 uel
1663 1065 1839 1106 debeatc
1872 1077 1973 1105 con-

213 1132 378 1182 cedere,
406 1136 454 1175 ut
476 1132 740 1182 sacerdotes,
775 1146 869 1174 cum
895 1147 1020 1174 cruce
1043 1133 1110 1174 uel
1135 1132 1231 1186 alijs
1254 1130 1507 1185 ceremonijs
1530 1130 1675 1172 adsint
1696 1128 1973 1184 sepulturaed

211 1197 540 1247 haereticorum,
575 1199 619 1239 et
652 1211 707 1239 an
740 1197 900 1250 aliquid
933 1198 1033 1240 noui
1064 1198 1107 1239 in
1132 1197 1280 1248 sacris,
1314 1197 1371 1240 sit
1393 1195 1591 1250 sectarijs
1622 1194 1971 1249 permittendum.

334 1265 358 1304 2
381 1262 565 1316 Aegroti
580 1265 682 1304 sunt
697 1262 740 1304 in
759 1263 872 1304 clero
891 1262 1079 1305 maxime
1096 1263 1167 1316 qui
1184 1262 1287 1304 licet
1305 1261 1539 1304 catholicos
1553 1274 1600 1302 se
1617 1261 1897 1314 profitenture
1911 1257 1973 1313 [P]

210 1330 357 1370 tamen
402 1328 455 1369 ad
501 1327 897 1370 excommunicatos
942 1331 985 1370 et
1029 1327 1292 1381 irregulares
1336 1326 1577 1380 pertinent,
1626 1325 1692 1367 his
1736 1337 1972 1366 annumero

211 1392 461 1435 sacerdotes
494 1392 779 1445 coniugatos2
810 1392 903 1434 uels
931 1395 1172 1447 apostataS,
1207 1392 1278 1445 qui
1311 1391 1421 1433 citra
1452 1390 1583 1432 ullam
1607 1389 1971 1444 dispensationem

210 1462 254 1502 et
287 1458 542 1500 facultatem
564 1457 744 1499 summig
774 1457 1003 1511 pontificis,
1039 1458 1107 1499 uel
1140 1456 1299 1499 ordinis
1331 1456 1411 1507 sui,
1446 1456 1538 1498 sine
1570 1455 1721 1497 habitu
1743 1454 1972 1508 religiosoh

211 1523 405 1572 uiuunt3,
439 1522 511 1576 qui
537 1526 769 1576 praeterea
802 1525 904 1564 ante
936 1522 1175 1576 legitimam
1210 1524 1400 1564 aetatem
1434 1520 1747 1563 sacerdotalem
1781 1519 1973 1561 ordinem

212 1588 303 1630 sine
335 1588 424 1630 ulla
456 1587 670 1630 facultate
702 1589 803 1630 sunt
835 1588 1133 1640 consequuti4.
1197 1587 1316 1630 Jtem
1349 1586 1421 1639 qui
1463 1586 1595 1628 libere
1628 1588 1671 1628 et
1703 1585 1794 1627 sine
1828 1584 1974 1627 debita

211 1653 423 1696 facultate
467 1652 699 1694 absoluunt
742 1652 786 1693 in
830 1653 1002 1694 casibus
1046 1652 1221 1694 maioris
1266 1650 1744 1700 excommunicationis,
1791 1651 1859 1691 uel
1903 1662 1972 1691 re-

213 1717 400 1760 seruatis
422 1717 513 1759 sedi
536 1717 815 1771 apostolicae,
849 1731 956 1770 quos
980 1717 1053 1759 uix
1080 1717 1207 1772 pauci
1229 1730 1489 1770 cognoscere
1521 1715 1723 1757 uidentur
1736 1716 1764 1766 5,
1799 1714 1974 1767 adiungi

212 1784 394 1837 possunt
426 1784 577 1835 aperte
611 1782 898 1835 Sy1110niaci⁶‚
943 1786 986 1825 et
1027 1782 1194 1836 publice
1228 1781 1516 1834 concubinarij
1560 1783 1604 1822 et
1643 1779 1827 1822 infames
1860 1779 1971 1833 alij7.

332 1865 359 1892 a)
380 1864 406 1888 R
425 1864 475 1888 hoc
497 1871 517 1887 r.
535 1864 696 1889 nonhabet.
762 1862 792 1893 b)
812 1870 867 1895 per
886 1862 964 1888 fidos
980 1862 1128 1895 quosdam
1143 1864 1177 1888 R.
1246 1863 1272 1893 c)
1293 1861 1403 1887 habeat
1424 1863 1458 1887 R.
1526 1861 1556 1893 d)
1576 1860 1745 1894 sepulterae
1760 1862 1794 1885 A.
1859 1860 1887 1892 e)
1908 1860 1973 1892 Sic,-

214 1905 454 1936 corriyendumne
474 1904 700 1937 profiteantur?
771 1904 798 1935 f)
827 1904 857 1929 et
877 1905 939 1929 BR.
1015 1904 1044 1936 g)
1065 1905 1125 1930 BR
1145 1912 1199 1929 non
1220 1905 1324 1929 habent
1344 1905 1394 1928 hoc
1416 1912 1436 1928 n.
1510 1902 1542 1934 h)
1562 1902 1704 1935 religiose
1724 1904 1759 1927 A.

338 1989 347 2009 ¹
372 1988 425 2022 De
450 1987 517 2021 hac
542 1999 580 2021 re
606 1987 687 2021 vide
713 1999 822 2032 supra
847 1999 879 2032 p.
900 1988 979 2022 244.
1028 1988 1067 2021 Ι11
1095 1988 1302 2032 episcopatu
1328 1986 1571 2031 herbipolensi
1596 1985 1771 2030 plurimae
1797 1985 1972 2029 regiones,

216 2053 330 2086 neque
356 2044 477 2076 tamen
504 2052 637 2081 omnes,
673 2040 771 2074 civili
807 2052 947 2084 quoque
985 2040 1232 2085 episcoporum
1264 2040 1412 2085 imperio
1438 2039 1621 2074 subiectae
1647 2040 1759 2073 erant.
1809 2037 1974 2072 Notanda

216 2098 301 2130 sunt
327 2095 446 2136 etiam,
482 2105 574 2138 quae
610 2094 652 2127 de
689 2093 917 2128 concessione
954 2105 974 2127 a
1000 2093 1224 2127 Ferdinando
1260 2093 1286 2127 Ι.
1337 2092 1554 2127 Lutheranis
1588 2092 1686 2126 facta
1714 2091 1839 2125 rettuli
1865 2102 1973 2136 supra

214 2161 248 2194 p.
274 2148 370 2183 244⁵.

335 2201 348 2221 ²
374 2201 449 2235 Hos
479 2199 876 2243 „excommunicationis
908 2200 1108 2234 sententiae
1142 2199 1220 2244 ipso
1247 2198 1342 2233 facto
1368 2199 1573 2233 subiacere“
1602 2198 1871 2244 pronuntiatum
1897 2199 1974 2231 erat

217 2266 236 2288 a
266 2256 433 2289 Clemente
458 2255 496 2289 V.
524 2254 560 2287 in
587 2253 813 2287 oecumenico
841 2252 989 2287 concilio
1016 2253 1203 2287 viennensi
1232 2252 1359 2295 (Clem.
1386 2252 1408 2286 l.
1435 2253 1467 2293 4,
1495 2263 1571 2296 cap.
1598 2251 1720 2294 unic)

336 2308 347 2327 ³
372 2307 451 2341 Non
474 2309 679 2351 „apostatas
703 2318 723 2340 a
746 2306 850 2346 fide“,
876 2306 938 2340 sed
966 2317 1026 2340 eos
1052 2306 1243 2350 significat,
1270 2305 1329 2349 qui
1356 2305 1415 2339 vel
1445 2306 1651 2350 „apostatae
1676 2305 1720 2339 ab
1747 2304 1869 2338 ordine
1894 2303 1973 2338 reli-

216 2360 334 2403 gioso“
365 2361 438 2394 sint
466 2359 524 2403 (de
551 2359 617 2393 hoc
643 2359 790 2393 crimine
824 2359 907 2392 vide
941 2370 1049 2403 supra
1085 2371 1119 2403 p.
1146 2358 1229 2401 313)
1267 2357 1325 2392 vel
1360 2357 1489 2392 saltem
1523 2360 1729 2402 „apostatae
1755 2357 1799 2391 ab
1824 2356 1969 2390 habitu“

215 2413 292 2447 sive
318 2413 480 2447 vestibus
506 2412 695 2455 religiosis,
722 2423 810 2455 quos
836 2414 985 2452 vocant3
1023 2423 1105 2445 nam
1133 2412 1344 2453 Bonifacius
1369 2412 1469 2445 VIII.
1496 2411 1740 2451 constituerat,
1772 2412 1813 2443 ut
1837 2409 1868 2443 si
1894 2409 1972 2453 quis

215 2466 405 2509 religiosus
441 2468 522 2510 post
560 2465 817 2510 professionem
860 2467 1015 2507 „temere
1052 2464 1214 2498 habitum
1259 2464 1442 2507 religionis
1489 2475 1576 2497 suae
1617 2463 1847 2503 dimisisset“,
1894 2474 1972 2504 „ex-

216 2518 547 2553 communicationis
573 2519 772 2552 incurreret
797 2518 1014 2552 sententiam
1042 2518 1118 2562 ipso
1144 2518 1260 2551 fact0“
1293 2517 1338 2561 (c.
1366 2518 1387 2551 2
1413 2517 1450 2550 in
1476 2517 1527 2551 VI
1552 2517 1584 2557 3,
1610 2517 1684 2559 24).

335 2574 347 2592 4
373 2572 505 2606 Notum
531 2574 596 2612 est,
633 2583 704 2611 eos,
740 2571 801 2615 qui
841 2571 933 2614 (sine
960 2570 1242 2615 dispensatione)
1279 2573 1363 2604 ante
1398 2570 1609 2604 vicesimum
1644 2569 1807 2612 quintum
1842 2570 1973 2603 aetatis

216 2636 347 2659 annum
373 2625 613 2659 sacerdotium
639 2627 885 2668 susceperunt,
913 2635 957 2657 ex
982 2624 1143 2666 „defectu
1163 2624 1312 2657 aetatis“
1335 2623 1552 2666 irregulares
1578 2624 1684 2666 atque
1710 2622 1761 2655 ita
1787 2622 1830 2655 ad
1857 2633 1972 2656 sacer-

216 2678 337 2712 dotum
364 2689 511 2711 munera
538 2678 677 2722 ineptos
704 2688 793 2711 esse.

335 2731 349 2752 5
374 2731 429 2765 Ita
464 2743 497 2764 v.
531 2742 564 2774 g.
593 2731 729 2764 Paulus
754 2732 825 2764 III.
861 2741 891 2764 a.
922 2730 1012 2764 1536
1051 2741 1121 2771 eos,
1158 2730 1217 2774 qui
1252 2729 1413 2764 homines
1448 2740 1468 2763 a
1504 2728 1645 2762 casibus
1681 2726 1806 2761 Bullae
1834 2726 1973 2761 Coenae

220 2784 314 2823 (cum
341 2783 708 2818 excommunicatione
733 2783 867 2817 maiore
894 2782 1093 2817 coniunctis
1129 2785 1165 2817 et
1190 2783 1266 2817 sedi
1293 2782 1510 2827 apostolicae
1536 2780 1746 2823 reservatis)
1786 2779 1972 2814 absolvere

222 2836 600 2881 ,praesunipsissent“,
632 2836 1033 2879 „excommunicationis
1057 2836 1236 2870 sententia
1253 2835 1509 2869 innodaverat‘
1533 2834 1754 2877 (Baliarium
1773 2831 1971 2867 Romanum

217 2888 267 2921 Vi
293 2889 389 2933 223).
424 2889 594 2923 Attamen
620 2889 655 2922 id
683 2889 775 2932 quod
802 2889 1030 2923 doctissimus
1059 2889 1112 2922 vir
1138 2888 1286 2922 Iacobus
1304 2887 1450 2922 Lainius
1479 2885 1651 2931 (Laynez)
1680 2896 1771 2919 anno
1792 2886 1882 2920 1564
1909 2885 1971 2920 Ca-

217 2940 347 2974 nisium
373 2942 510 2975 monuit
540 2942 644 2985 (Can.
669 2942 719 2975 IV
738 2942 835 2985 588),
861 2941 919 2975 hic
947 2953 1098 2985 quoque,
1125 2941 1194 2975 nisi
1219 2941 1335 2983 fallor,
1361 2939 1478 2974 notari
1503 2940 1640 2984 potest:
1667 2938 1771 2972 Haud
1797 2939 1902 2983 pauci
1927 2950 1970 2972 ex

219 2993 463 3028 sacerdotibus
498 2994 571 3028 illis
599 2995 978 3029 excommunicationis
1004 3006 1117 3039 poena
1144 2994 1321 3028 vacabant
1356 2993 1398 3027 ob
1425 3003 1501 3027 eam
1533 2991 1624 3035 legis
1649 2991 1901 3034 ignorantiam,
1935 2991 1970 3024 in

221 3055 289 3087 qua
316 3045 420 3089 culpa
446 3047 569 3088 gravis
595 3059 664 3081 non
690 3050 777 3081 erat.

342 3098 354 3116 6
379 3097 430 3130 De
456 3099 606 3132 simonia
634 3102 668 3133 et
695 3100 737 3133 de
764 3100 1131 3134 excommunicatione
1158 3100 1189 3133 ei
1215 3099 1403 3133 coniuncta
1431 3097 1513 3131 vide
1538 3108 1646 3141 supra
1672 3108 1705 3141 p.
1734 3097 1829 3131 191¹.

342 3150 354 3168 7
380 3149 600 3192 lrregulares
627 3163 671 3184 ex
701 3152 863 3194 „defectu
890 3153 1042 3186 famae“.
