2045 3471
190 189 274 231 598
340 187 434 220 Mon.
454 185 642 221 695—696
668 187 745 220 sive
771 197 854 229 aug.
875 185 910 229 (c
924 184 1074 229 31)—(e
1089 185 1162 229 32).
1205 185 1234 219 A
1262 196 1307 219 m.
1326 184 1457 219 Martio
1483 184 1528 219 ad
1554 184 1694 219 Iunium
1725 184 1823 220 1566.

186 305 395 339 refutabant
420 304 598 347 simulque
624 315 662 337 se
688 303 833 338 decreta
859 303 1053 338 tridentina
1071 303 1253 347 suscipere
1280 301 1539 346 profitebantur
1559 302 1656 345 (vide
1674 313 1783 347 supra
1800 314 1834 347 p.
1854 302 1950 346 592).

188 358 360 402 Equidem
380 357 515 391 conicio
534 356 835 391 Commendonum
861 357 1062 400 longissimi
1087 356 1194 390 huius
1220 355 1343 400 scripti
1372 355 1571 389 versionem
1598 355 1746 389 latinam
1771 367 1791 389 a
1810 355 1952 390 Canisio

187 412 320 445 factam
346 410 495 444 Romam
530 410 673 444 misisse
699 410 755 444 25.
782 410 887 451 Maii;
922 422 1004 444 nam
1040 409 1105 443 hoc
1137 409 1192 443 die
1219 420 1298 442 eum
1326 407 1569 442 Alexandrino
1595 408 1784 453 scripsisse
1811 411 1953 443 constat

191 464 359 508 (Ῥορίαηὶ
384 463 568 508 Epistolae
594 462 645 497 IV
671 463 768 506 300).

189 574 294 610 695
322 574 399 608 sive
427 583 550 618 aug.
571 574 622 618 (c
642 572 746 618 31).
820 572 931 608 Initio
958 582 1003 608 m.
1022 570 1117 608 Iunii
1143 571 1236 607 1566.

304 646 360 680 Ex
378 645 595 690 apographo,
623 644 767 678 saeculo
785 644 898 678 XVII.
919 643 975 677 vel
995 643 1125 677 XVIII.
1145 644 1289 688 scripto.
1326 642 1410 677 Cod.
1429 642 1560 677 londin.
1585 642 1668 686 „Egu
1690 643 1800 677 1078“
1823 655 1856 687 p.
1872 643 1952 677 215.

308 717 517 750 Cardinalis
537 716 815 750 Commendonus
835 726 986 748 recessus
1003 714 1200 757 imperialis
1221 718 1370 758 partem,
1398 725 1486 757 quae
1511 715 1552 747 de
1569 714 1737 756 reliyione
1754 719 1812 755 est,
1839 715 1952 747 denuo

178 781 248 813 ster
276 770 461 810 Canz'sium
487 770 596 802 latine
621 769 822 802 vertendam
848 772 1015 809 curasset,
1042 768 1113 800 nisi
1141 768 1286 801 Canisio
1311 768 1474 810 Aiiyusta
1504 767 1728 809 Oenipontem
1754 767 1952 800 abemzdum

183 824 318 866 fuisset.

307 888 521 921 Cardinalis
542 888 821 920 Commendamus
847 887 995 929 Dilinqa
1023 890 1054 920 δ’.
1074 887 1176 919 Iunii
1195 888 1286 918 1566
1312 887 1461 919 Romam
1487 885 1534 917 ad
1560 885 1778 918 cardinalem
1796 885 1952 918 Aleoean-

184 942 331 975 (trinum
356 941 441 974 haec
465 942 609 983 scripsit
634 941 675 973 de
702 940 867 983 Scipione
892 939 1110 972 Lancellotto
1139 940 1186 979 (v.
1211 950 1324 981 supra
1345 951 1383 982 p.
1403 940 1472 971 238
1497 938 1586 978 267)
1614 938 1763 971 Romam
1790 938 1953 972 redeunte.

184 1006 225 1028 ac
251 995 291 1028 de
319 991 498 1038 „recessu“
525 994 594 1026 sive
619 994 756 1027 decreto
774 994 956 1035 Auyztstae
982 994 1037 1025 30.
1057 993 1152 1025 Maii
1178 993 1300 1033 (Aller
1317 992 1503 1035 Reichstiiy
1522 991 1693 1024 Absehied
1717 990 1741 1032 [
1741 992 1816 1024 vide
1839 1002 1951 1034 supra

181 1058 218 1090 p.
247 1049 316 1080 153
331 1047 364 1089 ¹]
391 1048 479 1087 581)
507 1047 601 1090 dato,
629 1057 697 1089 quo
724 1047 864 1079 comitia
890 1047 1035 1088 ‘imperii
1058 1045 1366 1078 terminabantur:
1391 1044 1428 1077 lo
1455 1044 1673 1087 dissegnava
1699 1043 1733 1077 di
1759 1043 1908 1077 mandar
1934 1055 1952 1075 o

183 1111 247 1144 per
273 1100 322 1133 lui
350 1111 369 1134 o
395 1110 458 1144 per
484 1099 520 1132 la
547 1101 649 1143 posta
676 1098 711 1132 di
736 1098 845 1141 hoggi
872 1098 974 1142 copia
999 1097 1057 1131 del
1084 1097 1258 1138 Recesso;
1286 1108 1344 1131 ma
1371 1099 1389 1130 e
1407 1097 1480 1131 cosi
1506 1096 1615 1140 lungo
1642 1096 1707 1130 che
1734 1108 1802 1130 non
1829 1099 1847 1130 e
1874 1108 1951 1141 pos-

183 1152 286 1187 sibile
313 1152 345 1186 di
374 1152 542 1192 tradurlo,
580 1154 616 1185 et
642 1151 677 1185 la
702 1154 805 1196 parte
832 1150 926 1185 della
952 1150 1125 1194 religione
1152 1162 1217 1184 con
1243 1153 1338 1184 tutto
1365 1150 1389 1184 il
1417 1152 1514 1184 resto
1541 1149 1606 1184 che
1633 1150 1785 1194 importa
1812 1152 1830 1183 e
1857 1152 1952 1184 stato

183 1206 241 1248 gia
268 1206 436 1240 mandato
462 1205 563 1240 costi.
614 1205 652 1239 10
679 1205 783 1239 volea
819 1216 881 1249 per
917 1204 1081 1246 maggior
1115 1203 1187 1237 mia
1213 1203 1456 1238 satisfattione
1482 1203 1538 1237 far
1564 1203 1597 1236 di
1624 1214 1742 1236 nuovo
1767 1205 1952 1237 scontrare

183 1259 303 1303 quella
329 1261 430 1304 parte
457 1259 551 1293 della
577 1258 749 1302 religione
770 1256 912 1301 delam
933 1257 1048 1291 Padi-e
1068 1256 1229 1296 Canisio;
1256 1268 1315 1290 ma
1334 1256 1405 1300 egli
1432 1259 1450 1290 e
1476 1258 1571 1290 stato
1598 1255 1754 1290 sforzato
1781 1255 1815 1290 di
1841 1256 1952 1290 andar

182 1314 218 1346 111
245 1312 406 1357 Ispruclr,
433 1314 469 1346 et
494 1312 524 1346 si
552 1314 695 1356 aspetta
721 1311 865 1345 dimani.

301 1366 352 1399 De
379 1366 512 1400 Canisii
539 1365 825 1409 peregrinatione
852 1364 1091 1408 oenipontana
1118 1363 1200 1397 vide
1227 1363 1320 1397 infra
1346 1374 1439 1397 mon.
1467 1361 1668 1397 837—840.

302 1419 587 1453 Commendonus
605 1419 662 1453 28.
677 1418 774 1459 Maii,
801 1419 993 1461 antequam
1020 1427 1185 1450 recessus
1211 1416 1461 1461 promulgatus
1487 1418 1594 1456 esset,
1622 1416 1788 1459 Augusta
1814 1415 1952 1450 abierat

185 1473 289 1518 (Epp.
310 1474 431 1507 Nadal
456 1472 507 1506 III
536 1473 602 1506 140
631 1471 713 1514 153)
741 1474 778 1505 et
804 1482 927 1505 sacros
954 1471 1029 1504 dies
1057 1470 1289 1504 Pentecostes
1320 1469 1379 1512 (2.,
1406 1470 1450 1509 3„
1477 1469 1509 1503 4.
1529 1469 1635 1512 Iunii)
1664 1469 1758 1513 apud
1782 1467 1949 1503 Othonem

182 1526 399 1560 cardinalem
427 1527 679 1569 August-anum
708 1525 783 1567 egit
807 1524 985 1567 Dilingae,
1021 1523 1079 1557 ubi
1117 1535 1187 1557 una
1214 1534 1294 1557 cum
1321 1521 1601 1567 archiepiscopis
1627 1521 1847 1565 moguntino,
1882 1524 1950 1555 tre-

182 1580 335 1618 verensi,
371 1578 613 1613 cameracensi
648 1580 683 1612 in
711 1578 793 1612 aula
828 1577 1078 1611 universitatis
1105 1577 1263 1610 oratione
1300 1587 1341 1610 ac
1374 1575 1591 1610 carminibus
1627 1575 1761 1616 latinis,
1798 1575 1949 1618 graecis.

182 1633 361 1667 hebraicis
387 1631 568 1666 salutatus
595 1634 668 1666 est:
697 1630 883 1675 tragoedia
908 1641 1050 1674 quoque
1080 1629 1275 1674 ⁷,Euripus“
1309 1628 1370 1672 (cf.
1402 1630 1487 1663 Can.
1515 1628 1547 1662 II
1574 1628 1658 1672 878)
1688 1628 1722 1662 in
1749 1628 1830 1662 aula
1857 1628 1950 1662 arcis

184 1685 397 1731 episcopalis
423 1686 467 1719 ab
494 1684 708 1719 academicis
735 1687 791 1718 est
816 1685 896 1718 acta
925 1683 1068 1727 (Specht
1094 1683 1116 1716 1.
1144 1695 1172 1716 c.
1201 1683 1291 1725 66³).

302 1740 415 1772 Boero
448 1741 567 1772 autem
603 1738 699 1772 facta
736 1736 932 1777 confundit,
969 1748 1049 1770 cum
1085 1736 1127 1769 de
1154 1735 1296 1769 Canisio
1332 1738 1368 1769 et
1392 1734 1521 1769 Natale
1557 1735 1701 1769 scribit:
1741 1734 1951 1776 „Andarono

183 1792 357 1826 amendue
374 1820 379 1825 .
398 1820 403 1825 .
422 1820 427 1825 .
445 1803 464 1825 a
482 1791 636 1834 Dilinga⁷
664 1802 730 1825 ove
758 1791 780 1824 il
805 1790 971 1824 Cardinal
992 1789 1173 1823 Truchses
1198 1800 1290 1822 avea
1315 1799 1397 1822 seco
1424 1788 1590 1822 condotto
1617 1787 1627 1821 i
1646 1790 1700 1821 tre
1719 1788 1950 1821 Arcivescovi

184 1846 325 1880 elettori
353 1858 417 1879 con
444 1856 523 1879 esso
549 1844 631 1878 altri
658 1844 788 1888 prelati
815 1856 833 1877 e
851 1843 1003 1888 principi
1022 1854 1042 1876 a
1061 1842 1191 1876 vedere
1209 1841 1329 1885 quella
1347 1844 1469 1875 nostra
1487 1840 1708 1875 universita‘
1733 1840 1838 1883 (Can.
1854 1840 1951 1883 306).

185 1899 272 1933 Cum
309 1899 402 1932 enim
436 1898 537 1932 initio
571 1909 616 1932 m.
645 1897 736 1931 Iunii
771 1896 964 1931 cardinalis
999 1896 1114 1930 tribus
1149 1894 1438 1939 archiepiscopis
1475 1905 1564 1937 quos
1589 1893 1692 1928 modo
1719 1893 1794 1927 dixi
1824 1892 1952 1936 (archi-

187 1952 376 1997 episcopus
412 1954 447 1986 et
483 1951 617 1985 elector
652 1949 865 1984 coloniensis
901 1961 921 1983 a
956 1949 1070 1983 Boero
1107 1949 1246 1993 positus
1285 1959 1363 1982 esse
1401 1947 1545 1981 videtur
1582 1959 1645 1991 pro
1683 1946 1950 1991 archiepiscopo

185 2005 463 2047 cameracensi),
502 2005 775 2038 universitatem
814 2002 1033 2046 diliuganam
1073 2003 1309 2042 monstraret,
1349 2001 1514 2035 Canisius
1553 1999 1773 2045 Oeniponte,
1811 1999 1952 2033 Natalis

184 2058 364 2092 Monachii
399 2058 638 2092 versabantur
677 2057 783 2101 (Epp.
809 2057 933 2090 Nadaz
959 2056 1009 2089 III
1039 2055 1259 2097 153—155);
1296 2054 1352 2088 die
1388 2056 1508 2088 autem
1540 2054 1596 2088 28.
1623 2052 1715 2087 Iunii
1741 2052 1881 2086 Natalis
1917 2057 1950 2086 et

188 2112 353 2146 Canisius
380 2112 547 2154 Augusta
573 2110 755 2154 Dilingam
782 2121 853 2143 una
879 2109 1031 2154 profecti
1057 2111 1141 2142 sunt
1171 2108 1208 2150 (1.
1237 2120 1265 2142 c.
1295 2107 1390 2150 168).

188 2222 293 2257 (396
321 2223 398 2257 sive
426 2231 549 2266 aug.
570 2221 621 2266 (c
641 2220 752 2265 32).
826 2219 856 2254 A
882 2228 930 2254 m.
949 2216 1081 2254 Martio
1108 2216 1153 2253 ad
1180 2216 1320 2253 Iunium
1347 2216 1442 2252 1566.

303 2292 359 2327 Ex
376 2292 508 2327 litteris
526 2291 744 2336 archetypis,
763 2291 911 2325 Romam
936 2301 1017 2334 „pro
1034 2289 1192 2323 Romana
1206 2288 1411 2322 Prouintia“
1431 2288 1465 2322 S.
1482 2288 1515 2322 J.
1531 2287 1662 2322 missis.
1701 2287 1763 2329 „Gn
1780 2286 1843 2331 Ep.
1860 2286 1946 2320 VlI‘

186 2347 208 2380 f.
240 2346 333 2380 1892.

305 2418 375 2450 PP.
402 2416 556 2458 Natalis,
595 2415 771 2457 Canz'sizcs,
807 2415 977 2447 Ledesma
1014 2415 1051 2446 in
1087 2413 1238 2446 comitiis
1273 2423 1351 2445 cum
1376 2414 1430 2445 rei
1456 2412 1647 2445 catholicae
1666 2411 1830 2453 profecta
1857 2410 1951 2443 labo-

189 2475 294 2511 rcmt;
320 2471 437 2512 iidem,
464 2480 506 2502 ne
532 2469 700 2501 adversus
720 2478 845 2510 pacem
870 2467 1054 2509 reliyionis
1077 2467 1282 2508 protestatio
1308 2466 1382 2508 fiat,
1410 2465 1615 2507 impediunt.

305 2534 344 2566 P.
372 2534 595 2566 II'endele'nus
623 2531 835 2573 [Vola-kias]
862 2531 898 2564 S.
924 2531 962 2564 J.
992 2531 1028 2562 in
1066 2531 1190 2563 domus
1216 2530 1252 2563 S.
1280 2531 1316 2563 J.
1344 2533 1564 2572 auqustcmae
1591 2528 1761 2572 „Litteris
1795 2526 1947 2559 αηπιιίε(ι

190 2589 351 2630 ,laqus-ta
379 2589 409 2620 1.
431 2586 642 2629 Septembris
669 2587 761 2618 1566
786 2585 880 2617 datis
905 2584 1036 2626 refert:
1061 2583 1159 2616 Inter
1185 2582 1402 2627 peregrinos,
1430 2582 1489 2625 qui
1515 2583 1590 2614 toto
1616 2580 1692 2613 fere
1719 2590 1810 2613 anno
1835 2581 1949 2612 trans-

188 2643 323 2680 euntes,
358 2640 401 2673 ad
437 2650 501 2672 nos
527 2638 707 2672 diuertere
732 2636 858 2677 solent,
894 2648 964 2670 non
999 2646 1190 2680 possumus
1226 2646 1296 2669 non
1323 2645 1600 2669 commemorare
1626 2632 1666 2666 R.
1695 2633 1733 2667 P.
1770 2632 1949 2666 doctorem

188 2691 364 2733 Natalem,
401 2694 437 2725 et
463 2691 643 2725 doctorem
671 2689 844 2724 Jacobum
871 2689 1092 2723 Ledesmam.
1143 2688 1201 2722 Sic
1232 2688 1324 2722 enim
1351 2686 1518 2721 Pontifici
1543 2685 1702 2720 Maximo
1728 2685 1844 2719 uisum
1871 2683 1950 2720 fuit.

188 2747 228 2778 ut
254 2744 356 2778 ambo
382 2744 433 2778 illi
460 2744 595 2787 Legato
622 2755 685 2778 suo
712 2743 905 2777 Jllustriss.
934 2741 1083 2775 Domino
1103 2740 1283 2785 Cardinalj
1311 2739 1572 2774 Commendono
1599 2738 1888 2781 adiungerentur,
1916 2740 1950 2770 et

189 2798 223 2830 in
242 2797 465 2840 Augustanis
484 2796 646 2842 Comitijs
670 2808 751 2830 cum
776 2795 838 2829 illo
864 2797 1096 2829 uersarentur
1114 2793 1320 2828 Catholicae
1338 2792 1535 2836 Religionis
1562 2791 1795 2825 uindicandae
1821 2790 1949 2832 gratia.

192 2850 211 2882 J
216 2850 312 2892 gitur
337 2862 408 2884 una
434 2862 514 2884 cum
540 2850 649 2884 Patre
675 2848 892 2893 Prouincialj
926 2847 978 2881 1111
1004 2848 1040 2882 111
1066 2847 1123 2881 his
1149 2858 1240 2891 quae
1266 2846 1310 2880 ad
1336 2845 1558 2889 Religionem
1585 2845 1774 2889 pertinent,
1809 2842 1950 2877 labores

190 2901 330 2935 subiere
356 2914 496 2944 graues,
524 2914 660 2946 suaque
687 2902 835 2936 consilia
861 2912 941 2935 cuni
967 2900 1152 2934 Pontificis
1176 2900 1322 2943 Legato,
1349 2910 1455 2943 quem
1482 2898 1567 2938 dixi,
1593 2908 1700 2941 saepe
1725 2895 1950 2939 multumque

190 2954 426 2988 contulerunt.
478 2956 631 2998 Magnus
667 2957 744 2989 erat
778 2966 864 2988 sane
898 2956 1017 2988 metus
1051 2954 1233 2994 bonorum,
1269 2964 1313 2986 ne
1344 2950 1488 2996 sectarij
1523 2961 1624 2984 suam
1651 2960 1797 2983 causam
1823 2960 1868 2982 ex
1893 2948 1950 2982 his

192 3006 354 3050 Comitijs
380 3007 591 3048 stabilirent,
629 3010 663 3041 et
690 3007 912 3041 Catholicam
948 3009 1086 3051 partem
1117 3005 1345 3045 offenderent,
1380 3004 1476 3038 sicut
1500 3003 1650 3037 summis
1675 3001 1727 3035 illi
1752 3001 1889 3035 viribus
1916 3004 1950 3034 et

190 3058 342 3092 mirabili
369 3060 581 3093 confidentia
599 3071 706 3105 saepe
723 3062 919 3101 tentarunt,
946 3062 982 3093 et
1000 3061 1105 3093 antea
1124 3058 1266 3102 quidem
1285 3069 1426 3102 semper
1442 3057 1477 3090 in
1496 3054 1698 3089 huiusmodi
1716 3053 1950 3088 conuentibus

192 3110 396 3145 effecerunt.
447 3111 580 3145 Verum
615 3112 789 3156 singulari
815 3112 880 3146 Dei
917 3123 1061 3146 munere
1097 3111 1233 3145 factum
1269 3113 1325 3144 est
1355 3110 1510 3149 tandem,
1545 3110 1585 3141 ut
1610 3118 1666 3141 res
1694 3106 1878 3141 Catholica
1906 3118 1950 3140 ex

312 3180 339 3211 a)
362 3181 425 3210 Sic,-
445 3182 632 3211 quemlumne
654 3181 724 3206 dal?
