2045 3471
202 189 285 230 346
684 186 783 220 1369.
812 185 976 220 Canisius
1003 186 1037 220 S.
1057 185 1246 219 Francisco
1272 186 1314 219 de
1342 186 1481 230 Borgia.

202 307 246 347 et
276 304 344 346 hic
376 304 456 346 sibi
489 303 671 357 alijsque
692 303 834 345 minus
865 303 1248 346 incommodarent.
1302 304 1460 347 Mutati
1490 308 1590 347 sunt
1611 304 1804 346 nonnulli
1835 318 1962 358 prae-

202 371 420 422 captores,
463 371 508 410 et
548 367 709 410 retenti
750 368 924 421 quidam
965 381 1019 409 ex
1061 367 1203 410 missis
1243 382 1380 422 nuper
1422 369 1475 410 ab
1516 369 1643 419 urbe,
1686 371 1733 412 ut
1770 369 1961 411 Joannes

201 433 368 486 Anglus
400 435 445 475 et
476 433 665 474 Jacobus
698 432 912 486 Spirensis
927 434 953 474 1.

319 497 383 539 De
424 497 521 552 alijs
563 511 674 551 quae
716 498 953 552 prudenter
996 498 1066 539 uel
1108 500 1301 548 mutata,
1344 498 1414 540 uel
1454 497 1656 541 instituta
1700 498 1834 548 fuere,
1877 512 1963 541 non

201 575 329 615 agam
372 562 415 604 in
459 562 610 616 spetie.
674 563 796 604 Bona
841 564 908 604 est
955 575 1055 617 spes
1098 563 1215 613 fore,
1258 565 1307 604 vt
1348 563 1581 606 accedente
1622 564 1722 605 noui
1763 563 1962 605 Rectoris

201 626 429 680 vigilantia
461 627 691 681 collegium
723 627 804 669 hoc
838 626 961 680 quasi
993 627 1267 678 restituatur,
1311 630 1356 670 et
1388 628 1467 670 ad³
1498 627 1701 670 amissam
1733 628 1963 671 Societatis

202 691 471 746 disciplinam
504 692 625 734 breui
657 695 899 734 reuocetur.
964 692 1062 734 Huc
1099 692 1350 746 frequentes
1383 693 1528 735 Patris
1561 692 1886 736 exhortationes
1920 696 1963 735 et

201 756 389 811 scriptae
430 757 549 810 leges
582 756 823 807 conferunt,
866 757 1109 810 bonamque
1140 757 1327 800 fratrum
1368 757 1638 801 uoluntatem
1680 760 1890 800 renouata
1921 757 1964 799 in

201 821 383 864 Domino
409 825 510 865 vota
542 822 811 864 confirmant.
865 821 1006 872 Quare
1029 822 1199 864 diuinae
1232 822 1417 865 bonitati
1449 823 1615 876 gratias
1638 822 1819 875 agimus,
1855 836 1963 875 quae

201 886 294 940 pios
326 886 578 929 Visitatoris
611 889 793 928 conatus
825 886 889 929 ita
920 886 1070 929 felices
1101 886 1301 938 reddidit,
1344 890 1392 930 ut
1432 901 1591 941 magna
1624 901 1679 929 ex
1709 890 1834 942 parte
1866 887 1965 929 huic

201 951 286 993 iam
309 951 490 1004 collegio
523 953 799 1005 prospectum
823 965 918 993 esse
950 951 1163 995 uideatur.
1208 952 1394 995 Tantum
1418 966 1591 994 oramus
1613 952 1769 1006 duplici
1792 952 1964 994 nomine

202 1016 247 1058 P.
272 1016 320 1058 Τ.
344 1029 454 1068 quae
478 1030 584 1070 opus
618 1016 725 1058 bene
757 1019 957 1071 coeptum
991 1017 1105 1059 haud
1139 1017 1265 1059 dubie
1296 1031 1374 1072 pro
1405 1031 1482 1059 sua
1514 1017 1678 1072 pietate
1710 1018 1965 1058 confirmare

201 1080 403 1123 studebit.
458 1080 648 1122 Primum
672 1080 857 1134 quidem,
891 1095 945 1123 ne
976 1081 1106 1124 facile
1138 1084 1330 1124 mutetur
1351 1082 1512 1124 Rector
1544 1082 1641 1124 huic
1664 1082 1844 1135 collegio
1873 1084 1964 1124 tam

201 1146 472 1187 necessarius
486 1146 511 1196 ¹³,
547 1160 675 1198 quam
710 1146 782 1199 qui
813 1147 1015 1197 maxime,
1051 1150 1100 1189 vt
1122 1148 1168 1190 P.
1192 1147 1407 1190 Visitator
1429 1147 1559 1189 etiam
1594 1150 1753 1189 censet.
1799 1146 1965 1189 Deinde

202 1213 249 1252 ut
280 1210 418 1252 nostri
450 1210 579 1253 facile
613 1224 691 1252 nos
714 1210 912 1253 sinantur
943 1211 1230 1254 faeminarum
1255 1212 1531 1265 quantumuis
1562 1212 1794 1254 illustrium
1817 1225 1964 1254 curam

201 1275 442 1329 suscipere,
488 1276 601 1328 quod
646 1278 796 1318 nostro
841 1279 885 1319 et
930 1276 1101 1330 collegij
1146 1277 1272 1318 huius
1316 1277 1429 1319 malo
1474 1276 1560 1319 iam
1604 1277 1736 1319 simus
1781 1276 1963 1331 experti,

199 1343 447 1382 nostrorum
481 1341 646 1382 animos
678 1340 721 1382 in
753 1341 908 1395 spiritu
940 1341 1182 1384 uocationis
1215 1355 1318 1383 suae
1358 1342 1439 1384 hac
1471 1341 1639 1384 ratione
1675 1341 1857 1383 multum
1891 1341 1965 1383 de-

203 1404 377 1455 bilitari,
412 1408 460 1447 ut
492 1408 645 1460 postea
667 1406 978 1460 propemodum
1000 1406 1314 1449 intollerabiles
1336 1408 1455 1449 fiant.
1500 1407 1736 1449 Conseruet
1758 1405 1965 1448 Dominus

203 1469 500 1512 Confessarios
533 1470 740 1512 Ducissae
772 1470 1051 1513 Florentinae
1083 1474 1214 1525 atque
1243 1471 1533 1514 Ferrariensis
1546 1473 1575 1522 2,
1611 1474 1659 1514 vt
1690 1471 1855 1513 muneri
1887 1485 1964 1512 suo

202 1535 363 1588 absque
387 1535 647 1577 detrimento
671 1535 862 1589 spiritus,
888 1536 959 1589 qui
982 1539 1173 1579 nostram
1198 1537 1471 1579 vocationem
1495 1537 1631 1586 decet,
1656 1536 1764 1579 satis
1787 1536 1964 1578 faciant.

203 1599 400 1653 Optarim
433 1600 529 1642 illos
561 1600 604 1641 in
627 1600 851 1642 scribendo
885 1601 1016 1643 etiam
1050 1615 1144 1643 esse
1178 1605 1341 1652 cautos,
1376 1601 1487 1644 sicut
1510 1615 1646 1656 nuper
1678 1601 1730 1643 de
1762 1601 1807 1644 P.
1832 1600 1965 1643 Scho-

202 1663 334 1706 richio
379 1665 536 1715 monui,
583 1680 635 1706 ne
676 1665 891 1707 secularia
932 1666 1075 1720 potius
1121 1681 1248 1720 quam
1290 1666 1533 1720 spiritualia
1573 1666 1734 1709 literisc
1773 1668 1965 1709 tractare

201 1728 464 1772 uideamur3.
528 1730 586 1772 Et
626 1730 835 1772 hactenus
877 1731 929 1772 de
970 1733 1089 1773 statu
1130 1731 1254 1773 huius
1297 1731 1465 1785 collegij
1507 1731 1636 1781 satiS,
1680 1731 1792 1784 quod
1834 1731 1966 1772 etiam

203 1796 334 1846 atque
367 1794 497 1836 etiam
522 1794 568 1836 P.
593 1794 641 1836 T.
666 1795 889 1848 sacrificijs
922 1797 966 1837 et
998 1796 1198 1849 precibus
1221 1796 1403 1838 Domino
1436 1796 1629 1850 cupimus
1662 1795 1964 1838 commendari.

320 1858 440 1900 Inter
472 1859 557 1900 alia
588 1859 796 1902 iudicauit-
829 1861 874 1903 P.
900 1860 1127 1911 Visitator,
1171 1861 1442 1915 sepeliendos
1484 1860 1605 1902 nobis
1643 1874 1738 1902 esse
1770 1864 1964 1904 mortuos

202 1922 357 1965 Patres
390 1937 440 1965 ac
471 1924 644 1974 fratres,
684 1925 861 1977 perinde
894 1940 943 1967 ac
976 1926 1141 1967 Romae
1174 1926 1265 1967 fieri
1298 1926 1422 1969 solet.
1486 1925 1577 1975 Qua
1608 1926 1652 1966 in
1683 1939 1729 1967 re
1762 1928 1964 1979 putamus

202 1987 511 2030 remittendum
553 2002 648 2031 esse
690 1989 864 2042 aliquid,
907 1993 955 2033 ut
997 1988 1150 2032 sicutid
1191 1991 1234 2032 in
1276 1990 1655 2033 constitutionibus
1696 1990 1856 2033 nostris
1898 1994 1965 2033 est

203 2052 449 2103 admissum,
484 2054 709 2106 regionum
732 2054 940 2097 varietati
972 2069 1050 2097 nos
1073 2055 1399 2097 accommodare
1431 2055 1656 2109 possimus,
1711 2055 1807 2097 Non
1831 2055 1964 2098 uesti-

202 2120 331 2159 untur
364 2118 477 2172 apud
508 2132 586 2160 nos
618 2119 790 2168 mortui,
825 2133 909 2160 non
933 2120 1188 2162 deferuntur
1211 2120 1412 2162 ardentes
1437 2120 1679 2169 candelaee,
1713 2122 1757 2162 et
1786 2120 1857 2162 ubi
1879 2135 1963 2162 non

202 2185 269 2224 est
300 2183 510 2236 templum
541 2183 666 2225 nobis
699 2197 749 2225 ac
782 2184 1077 2226 coemiterium
1110 2185 1344 2239 proprium,
1388 2185 1561 2226 difficile
1599 2185 1654 2226 sit
1687 2199 1737 2227 ea
1771 2188 1960 2235 cantare,

203 2261 312 2299 quae
353 2247 517 2289 Romae
559 2248 698 2290 nostri
739 2248 852 2290 circa
894 2249 1103 2290 feretrum
1149 2250 1372 2303 psallendo
1415 2249 1691 2304 expediunt4.
1755 2249 1963 2303 Quicquid

201 2325 304 2353 uero
336 2312 383 2355 P.
409 2312 457 2355 T.
482 2313 745 2367 probauerit,
780 2327 865 2354 non
897 2314 1059 2367 poterit
1091 2315 1212 2356 nobis
1245 2329 1329 2356 non
1362 2315 1657 2368 gratissimum
1690 2328 1797 2356 esse.

320 2376 480 2431 Accepi
514 2378 639 2420 datas
676 2380 728 2419 14
762 2378 1042 2432 Septembris,
1085 2379 1159 2420 sed
1191 2379 1371 2429 tardius,
1416 2393 1525 2432 quae
1566 2379 1726 2421 fratres
1759 2392 1813 2420 ex
1846 2379 1962 2420 Vrbe

202 2439 397 2496 misso[s]
444 2443 761 2485 commendant.
826 2443 889 2484 De
930 2443 995 2484 his
1038 2443 1121 2485 rite
1169 2444 1475 2486 distribuendis
1523 2446 1625 2497 aget
1669 2444 1714 2485 P.
1749 2443 1962 2485 Visitator

202 2505 458 2561 Diling[ae.]
502 2507 566 2548 De
599 2507 695 2561 alijs
727 2507 846 2549 breui
878 2507 1015 2561 plura.
1062 2508 1168 2550 (Dret
1200 2523 1276 2562 pro
1301 2523 1368 2550 me
1390 2509 1436 2551 P.
1462 2509 1509 2551 T.
1533 2512 1581 2551 ut
1612 2507 1771 2550 rectius
1803 2507 1962 2560 fungar

202 2584 296 2612 meo
328 2585 518 2621 munere,
553 2575 597 2613 et
629 2585 706 2625 pro
738 2571 819 2613 hac
850 2574 947 2614 tota
979 2572 1208 2626 prouintia,
1248 2587 1357 2625 quae
1390 2576 1561 2615 tantum
1592 2571 1753 2625 negotij
1788 2572 1960 2625 optimis

202 2635 404 2678 Patribus
435 2637 628 2690 praebet,
664 2636 871 2678 Dominus
894 2637 1056 2679 IESVS
1080 2651 1202 2679 suam
1235 2638 1357 2679 nobis
1390 2638 1577 2690 gratiam
1609 2639 1782 2690 augeat.
1831 2636 1960 2678 Oeni-

202 2702 332 2752 ponte
367 2702 417 2742 21
444 2701 593 2743 Octob.
622 2703 747 2744 1566.
1092 2702 1251 2744 Seruus
1283 2703 1325 2743 in
1360 2702 1528 2744 Christo
1561 2702 1606 2743 P.
1632 2700 1838 2743 Canisius.

322 2787 348 2804 a·
370 2782 430 2805 Hoc
456 2789 479 2805 r.
500 2790 516 2805 ιι
539 2783 608 2806 Can.
636 2789 729 2813 supra
759 2789 870 2806 versum
898 2782 1038 2813 scriplum
1067 2785 1116 2806 est.
1209 2780 1238 2812 b)
1261 2783 1306 2806 Ita
1329 2784 1397 2806 Can.
1418 2782 1554 2811 correxit,
1574 2788 1645 2812 qnae
1667 2781 1756 2812 prins
1781 2781 1959 2812 scripserat.-

206 2821 301 2844 mutet
320 2820 480 2847 Rectorem
499 2821 569 2847 huie
590 2821 718 2854 collegio
739 2822 802 2848 tam
822 2822 1038 2849 necessarium.
1112 2824 1136 2852 c)
1159 2824 1219 2847 Hoc
1240 2831 1262 2847 v.
1283 2832 1298 2845 a
1322 2824 1349 2847 C.
1370 2831 1462 2854 snpra
1484 2830 1556 2847 ret-s.
1575 2823 1714 2853 scriptum
1736 2825 1784 2845 est.
1861 2822 1889 2851 d)
1911 2823 1958 2847 Se-

206 2864 333 2890 quuntur
354 2869 393 2886 νυ.
415 2869 431 2887 a
451 2862 493 2889 P..
513 2871 529 2886 (1
552 2864 580 2887 C.
601 2864 777 2889 oblitterata.
852 2865 880 2895 e)
900 2864 1038 2895 Sequitur
1058 2862 1138 2896 quod
1161 2864 1202 2888 rel
1222 2864 1304 2888 alim]
1327 2872 1360 2891 ι·.,
1380 2872 1396 2888 α
1418 2865 1446 2888 C.
1467 2864 1556 2887 oblim.

325 2954 334 2972 ¹
361 2954 508 2989 loannes
535 2955 642 2989 Wick
670 2958 705 2989 et-
732 2955 880 2990 Iacobus
907 2956 1112 2996 Ernfelder;
1142 2956 1221 2989 vide
1248 2967 1356 3000 supra
1382 2967 1416 3000 p.
1436 2955 1532 2989 314³.

323 3005 335 3024 ²
362 3006 401 3038 P.
430 3006 659 3042 Guilielmum
687 3008 840 3042 Elderen
866 3008 900 3043 S.
929 3009 973 3049 J.,
1010 3009 1270 3043 confessarium
1296 3009 1449 3042 Ioannae
1476 3007 1639 3041 ducissae
1665 3007 1885 3047 florentinae,
1921 3011 1956 3041 et

205 3056 242 3089 P.
272 3056 499 3092 Laurentium
526 3059 810 3102 Hermanutium,
838 3062 1096 3096 confessarium
1124 3062 1302 3096 Barbarae
1329 3061 1492 3095 ducissae
1518 3060 1753 3095 ferrariensis.

324 3110 336 3129 ³
361 3110 451 3144 Vide
477 3122 584 3155 supra
611 3124 644 3156 p.
671 3113 750 3147 323.

323 3163 335 3181 ⁴
361 3161 461 3202 Vide,
488 3174 577 3206 quae
605 3165 646 3198 de
673 3165 727 3199 his
755 3166 881 3200 ritibus
907 3167 972 3200 sub
999 3167 1096 3211 ipsas
1123 3167 1228 3200 hasce
1255 3167 1394 3200 litteras
1421 3165 1592 3199 dicentur.
