2077 3461
197 197 299 233 1280.
327 196 412 232 Can.
433 196 558 231 Ottoni
576 196 774 231 Tmehsess
801 196 843 230 de
862 194 1074 239 lValdburg.
1117 195 1305 238 Moguntia
1330 194 1386 230 28.
1406 195 1479 229 Ian.
1501 194 1602 229 1566.
1736 197 1817 237 173

62 320 342 361 Honorarunt
383 329 464 365 me,
508 315 703 368 quamuis
744 315 1063 365 immerentem,
1102 328 1187 356 non
1228 313 1361 355 semel
1402 327 1480 355 sua
1522 312 1820 363 beneficentia,

61 383 244 438 prolatis
275 380 365 423 vini
397 380 545 422 multis
577 380 780 430 vasculis,
823 382 871 422 ut
910 380 1079 422 illorum
1112 392 1205 420 mos
1238 381 1315 428 est,
1358 378 1402 419 in
1433 377 1676 420 salutandis
1718 378 1821 419 uiris

61 447 284 490 honoratis
299 448 326 489 1.
380 447 561 487 Demum
584 445 665 486 hoc
687 445 800 499 apud
822 444 1166 487 Vniuersitatem
1189 444 1389 485 effectum
1417 445 1496 493 est,
1531 446 1578 485 ut
1601 443 1824 497 exemplar

62 511 238 565 Concilij
272 510 464 553 Trident.
522 509 802 552 Autenticum
835 509 1086 563 exceperint
1116 510 1382 557 reum-enter,
1417 507 1696 561 composituri
1728 521 1822 549 sese

62 578 118 620 ad
138 576 252 619 illius
275 575 591 630 praescriptum
614 576 658 616 et
676 574 863 625 decreta,
887 588 998 627 quae
1020 572 1278 628 praesertim
1298 573 1349 613 de
1372 572 1526 625 studijs
1548 572 1822 625 generalibus

61 644 269 685 tractant.
333 641 397 682 De
430 640 526 694 alijs
566 639 703 693 plura,
745 641 794 681 ut
831 653 969 693 spero,
1013 638 1203 680 scribent
1235 636 1522 687 Colonienses‚
1565 637 1677 678 Nolo
1711 637 1823 678 enim

62 721 175 749 nunc
217 719 312 748 esse
353 704 535 758 longior.
599 704 657 746 Et
699 704 901 745 Coloniae
943 703 1115 756 quidem
1156 703 1341 757 primum
1383 701 1532 755 accepi
1572 701 1727 743 missas
1769 715 1823 743 ex

63 772 169 813 vrbe
191 771 354 821 literaS,
379 770 422 811 in
445 769 598 823 quibus
621 768 824 811 admonet
846 768 1103 810 Reuerenda
1126 767 1374 809 Paternitas
1396 769 1486 816 tua,
1510 768 1558 807 ut
1580 765 1822 819 Augustam

62 836 160 878 ilico
194 835 363 877 veniam
398 833 585 888 negotijs
617 836 836 886 utcunque
869 833 1124 887 expeditis2.
1178 833 1317 882 Nunc,
1353 831 1453 885 quia
1485 844 1691 873 concessa
1722 830 1825 872 mihi

62 900 251 943 facultas
299 914 394 942 cum
438 899 634 952 Legante
681 897 821 952 ipsam
868 897 995 939 simul
1042 897 1227 952 expirat,
1275 897 1374 938 hinc
1414 899 1535 939 recta
1575 895 1826 950 proficiscar

64 966 309 1019 Augustam
343 964 512 1006 Christo
555 964 674 1013 duce,
718 963 784 1004 cui
826 977 996 1017 semper
1028 962 1353 1004 commendatus
1390 975 1485 1003 esse
1527 960 1650 1015 cupio
1683 961 1825 1002 Reue-

63 1031 224 1073 rendae
256 1028 540 1072 Paternitatis
571 1031 674 1071 tuae
707 1041 757 1069 ac
790 1028 973 1069 aliorum
1006 1027 1192 1069 fratrum
1224 1027 1436 1081 precibus,

183 1094 436 1148 Moguntiae
471 1095 537 1137 ,27
567 1093 780 1146 januarii.
818 1094 943 1135 1566.

1035 1151 1249 1204 Jndignus
1281 1151 1394 1193 filius
1427 1151 1472 1192 P.
1497 1149 1704 1192 Canisius.

184 1235 334 1278 Borgias
361 1233 504 1268 Canisio
530 1245 593 1278 per
620 1232 815 1267 Polancum
842 1232 1027 1277 respondit
1055 1232 1108 1266 16.
1135 1231 1257 1265 Martii
1285 1231 1387 1266 1566.

66 1345 222 1382 1280.
345 1344 561 1380 CANislUs
623 1342 882 1379 GARDINALI
949 1340 1208 1377 OTTONI
1271 1339 1668 1376 TRUCHSESS
1732 1338 1823 1375 DE

255 1396 672 1440 WALDBURG‚
715 1398 880 1442 episcopo
918 1395 1103 1430 albanensi
1146 1398 1182 1429 et
1219 1398 1436 1438 augustano,
1481 1394 1693 1428 Germaniae
1732 1393 1823 1438 apud

256 1452 390 1487 curiam
418 1463 601 1486 romanam
627 1450 820 1496 protectori
848 1452 914 1484 etc.
1194 1447 1381 1492 Moguntia
1408 1447 1463 1482 28.
1491 1446 1648 1481 Ianuarii
1675 1446 1776 1480 1566.

186 1517 239 1551 Ex
266 1516 422 1560 imagine
447 1515 610 1560 photogr.
637 1515 840 1548 litterarum
859 1513 1136 1558 archetyparum
1156 1512 1226 1555 (2⁰3
1254 1512 1321 1556 4¹l2
1340 1523 1417 1556 pp.;
1446 1511 1611 1546 Canisius
1637 1522 1701 1544 sua
1718 1522 1825 1545 manu

67 1582 195 1604 nomen
224 1569 411 1613 [„Seruus“
443 1568 525 1613 etc]
552 1567 796 1613 subscripsit),
823 1567 856 1600 in
888 1567 947 1609 „E.
975 1566 1013 1600 C.
1041 1566 1092 1599 11⁶⁶
1123 1577 1156 1599 n.
1186 1565 1252 1599 162
1281 1565 1381 1609 (280)
1409 1564 1619 1610 positarum.
1660 1563 1825 1608 Epistula

66 1624 181 1658 utitur
209 1624 439 1668 (quamquam
467 1623 544 1656 eius
569 1621 784 1655 mentionem
815 1632 884 1654 non
920 1619 1022 1662 facit)
1062 1620 1269 1662 Sacchinus,
1306 1618 1390 1653 Can.
1418 1617 1616 1652 227—228.
1667 1616 1825 1651 Eandem

66 1677 208 1722 copiose
235 1676 397 1710 adhibuit
422 1677 547 1718 Boero,
582 1674 667 1709 Can.
695 1674 893 1708 292—294.
944 1672 1020 1716 Ego
1056 1683 1197 1716 quoque
1233 1683 1274 1705 ea
1308 1682 1395 1705 usus
1424 1682 1504 1705 sum
1532 1670 1679 1714 eiusque
1705 1672 1826 1715 partes

66 1730 270 1774 germanice
297 1740 421 1763 versas
447 1729 547 1773 posui
576 1728 610 1761 in
639 1726 853 1772 ‚,Stimmen“
882 1728 948 1760 etc.
977 1725 1089 1759 LXXI
1118 1726 1185 1759 166
1212 1725 1398 1759 315—316
1425 1723 1623 1758 319—321.

188 1800 236 1834 Ob
262 1801 322 1833 Pii
346 1801 369 1833 Ι
374 1801 410 1833 1⁷.
436 1803 577 1833 mortem
615 1800 819 1841 leyationem
854 1796 1045 1839 abrumpit.
1096 1797 1293 1839 Auyustam
1330 1796 1376 1828 ad
1410 1796 1555 1838 imperii
1590 1795 1731 1828 comitia
1757 1798 1827 1827 tres

65 1854 321 1897 archiepiscopi
355 1854 514 1887 electores
545 1853 705 1885 accedent
715 1864 729 1893 ;
763 1852 804 1883 de
837 1851 1042 1893 moquntino
1077 1854 1106 1882 et
1140 1850 1327 1883 treverensi
1362 1849 1492 1892 optima
1518 1853 1600 1881 sunt
1624 1848 1828 1891 speranda,-

68 1908 130 1951 9ui
163 1908 381 1941 cardinalem
413 1917 546 1950 quoque
576 1906 730 1938 Ottonem
756 1905 870 1937 Roma
896 1904 944 1936 ad
968 1903 1107 1936 comitia
1138 1904 1254 1936 ceuire
1280 1904 1437 1945 cupiunt.
1488 1902 1541 1935 De
1566 1902 1827 1944 archiepiscopo

65 1960 259 1993 coloniensi
281 1960 437 1993 nondum
466 1959 673 2000 confirmato
700 1958 839 1990 tandem
857 1956 997 2000 aliquid
1021 1960 1204 1989 statuatur
1229 1960 1371 1998 oportet.
1414 1956 1458 1987 ln
1478 1955 1595 1997 pallio
1613 1954 1828 1987 concedendo

66 2014 225 2046 ecclesiae
250 2014 459 2046 coloniensis
483 2023 564 2045 aere
589 2012 705 2044 alieno
731 2011 876 2044 obrutae
892 2011 986 2043 ratio
1004 2009 1165 2042 habenda
1183 2013 1240 2042 est.
1272 2009 1331 2042 Ad
1348 2009 1552 2050 reliyionem
1570 2009 1609 2040 in
1631 2007 1825 2040 Germania

66 2067 345 2100 conservandam
370 2066 454 2098 haec
479 2066 678 2107 conferent:
714 2065 753 2104 1)
781 2064 960 2106 Episcopi,
987 2063 1113 2105 quibus
1138 2062 1306 2095 haeretici
1331 2063 1443 2104 maqz‘s
1469 2061 1578 2094 rricini
1602 2066 1694 2103 sunt,
1726 2060 1826 2092 coad-

69 2123 200 2152 iutores
231 2119 418 2162 accipiant,
453 2130 496 2151 ize
530 2118 616 2161 ripsis
652 2117 802 2150 mortuis
833 2116 899 2159 illi,
934 2121 972 2149 ut
1006 2127 1107 2159 saepe
1130 2116 1299 2158 feceruut,
1336 2115 1556 2157 episcopatus
1579 2114 1649 2146 sibi
1673 2117 1826 2146 sumant.

69 2173 237 2214 Pontifeae
271 2183 348 2205 cum
385 2172 526 2213 imperii
552 2171 739 2204 ordinibus
765 2170 944 2203 catholicis
970 2170 1145 2202 rationem
1180 2170 1285 2211 ineat,
1322 2179 1391 2211 qua
1427 2168 1651 2201 ecclesiarum
1677 2166 1827 2209 direptio

68 2226 296 2269 impediatur.
335 2225 376 2263 2)
396 2225 575 2267 Ejus-copi,
602 2228 791 2267 antequam
809 2212 1073 2265 confirmentur,
1100 2223 1296 2255 sacerdotes
1312 2223 1395 2265 sint,
1423 2225 1451 2254 et
1470 2222 1516 2254 ad
1534 2220 1825 2254 consecrationem

68 2280 161 2312 serio
196 2279 392 2322 adissantur
426 2289 506 2310 nere
531 2288 606 2310 cum
637 2279 711 2310 sn'is
736 2277 772 2309 in
800 2276 991 2309 sacerdotii
1015 2276 1230 2318 susceptione
1255 2276 1460 2318 dispensare
1484 2276 1662 2306 sinantur.
1715 2273 1755 2310 ὃ)
1784 2273 1825 2305 In

69 2333 221 2366 comitiis
245 2332 378 2374 lessatus
399 2331 605 2374 pontificius
630 2341 707 2363 cum
734 2330 901 2373 episcopis
927 2330 968 2361 dc
993 2329 1135 2362 concilii
1170 2329 1358 2373 tridentini
1387 2328 1535 2360 decretis
1558 2326 1829 2369 promulyandis

70 2390 163 2428 afflet.
214 2386 254 2425 4)
282 2385 512 2427 Principibus
538 2384 747 2427 quibusdam
773 2383 955 2416 catholicis
981 2393 1070 2415 noca
1095 2382 1279 2424 reliaionis
1304 2381 1549 2414 conciliandae
1575 2380 1721 2413 consilia
1744 2389 1830 2421 pro-

68 2437 244 2481 posituris
269 2439 400 2481 reliqui
426 2437 590 2470 catholici
605 2437 749 2479 fortiter
776 2437 954 2469 obsistant.

229 2514 257 2567 †
290 2515 382 2556 Pax
414 2513 572 2556 Christi
606 2513 826 2555 nobiscum
860 2515 1040 2555 aeterna
1061 2511 1366 2554 Jllustrissime
1391 2511 1456 2553 .D.
1481 2510 1669 2552 Patrone
1682 2510 1710 2552 3.

190 2584 373 2627 Diuinae
411 2584 595 2626 bonitati
627 2583 793 2637 gratias
826 2597 909 2636 ago
941 2582 1197 2636 singulares,
1241 2595 1351 2634 quae
1383 2595 1450 2622 me
1483 2581 1692 2623 hactenus
1725 2592 1830 2632 qua-

71 2653 172 2692 tuor
193 2650 411 2692 mensibus
432 2648 636 2703 hybernis
658 2648 1006 2702 peregrinantem
1030 2647 1264 2689 clementer
1296 2648 1526 2688 conseruat
1547 2659 1597 2687 ac
1625 2644 1829 2698 protegit.

73 2713 199 2756 Nunc
230 2713 476 2768 Augustam
509 2714 593 2757 iter
625 2727 744 2767 parc,
789 2716 833 2755 et
864 2713 1076 2765 reliquam
1108 2711 1340 2765 legationis
1381 2724 1503 2752 meae
1544 2712 1712 2763 partem
1755 2709 1830 2750 ab-

73 2793 238 2833 rumpo,
273 2779 475 2832 quoniam
508 2779 543 2820 is
577 2778 648 2831 qui
680 2791 748 2819 me
780 2777 1020 2830 legauerat,
1063 2777 1198 2819 uitam
1232 2790 1327 2817 cum
1360 2777 1500 2816 morte
1533 2773 1828 2817 commutauit.

74 2844 232 2886 Precor
264 2844 493 2894 Christum,
528 2846 577 2886 vt
607 2842 722 2884 illius
754 2842 923 2884 animae
954 2841 1166 2895 propitius
1199 2854 1293 2882 esse
1326 2839 1540 2892 dignetur.

193 2909 400 2958 Quoniam
442 2922 545 2950 uero
588 2921 642 2949 ex
684 2906 1057 2948 Reuerendissimo
1097 2905 1278 2947 Domino
1312 2903 1646 2958 Archiepiscopo
1679 2903 1828 2946 Treui-

75 2972 220 3014 rensi4
259 2973 454 3026 cognoui,
497 2971 822 3026 amplitudinem
863 2974 982 3013 tuam
1024 2969 1359 3012 illustrissimam
1402 2982 1486 3010 non
1529 2968 1599 3010 diu
1640 2968 1682 3009 in
1725 2968 1829 3009 vrbe

200 3078 209 3097 ¹
235 3050 442 3110 Ἧᾶἐῖιῇᾞ
472 3051 626 3110 monum.
654 3086 765 3118 germ.
792 3074 814 3108 l.
844 3074 919 3116 (27)
952 3074 1041 3117 (31).
1186 3073 1199 3093 ²
1225 3072 1315 3106 Vide
1342 3083 1450 3117 supra
1476 3084 1509 3117 p.
1538 3072 1615 3107 133.

197 3130 209 3149 ³
237 3129 435 3164 Cardinalis
462 3129 546 3163 Otto
576 3130 629 3162 16.
658 3127 813 3162 Ianuarii
843 3128 931 3161 1566
959 3126 1105 3160 Romam
1133 3125 1348 3165 advenerat;
1376 3125 1458 3159 vide
1483 3137 1589 3171 supra
1618 3137 1651 3170 p.
1682 3126 1759 3160 167.

196 3184 207 3201 ⁴
234 3182 364 3216 Ioanne
391 3194 460 3216 von
487 3183 548 3216 der
575 3182 704 3226 Leyen.
