2045 3471
193 202 275 243 728
681 200 774 235 Mon.
794 201 862 236 794
887 200 966 235 sive
991 201 1029 235 it.
1050 201 1115 244 (1).
1156 202 1211 235 16.
1230 200 1331 235 Febr.
1353 201 1454 236 1565.

309 317 474 352 canisius
501 318 555 352 21.
584 318 670 352 Maii
696 318 886 360 Monachii,
916 319 971 353 12.
998 319 1089 352 Iunii
1116 319 1281 361 Dilingae.
1307 319 1396 359 fuit;
1433 319 1525 360 inde,
1561 330 1640 353 cum
1671 320 1832 354 15.—20.
1858 320 1949 354 Iunii

188 370 324 414 synodo
350 370 575 405 interfuisset
613 371 661 412 (V.
690 383 798 416 supra
823 383 857 416 p.
883 372 952 406 493
979 372 1047 406 495
1075 372 1172 415 635),
1199 372 1255 405 die
1290 372 1346 406 22.
1374 370 1433 405 vel
1459 383 1528 405 uno
1556 383 1600 405 ex
1626 372 1799 416 proximis
1826 372 1950 407 diebus

188 423 231 457 ad
259 423 444 468 episcopos
470 423 754 468 herbipolensem
784 427 819 458 et
845 427 1177 468 argentoratensem
1203 425 1387 469 profect-us
1414 426 1487 459 est:
1525 436 1636 469 quare
1662 425 1857 459 verisimile
1884 428 1949 468 est,

188 487 269 510 eum
294 476 440 511 ineunte
466 488 510 511 m.
538 478 638 511 Iunio
664 478 875 521 Ingolstadii
903 477 1025 512 fuisse.

189 614 257 650 Su
284 561 359 651 81ἒὲ
383 547 693 609 ingolstadiensia
718 562 809 599 haec
835 564 1068 599 monumenta
1095 563 1266 609 spectant-
1303 562 1417 598 etiam
1445 562 1570 610 aliqua
1596 563 1742 600 ratione
1768 574 1861 601 mon.
1882 565 1947 601 799

1051 739 1094 780 F.

509 827 961 870 MONIJMENTA
996 827 1305 869 ITALICA
1339 826 1634 870 CANISII.

187 935 293 971 794
319 937 396 971 sive
422 935 484 972 it.
505 936 595 981 (l).
669 935 717 971 16.
736 935 930 971 Februarii
958 935 1048 971 1565.

306 1024 359 1057 Ex
387 1024 594 1069 archetypo,
621 1025 665 1058 ab
692 1025 769 1069 ipso
797 1023 969 1058 cardinali
996 1023 1210 1068 subscripto.
1258 1024 1367 1069 „Epp
1387 1023 1516 1058 Cardd.
1543 1025 1578 1058 Γι
1603 1025 1870 1069 (1562-1596)
1894 1026 1946 1060 14.

186 1075 374 1120 Epistulae
400 1079 539 1122 partem
565 1078 735 1111 maiorem
763 1077 823 1119 (ab
850 1077 951 1110 initio
977 1088 1090 1120 nsque
1116 1077 1160 1110 ad
1192 1077 1280 1119 „Per
1306 1078 1341 1111 13
1368 1078 1453 1121 qual
1479 1078 1581 1112 cosa“
1604 1081 1672 1112 etc.
1700 1079 1806 1121 excl.)
1836 1079 1947 1113 latine

185 1141 329 1163 versam
355 1131 473 1175 posuit
500 1131 707 1173 Sacclzimts,
735 1130 819 1164 Can.
847 1131 1046 1164 als—219.
1090 1130 1144 1163 Ex
1172 1130 1345 1164 Sacchino
1372 1133 1493 1175 partes
1519 1131 1596 1165 eius
1621 1132 1861 1176 transcriptae
1888 1144 1947 1166 ex-

185 1184 285 1216 stant
309 1184 345 1216 in
370 1183 491 1217 libello
521 1185 583 1225 „R
613 1185 650 1217 P.
678 1184 798 1217 Petrvs
827 1183 990 1217 Canisirs
1017 1210 1022 1216 .
1045 1211 1049 1216 .
1071 1211 1077 1217 .
1107 1183 1232 1227 elogiis
1259 1184 1471 1226 Magnorum
1499 1184 1657 1218 virorum
1684 1185 1833 1219 mirifice
1867 1185 1948 1219 illu-

185 1237 339 1270 stratus·‘
374 1236 555 1280 (Friburgi
582 1236 686 1271 Helv.
716 1237 822 1280 1656)
851 1236 874 1270 f.
902 1237 933 1269 A
951 1236 1075 1270 52—A
1096 1237 1146 1274 6³,
1185 1238 1220 1269 et
1246 1237 1339 1281 apud
1368 1238 1532 1281 Doriyny
1562 1237 1736 1281 (gallice),
1772 1239 1947 1282 Palicani

185 1291 221 1322 et
246 1290 361 1323 Boero
391 1290 555 1332 (italice),
590 1291 691 1323 Riess
727 1289 976 1332 (germanice).
1032 1289 1203 1323 Maiorem
1240 1290 1416 1334 epistulae
1451 1293 1591 1334 partem
1626 1292 1745 1335 posuit
1781 1290 1944 1335 (gallice)

186 1343 315 1376 Michet
350 1342 372 1376 l.
399 1354 429 1377 c.
457 1343 654 1377 291-292.
707 1343 838 1377 Eadem
875 1354 961 1376 usus
997 1354 1074 1376 511111
1112 1343 1146 1376 111
1175 1342 1389 1386 ,,811’φ11111ωι“
1417 1343 1440 1377 l.
1468 1355 1497 1378 c.
1526 1344 1588 1384 60;
1626 1355 1713 1378 usus
1748 1347 1803 1378 est
1838 1345 1944 1379 etiam

189 1396 323 1429 Gara-ia
343 1396 365 1430 l.
385 1408 413 1430 c.
433 1396 631 1430 238—239.
676 1396 821 1440 Integra
848 1395 1000 1439 denique
1019 1395 1171 1439 epistula
1192 1407 1236 1429 ex
1255 1396 1453 1441 archetypo
1472 1396 1623 1439 vulgata
1642 1399 1697 1430 est
1715 1398 1749 1431 in
1772 1397 1946 1440 „Sanctus

185 1448 398 1483 Franciscus
423 1450 595 1494 Boryias‘
626 1449 687 1489 ΙΙΙ,
715 1450 854 1483 Mati-iti
883 1448 985 1489 1908,
1014 1449 1212 1483 748—750.

308 1532 383 1565 Otto
409 1532 607 1564 cardinalis
625 1533 856 1574 Aayastatms
883 1532 919 1565 S.
938 1532 1172 1564 Francis-cam
1202 1532 1370 1574 Boryiam
1397 1536 1532 1564 monet:
1559 1533 1601 1565 In
1625 1533 1819 1565 Germania
1842 1534 1945 1576 priu-

186 1585 320 1628 cipibas
354 1585 535 1618 catholicis
562 1586 675 1628 pauci
704 1590 849 1627 praesto
883 1589 964 1617 sunt
999 1585 1158 1627 theoloqz',
1197 1586 1235 1617 in
1270 1585 1397 1627 quibas
1432 1588 1461 1617 et
1495 1586 1660 1618 electrina
1699 1590 1728 1618 et
1764 1587 1946 1629 reliye'onis

183 1639 343 1671 studium
367 1639 449 1671 sint.
499 1639 688 1671 Eiusmodi
713 1643 830 1670 tamen
856 1638 1050 1681 theologum
1080 1638 1244 1670 Canis-ius
1280 1648 1314 1670 sc
1335 1639 1526 1681 praestitit,
1562 1639 1715 1671 nectxime
1742 1640 1777 1671 in
1806 1641 1947 1682 imperii

186 1691 345 1724 comitiis.
402 1691 487 1723 Cam
513 1696 628 1724 citatem
655 1691 847 1724 timendum
872 1692 929 1733 sit,
971 1702 1011 1723 ne
1036 1692 1075 1723 in
1095 1692 1277 1733 proximis
1303 1692 1453 1723 comitiis
1479 1702 1556 1723 cnm
1579 1693 1856 1734 protestantibus
1881 1693 1947 1725 ali-

186 1744 247 1786 qui
272 1745 376 1777 etiam
394 1744 558 1777 catholici
583 1744 630 1776 ad
655 1744 741 1786 leyes
764 1745 924 1777 ecclesiae
941 1744 1183 1777 convellendas
1207 1755 1242 1776 se
1268 1745 1429 1787 2'2tnycc›2t,
1460 1745 1628 1777 Canisias
1646 1755 1718 1787 pro
1737 1747 1948 1778 (tecctorz'tate

183 1807 332 1840 satnma,
360 1807 428 1839 (scta
456 1798 553 1840 apud
576 1798 758 1839 principes
782 1797 881 1839 valet,
912 1797 1135 1830 utilissimam
1162 1798 1200 1829 in
1228 1797 1378 1829 comitiis
1403 1808 1546 1839 operam
1567 1798 1774 1840 praestabit.
1830 1800 1948 1839 Quare

185 1861 262 1884 eam
287 1851 437 1883 Romam
464 1851 511 1883 ad
530 1851 730 1892 praepositi
756 1851 952 1883 electionem
973 1850 1156 1893 proficisci
1183 1861 1250 1883 non
1279 1851 1426 1892 expedit.

306 1935 450 1976 Mense
482 1935 717 1975 Februario
751 1949 789 1976 a.
816 1937 930 1976 1:365
968 1934 1089 1987 fama
1134 1939 1236 1986 erat,
1275 1936 1468 1988 proximo
1501 1949 1553 1977 m.
1580 1935 1697 1975 Maio
1730 1937 1947 1989 Auyustae

184 2000 350 2040 comitia
382 2000 551 2053 imperii
583 2000 772 2040 habitum
808 2001 863 2040 iri
896 1998 1008 2049 (victe
1050 2014 1182 2053 snpra
1211 2013 1254 2052 p.
1280 1999 1382 2050 1²7),·
1424 2000 1563 2040 eodem
1603 2014 1741 2041 mense
1777 2000 1948 2041 Canisio

182 2064 366 2105 traditae
398 2069 495 2105 sunt
517 2065 680 2105 litterae
702 2065 848 2105 Sancti
871 2064 1094 2106 Francisci
1117 2065 1168 2105 cle
1190 2064 1364 2118 Boryia,
1398 2065 1550 2105 vicarii
1577 2067 1788 2118 ¹qeneralis
1811 2067 1946 2107 Socie-

182 2130 281 2170 tatc's
303 2129 412 2182 Iesu7
437 2130 588 2183 quibus
611 2130 828 2171 Societatis
851 2131 1113 2184 conqregsatio
1134 2131 1345 2184 yerzeralis
1368 2130 1463 2170 novi·
1483 2131 1716 2183 praepositi
1738 2132 1947 2185 yrenei-alis

183 2194 363 2249 eliyemli
400 2195 545 2248 qratia
580 2193 736 2235 Romae
777 2194 973 2235 habenda
1007 2209 1136 2249 eaque
1168 2195 1244 2235 sab
1279 2195 1433 2235 exitum
1466 2208 1519 2235 m.
1547 2194 1666 2235 Iunii
1705 2196 1947 2236 ‘incolzanda

185 2259 452 2299 indicebatur
483 2258 598 2309 (vide
632 2260 737 2300 Gan.
761 2259 828 2299 JV
860 2260 1124 2311 787—789).
1190 2260 1283 2311 Qua
1317 2274 1360 2300 re
1393 2261 1558 2313 cofflzita
1593 2259 1682 2300 Otto
1721 2260 1946 2301 Truclzsess

184 2324 422 2365 cardinalis
456 2329 490 2364 et
523 2325 737 2377 episcopus
770 2325 1012 2365 albanensis
1045 2329 1081 2365 et
1114 2329 1377 2378 auyustanus
1409 2324 1588 2379 Dilinya
1622 2326 1689 2365 16.
1716 2324 1947 2366 Februarii

184 2391 297 2430 1565
330 2390 507 2430 Romam
541 2389 598 2429 acl
629 2390 671 2430 S.
697 2389 976 2430 Franciscum
998 2389 1203 2443 Boi-qiam
1235 2390 1424 2443 scripsit:
1456 2389 1492 2429 Il
1514 2388 1654 2430 Padre
1687 2389 1855 2430 Canisio
1887 2389 1946 2430 mi

183 2452 238 2494 113
280 2453 391 2495 fatto
432 2466 585 2507 sapere
627 2453 665 2494 d'
691 2456 820 2495 esser'
852 2456 969 2496 stato
1009 2453 1224 2495 chiamato
1268 2467 1346 2494 con
1389 2453 1532 2494 alcuni
1564 2454 1664 2495 altri
1696 2454 1826 2495 Padri
1858 2454 1946 2495 alla

184 2517 404 2559 Elettione
446 2517 514 2559 del
556 2531 668 2559 nouo
712 2518 923 2560 Generale
948 2518 1009 2559 :il
1053 2518 1130 2560 che
1172 2531 1219 2559 se
1260 2518 1352 2559 ben’
1377 2518 1412 2559 si
1446 2518 1554 2559 deue
1595 2518 1774 2560 stimare
1812 2520 1944 2560 esser'

183 2583 299 2623 stato
333 2583 532 2624 concluso
567 2596 645 2624 con
677 2586 847 2625 maturo
881 2583 1062 2636 giuditio
1097 2586 1140 2625 et
1172 2583 1383 2636 prudente
1415 2582 1679 2625 resolutione
1707 2583 1882 2624 sicondo
1914 2582 1944 2624 il

184 2648 388 2696 costume,
431 2661 516 2688 non
557 2647 597 2688 di
639 2662 764 2689 meno
798 2648 841 2689 in
873 2648 937 2690 tal
975 2661 1089 2696 caso,
1132 2661 1217 2689 non
1249 2647 1307 2688 mi
1338 2650 1429 2701 par’
1454 2648 1619 2689 lassare
1653 2647 1694 2688 di
1727 2647 1946 2690 aunei-tire

184 2708 235 2751 V.
260 2710 304 2752 P.
328 2710 585 2753 Reuerenda
618 2712 695 2753 che
736 2713 765 2753 li
798 2712 986 2766 Principi
1020 2712 1229 2754 Catholici
1271 2712 1313 2754 di
1346 2726 1430 2764 qua
1463 2712 1496 2753 si
1539 2714 1721 2753 trouono
1764 2726 1943 2765 apresso

183 2773 306 2825 pochi
338 2774 544 2828 Theologi
577 2776 654 2818 che
687 2791 765 2818 con
799 2777 841 2818 13
874 2777 1067 2819 dottrina
1098 2776 1285 2818 habbino
1319 2776 1551 2829 congiunto
1583 2776 1612 2817 il
1646 2777 1757 2818 buon
1790 2776 1943 2830 spirito

185 2838 229 2877 et
260 2838 457 2881 feruente
488 2840 579 2882 zelo
612 2854 738 2883 uerso
771 2842 814 2883 13
836 2841 1061 2893 Religione
1094 2841 1137 2881 in
1170 2841 1295 2882 modo
1329 2841 1406 2882 che
1430 2841 1513 2882 alle
1538 2855 1792 2883 occorrenze
1816 2841 1942 2894 graui

186 2903 230 2941 et
271 2901 524 2955 importanti
565 2904 683 2946 516110
726 2905 806 2947 atti
851 2908 894 2947 et
932 2906 1112 2959 disposti
1155 2906 1221 2947 ad’
1252 2906 1430 2947 animar'
1465 2905 1574 2948 detti
1606 2905 1790 2958 Principi
1833 2907 1878 2947 et
1918 2920 1945 2947 3

185 2978 310 3016 porre
341 2966 511 3008 innanzi
545 2969 643 3020 quel
676 2969 753 3011 che
787 2973 809 3011 6
841 2984 942 3011 uero
976 2970 1154 3012 seruitio
1188 2973 1233 3012 et
1272 2970 1433 3011 honore
1466 2970 1579 3012 della
1617 2973 1743 3011 santa
1775 2970 1941 3011 Ohiesa.

186 3041 305 3070 601116
351 3031 385 3070 51
429 3045 477 3072 53
519 3032 595 3073 0116
638 3032 682 3074 fa
724 3033 753 3074 il
795 3034 934 3076 Padre
969 3035 1161 3076 Canisio:
1205 3035 1263 3076 Et
1304 3034 1344 3076 io
1386 3035 1440 3076 ho
1482 3036 1665 3088 prouato
1706 3034 1748 3075 in
1790 3048 1857 3075 me
1899 3037 1945 3075 et

186 3094 430 3135 conosciuto
462 3096 505 3136 in
539 3097 660 3139 molti
693 3098 793 3140 altri
826 3098 1012 3152 Principi
1046 3113 1125 3140 con
1157 3102 1320 3152 quanto
1353 3099 1520 3150 ardore,
1564 3098 1733 3140 charita
1770 3102 1814 3141 et
1846 3099 1942 3140 dot-

185 3154 297 3198 trina
333 3158 568 3200 christiana
600 3174 695 3201 esso
719 3161 887 3203 Canisio
921 3163 1048 3204 habbi
1081 3177 1206 3216 speso
1240 3164 1270 3204 il
1302 3178 1378 3205 suo
1411 3164 1578 3206 talento
1601 3163 1802 3204 massime
1830 3163 1943 3204 nelle
