<?xml version="1.0" encoding="UTF-8"?>
<!DOCTYPE html PUBLIC "-//W3C//DTD XHTML 1.0 Transitional//EN"
    "http://www.w3.org/TR/xhtml1/DTD/xhtml1-transitional.dtd">
<html xmlns="http://www.w3.org/1999/xhtml" xml:lang="en" lang="en">
 <head>
  <title>
</title>
<meta http-equiv="Content-Type" content="text/html;charset=utf-8" />
  <meta name='ocr-system' content='tesseract 3.04.00' />
  <meta name='ocr-capabilities' content='ocr_page ocr_carea ocr_par ocr_line ocrx_word'/>
</head>
<body>
  <div class='ocr_page' id='page_1' title='image "beatipetricanisi05cani_0221.png"; bbox 0 0 2077 3461; ppageno 0'>
   <div class='ocr_carea' id='block_1_1' title="bbox 638 192 1824 234">
    <p class='ocr_par' dir='ltr' id='par_1_1' title="bbox 638 192 1824 234">
     <span class='ocr_line' id='line_1_1' title="bbox 638 192 1824 234; baseline -0.009 0"><span class='ocrx_word' id='word_1_1' title='bbox 638 199 783 234; x_wconf 87' lang='lat' dir='ltr'><em>Colonia</em></span> <span class='ocrx_word' id='word_1_2' title='bbox 810 198 866 233; x_wconf 84' lang='lat'><em>21.</em></span> <span class='ocrx_word' id='word_1_3' title='bbox 893 197 951 231; x_wconf 83' lang='lat' dir='ltr'><em>vel</em></span> <span class='ocrx_word' id='word_1_4' title='bbox 978 197 1033 231; x_wconf 82' lang='lat'><em>22.</em></span> <span class='ocrx_word' id='word_1_5' title='bbox 1052 195 1142 230; x_wconf 78' lang='lat' dir='ltr'>Nov.</span> <span class='ocrx_word' id='word_1_6' title='bbox 1164 195 1264 229; x_wconf 83' lang='lat'>1565.</span> <span class='ocrx_word' id='word_1_7' title='bbox 1744 192 1824 234; x_wconf 85' lang='lat'><em>135</em></span> 
     </span>
    </p>
   </div>
   <div class='ocr_carea' id='block_1_2' title="bbox 66 309 1828 844">
    <p class='ocr_par' dir='ltr' id='par_1_2' title="bbox 66 309 1828 844">
     <span class='ocr_line' id='line_1_2' title="bbox 74 309 1828 364; baseline -0.007 -9"><span class='ocrx_word' id='word_1_8' title='bbox 74 323 314 364; x_wconf 72' lang='lat' dir='ltr'><em>Confinentiae</em></span> <span class='ocrx_word' id='word_1_9' title='bbox 334 321 488 363; x_wconf 66' lang='lat' dir='ltr'><em>promisi</em></span> <span class='ocrx_word' id='word_1_10' title='bbox 506 345 512 353; x_wconf 93' lang='lat'><em>.</em></span> <span class='ocrx_word' id='word_1_11' title='bbox 533 320 681 353; x_wconf 74' lang='lat' dir='ltr'><em>Summa</em></span> <span class='ocrx_word' id='word_1_12' title='bbox 711 319 748 350; x_wconf 78' lang='lat' dir='ltr'><em>in</em></span> <span class='ocrx_word' id='word_1_13' title='bbox 776 328 813 350; x_wconf 82' lang='lat' dir='ltr'><em>eo</em></span> <span class='ocrx_word' id='word_1_14' title='bbox 839 322 896 359; x_wconf 75' lang='lat' dir='ltr'><em>esf,</em></span> <span class='ocrx_word' id='word_1_15' title='bbox 928 321 966 349; x_wconf 66' lang='lat' dir='ltr'><em>ut</em></span> <span class='ocrx_word' id='word_1_16' title='bbox 993 316 1029 348; x_wconf 80' lang='lat' dir='ltr'><em>S.</em></span> <span class='ocrx_word' id='word_1_17' title='bbox 1049 316 1093 348; x_wconf 84' lang='lat' dir='ltr'>I).</span> <span class='ocrx_word' id='word_1_18' title='bbox 1113 314 1158 348; x_wconf 76' lang='lat' dir='ltr'><em>N.</em></span> <span class='ocrx_word' id='word_1_19' title='bbox 1186 325 1260 346; x_wconf 82' lang='lat' dir='ltr'><em>cum</em></span> <span class='ocrx_word' id='word_1_20' title='bbox 1289 313 1353 345; x_wconf 75' lang='lat' dir='ltr'><em>hoc</em></span> <span class='ocrx_word' id='word_1_21' title='bbox 1379 312 1651 354; x_wconf 72' lang='lat' dir='ltr'><em>Archiepiscopo</em></span> <span class='ocrx_word' id='word_1_22' title='bbox 1674 309 1828 353; x_wconf 64' lang='lat' dir='ltr'><em>(fratiose</em></span> 
     </span>
     <span class='ocr_line' id='line_1_3' title="bbox 69 366 1827 418; baseline -0.008 -10"><span class='ocrx_word' id='word_1_23' title='bbox 69 377 259 418; x_wconf 76' lang='lat' dir='ltr'><em>dispenset,</em></span> <span class='ocrx_word' id='word_1_24' title='bbox 294 374 506 416; x_wconf 71' lang='lat' dir='ltr'><em>ueniamque</em></span> <span class='ocrx_word' id='word_1_25' title='bbox 537 372 692 414; x_wconf 75' lang='lat' dir='ltr'><em>tribuat,</em></span> <span class='ocrx_word' id='word_1_26' title='bbox 729 371 822 414; x_wconf 75' lang='lat' dir='ltr'><em>quod</em></span> <span class='ocrx_word' id='word_1_27' title='bbox 852 370 1021 402; x_wconf 65' lang='lat' dir='ltr'><em>hacteuus</em></span> <span class='ocrx_word' id='word_1_28' title='bbox 1046 378 1155 410; x_wconf 75' lang='lat' dir='ltr'><em>mque</em></span> <span class='ocrx_word' id='word_1_29' title='bbox 1179 366 1395 399; x_wconf 71' lang='lat' dir='ltr'><em>sacerdotale</em></span> <span class='ocrx_word' id='word_1_30' title='bbox 1420 375 1569 406; x_wconf 76' lang='lat' dir='ltr'><em>munus,</em></span> <span class='ocrx_word' id='word_1_31' title='bbox 1604 374 1714 406; x_wconf 73' lang='lat' dir='ltr'><em>neque</em></span> <span class='ocrx_word' id='word_1_32' title='bbox 1748 372 1827 395; x_wconf 81' lang='lat' dir='ltr'><em>con-</em></span> 
     </span>
     <span class='ocr_line' id='line_1_4' title="bbox 67 417 1827 470; baseline -0.009 -8"><span class='ocrx_word' id='word_1_33' title='bbox 67 428 298 462; x_wconf 74' lang='lat' dir='ltr'><em>secrationem</em></span> <span class='ocrx_word' id='word_1_34' title='bbox 323 425 566 470; x_wconf 74' lang='lat' dir='ltr'><em>Epz&#39;scopalem</em></span> <span class='ocrx_word' id='word_1_35' title='bbox 593 424 796 466; x_wconf 76' lang='lat' dir='ltr'><strong><em>susceperit.</em></strong></span> <span class='ocrx_word' id='word_1_36' title='bbox 850 424 926 464; x_wconf 75' lang='lat' dir='ltr'><em>Qua</em></span> <span class='ocrx_word' id='word_1_37' title='bbox 953 423 992 454; x_wconf 80' lang='lat' dir='ltr'><em>in</em></span> <span class='ocrx_word' id='word_1_38' title='bbox 1018 432 1057 455; x_wconf 84' lang='lat' dir='ltr'><em>re</em></span> <span class='ocrx_word' id='word_1_39' title='bbox 1082 431 1151 453; x_wconf 80' lang='lat' dir='ltr'><em>non</em></span> <span class='ocrx_word' id='word_1_40' title='bbox 1176 429 1295 462; x_wconf 73' lang='lat' dir='ltr'><em>pauca</em></span> <span class='ocrx_word' id='word_1_41' title='bbox 1323 429 1383 450; x_wconf 80' lang='lat' dir='ltr'><em>nec</em></span> <span class='ocrx_word' id='word_1_42' title='bbox 1409 418 1504 450; x_wconf 77' lang='lat' dir='ltr'><em>leuia</em></span> <span class='ocrx_word' id='word_1_43' title='bbox 1529 417 1696 459; x_wconf 73' lang='lat' dir='ltr'><em>proferre</em></span> <span class='ocrx_word' id='word_1_44' title='bbox 1716 419 1827 459; x_wconf 76' lang='lat' dir='ltr'><em>potest</em></span> 
     </span>
     <span class='ocr_line' id='line_1_5' title="bbox 69 471 1827 524; baseline -0.007 -10"><span class='ocrx_word' id='word_1_45' title='bbox 69 482 335 524; x_wconf 64' lang='lat' dir='ltr'><em>impedimenta,</em></span> <span class='ocrx_word' id='word_1_46' title='bbox 372 490 461 522; x_wconf 76' lang='lat' dir='ltr'><em>quae</em></span> <span class='ocrx_word' id='word_1_47' title='bbox 496 489 591 511; x_wconf 79' lang='lat' dir='ltr'><em>nunc</em></span> <span class='ocrx_word' id='word_1_48' title='bbox 625 481 778 520; x_wconf 71' lang='lat' dir='ltr'><em>repetere</em></span> <span class='ocrx_word' id='word_1_49' title='bbox 813 487 945 509; x_wconf 75' lang='lat' dir='ltr'><em>necesse</em></span> <span class='ocrx_word' id='word_1_50' title='bbox 976 485 1047 508; x_wconf 72' lang='lat' dir='ltr'><em>nonv</em></span> <span class='ocrx_word' id='word_1_51' title='bbox 1082 477 1140 507; x_wconf 79' lang='lat' dir='ltr'><em>est.</em></span> <span class='ocrx_word' id='word_1_52' title='bbox 1194 472 1329 505; x_wconf 75' lang='lat' dir='ltr'><em>Deinde</em></span> <span class='ocrx_word' id='word_1_53' title='bbox 1358 475 1471 513; x_wconf 57' lang='grc' dir='ltr'><em>νομαί,</em></span> <span class='ocrx_word' id='word_1_54' title='bbox 1507 475 1545 503; x_wconf 78' lang='lat' dir='ltr'><em>ut</em></span> <span class='ocrx_word' id='word_1_55' title='bbox 1571 471 1780 512; x_wconf 44' lang='lat' dir='ltr'><em>‘impetretur</em></span> <span class='ocrx_word' id='word_1_56' title='bbox 1805 479 1827 501; x_wconf 87' lang='lat' dir='ltr'><em>a</em></span> 
     </span>
     <span class='ocr_line' id='line_1_6' title="bbox 70 522 1828 576; baseline -0.008 -8"><span class='ocrx_word' id='word_1_57' title='bbox 70 535 106 568; x_wconf 89' lang='lat' dir='ltr'><em>S.</em></span> <span class='ocrx_word' id='word_1_58' title='bbox 133 535 178 568; x_wconf 90' lang='lat' dir='ltr'><em>D.</em></span> <span class='ocrx_word' id='word_1_59' title='bbox 204 535 250 568; x_wconf 71' lang='lat' dir='ltr'><em>N.</em></span> <span class='ocrx_word' id='word_1_60' title='bbox 275 533 443 576; x_wconf 77' lang='lat' dir='ltr'><em>facultas,</em></span> <span class='ocrx_word' id='word_1_61' title='bbox 479 531 772 564; x_wconf 72' lang='lat' dir='ltr'><em>consecrationem</em></span> <span class='ocrx_word' id='word_1_62' title='bbox 802 528 1000 572; x_wconf 60' lang='grc' dir='ltr'><em>Ρρναρεηᾱί</em></span> <span class='ocrx_word' id='word_1_63' title='bbox 1023 538 1092 570; x_wconf 76' lang='lat' dir='ltr'><em>per</em></span> <span class='ocrx_word' id='word_1_64' title='bbox 1117 536 1203 569; x_wconf 77' lang='lat' dir='ltr'><em>quos</em></span> <span class='ocrx_word' id='word_1_65' title='bbox 1228 526 1301 568; x_wconf 72' lang='lat' dir='ltr'><em>ipse</em></span> <span class='ocrx_word' id='word_1_66' title='bbox 1327 524 1422 567; x_wconf 76' lang='lat' dir='ltr'><em>uelit,</em></span> <span class='ocrx_word' id='word_1_67' title='bbox 1448 524 1654 566; x_wconf 72' lang='lat' dir='ltr'><em>Episcopos,</em></span> <span class='ocrx_word' id='word_1_68' title='bbox 1690 522 1828 555; x_wconf 70' lang='lat' dir='ltr'><em>etiamsi</em></span> 
     </span>
     <span class='ocr_line' id='line_1_7' title="bbox 69 576 1827 628; baseline -0.009 -7"><span class='ocrx_word' id='word_1_69' title='bbox 69 598 139 620; x_wconf 77' lang='lat' dir='ltr'><em>non</em></span> <span class='ocrx_word' id='word_1_70' title='bbox 164 588 235 620; x_wconf 73' lang='lat' dir='ltr'><em>sint</em></span> <span class='ocrx_word' id='word_1_71' title='bbox 262 586 497 628; x_wconf 70' lang='lat' dir='ltr'><em>Suffrayctnei</em></span> <span class='ocrx_word' id='word_1_72' title='bbox 514 584 689 617; x_wconf 76' lang='lat' dir='ltr'><em>Ecclesiae</em></span> <span class='ocrx_word' id='word_1_73' title='bbox 712 581 973 623; x_wconf 59' lang='lat' dir='ltr'><em>Tren12renffl‘31,</em></span> <span class='ocrx_word' id='word_1_74' title='bbox 999 585 1031 613; x_wconf 70' lang='lat' dir='ltr'><em>vt</em></span> <span class='ocrx_word' id='word_1_75' title='bbox 1054 582 1266 622; x_wconf 65' lang='lat' dir='ltr'><em>praetereaa</em></span> <span class='ocrx_word' id='word_1_76' title='bbox 1291 578 1391 611; x_wconf 80' lang='lat' dir='ltr'><em>locus</em></span> <span class='ocrx_word' id='word_1_77' title='bbox 1416 576 1690 609; x_wconf 57' lang='lat' dir='ltr'><em>consecrationis·</em></span> <span class='ocrx_word' id='word_1_78' title='bbox 1714 576 1827 617; x_wconf 68' lang='lat' dir='ltr'><em>ipsius</em></span> 
     </span>
     <span class='ocr_line' id='line_1_8' title="bbox 68 629 1827 682; baseline -0.007 -9"><span class='ocrx_word' id='word_1_79' title='bbox 68 641 221 674; x_wconf 73' lang='lat' dir='ltr'><em>arbitrio</em></span> <span class='ocrx_word' id='word_1_80' title='bbox 256 640 493 682; x_wconf 73' lang='lat' dir='ltr'><em>relinquatur.</em></span> <span class='ocrx_word' id='word_1_81' title='bbox 544 638 624 670; x_wconf 76' lang='lat' dir='ltr'><em>Huc</em></span> <span class='ocrx_word' id='word_1_82' title='bbox 660 636 920 679; x_wconf 69' lang='lat' dir='ltr'><em>dispensatione</em></span> <span class='ocrx_word' id='word_1_83' title='bbox 954 635 1143 676; x_wconf 77' lang='lat' dir='ltr'><em>impetrata</em></span> <span class='ocrx_word' id='word_1_84' title='bbox 1179 642 1246 665; x_wconf 73' lang='lat' dir='ltr'><em>non</em></span> <span class='ocrx_word' id='word_1_85' title='bbox 1285 632 1423 673; x_wconf 77' lang='lat' dir='ltr'><em>differet</em></span> <span class='ocrx_word' id='word_1_86' title='bbox 1459 630 1506 661; x_wconf 77' lang='lat' dir='ltr'><em>ad</em></span> <span class='ocrx_word' id='word_1_87' title='bbox 1530 629 1763 661; x_wconf 70' lang='lat' dir='ltr'><em>sacerdotium</em></span> <span class='ocrx_word' id='word_1_88' title='bbox 1798 632 1827 660; x_wconf 73' lang='lat' dir='ltr'><em>et</em></span> 
     </span>
     <span class='ocr_line' id='line_1_9' title="bbox 67 682 1826 735; baseline -0.007 -8"><span class='ocrx_word' id='word_1_89' title='bbox 67 695 360 727; x_wconf 74' lang='lat' dir='ltr'><em>consecrationem</em></span> <span class='ocrx_word' id='word_1_90' title='bbox 391 691 594 735; x_wconf 71' lang='lat' dir='ltr'><em>procedere,</em></span> <span class='ocrx_word' id='word_1_91' title='bbox 630 690 736 732; x_wconf 58' lang='lat' dir='ltr'><em>«idque</em></span> <span class='ocrx_word' id='word_1_92' title='bbox 759 690 912 731; x_wconf 73' lang='lat' dir='ltr'><em>fortasse</em></span> <span class='ocrx_word' id='word_1_93' title='bbox 938 689 1120 730; x_wconf 70' lang='lat' dir='ltr'><em>Azcyustae</em></span> <span class='ocrx_word' id='word_1_94' title='bbox 1145 685 1226 727; x_wconf 78' lang='lat' dir='ltr'><em>fieri</em></span> <span class='ocrx_word' id='word_1_95' title='bbox 1245 689 1362 727; x_wconf 70' lang='lat' dir='ltr'><em>posset</em></span> <span class='ocrx_word' id='word_1_96' title='bbox 1389 709 1397 716; x_wconf 89' lang='lat'><em>.</em></span> <span class='ocrx_word' id='word_1_97' title='bbox 1424 682 1501 716; x_wconf 89' lang='lat' dir='ltr'><em>Hoc</em></span> <span class='ocrx_word' id='word_1_98' title='bbox 1525 682 1698 724; x_wconf 69' lang='lat' dir='ltr'><em>neyotinm</em></span> <span class='ocrx_word' id='word_1_99' title='bbox 1725 691 1826 723; x_wconf 72' lang='lat' dir='ltr'><em>spero</em></span> 
     </span>
     <span class='ocr_line' id='line_1_10' title="bbox 67 733 1826 786; baseline -0.009 -6"><span class='ocrx_word' id='word_1_100' title='bbox 67 747 168 780; x_wconf 72' lang='lat' dir='ltr'><em>cordi</em></span> <span class='ocrx_word' id='word_1_101' title='bbox 193 747 258 779; x_wconf 77' lang='lat' dir='ltr'><em>erit</em></span> <span class='ocrx_word' id='word_1_102' title='bbox 288 745 499 779; x_wconf 75' lang='lat' dir='ltr'><em>Celsz&#39;tudim&#39;</em></span> <span class='ocrx_word' id='word_1_103' title='bbox 523 748 615 786; x_wconf 74' lang='lat' dir='ltr'><em>tuae,</em></span> <span class='ocrx_word' id='word_1_104' title='bbox 651 753 739 786; x_wconf 77' lang='lat' dir='ltr'><em>quae</em></span> <span class='ocrx_word' id='word_1_105' title='bbox 773 742 840 774; x_wconf 79' lang='lat' dir='ltr'><em>hac</em></span> <span class='ocrx_word' id='word_1_106' title='bbox 873 741 1014 774; x_wconf 74' lang='lat' dir='ltr'><em>ratione</em></span> <span class='ocrx_word' id='word_1_107' title='bbox 1048 749 1215 782; x_wconf 70' lang='lat' dir='ltr'><em>mctynam</em></span> <span class='ocrx_word' id='word_1_108' title='bbox 1250 737 1355 770; x_wconf 60' lang='lat' dir='ltr'><em>inibit</em></span> <span class='ocrx_word' id='word_1_109' title='bbox 1387 736 1545 779; x_wconf 69' lang='lat' dir='ltr'><em>qratiam</em></span> <span class='ocrx_word' id='word_1_110' title='bbox 1577 735 1675 777; x_wconf 77' lang='lat' dir='ltr'><em>apud</em></span> <span class='ocrx_word' id='word_1_111' title='bbox 1700 733 1826 767; x_wconf 73' lang='lat' dir='ltr'><em>Archi-</em></span> 
     </span>
     <span class='ocr_line' id='line_1_11' title="bbox 66 790 1117 844; baseline -0.008 -11"><span class='ocrx_word' id='word_1_112' title='bbox 66 801 275 844; x_wconf 62' lang='lat' dir='ltr'><em>episcopum,</em></span> <span class='ocrx_word' id='word_1_113' title='bbox 303 800 365 842; x_wconf 77' lang='lat' dir='ltr'><em>qui</em></span> <span class='ocrx_word' id='word_1_114' title='bbox 390 799 541 831; x_wconf 74' lang='lat' dir='ltr'><em>vicissim</em></span> <span class='ocrx_word' id='word_1_115' title='bbox 568 797 609 829; x_wconf 78' lang='lat' dir='ltr'><em>cle</em></span> <span class='ocrx_word' id='word_1_116' title='bbox 634 796 699 828; x_wconf 76' lang='lat' dir='ltr'><em>illa</em></span> <span class='ocrx_word' id='word_1_117' title='bbox 726 795 806 828; x_wconf 78' lang='lat' dir='ltr'><em>bene</em></span> <span class='ocrx_word' id='word_1_118' title='bbox 831 795 962 827; x_wconf 75' lang='lat' dir='ltr'><em>mereri</em></span> <span class='ocrx_word' id='word_1_119' title='bbox 988 790 1117 836; x_wconf 66' lang='lat' dir='ltr'><em>cupitf‘</em></span> 
     </span>
    </p>
   </div>
   <div class='ocr_carea' id='block_1_3' title="bbox 60 860 1827 2980">
    <p class='ocr_par' dir='ltr' id='par_1_3' title="bbox 64 860 1827 1495">
     <span class='ocr_line' id='line_1_12' title="bbox 186 860 1826 910; baseline -0.009 -1"><span class='ocrx_word' id='word_1_120' title='bbox 186 874 351 910; x_wconf 88' lang='lat' dir='ltr'><em>Canisius</em></span> <span class='ocrx_word' id='word_1_121' title='bbox 376 874 470 908; x_wconf 87' lang='lat' dir='ltr'><em>inter</em></span> <span class='ocrx_word' id='word_1_122' title='bbox 497 873 551 907; x_wconf 94' lang='lat'><em>17.</em></span> <span class='ocrx_word' id='word_1_123' title='bbox 579 873 614 905; x_wconf 91' lang='lat' dir='ltr'><em>et</em></span> <span class='ocrx_word' id='word_1_124' title='bbox 640 871 696 906; x_wconf 90' lang='lat'><em>20.</em></span> <span class='ocrx_word' id='word_1_125' title='bbox 723 869 938 904; x_wconf 81' lang='lat' dir='ltr'><em>Novembris</em></span> <span class='ocrx_word' id='word_1_126' title='bbox 966 870 1055 903; x_wconf 90' lang='lat'>1565</span> <span class='ocrx_word' id='word_1_127' title='bbox 1084 867 1353 902; x_wconf 87' lang='lat' dir='ltr'><em>Confluentibus</em></span> <span class='ocrx_word' id='word_1_128' title='bbox 1383 863 1567 908; x_wconf 88' lang='lat' dir='ltr'><em>(Coblenz)</em></span> <span class='ocrx_word' id='word_1_129' title='bbox 1597 874 1678 897; x_wconf 88' lang='lat' dir='ltr'><em>cum</em></span> <span class='ocrx_word' id='word_1_130' title='bbox 1713 860 1826 896; x_wconf 86' lang='lat' dir='ltr'><em>archi-</em></span> 
     </span>
     <span class='ocr_line' id='line_1_13' title="bbox 66 914 1826 973; baseline -0.009 -10"><span class='ocrx_word' id='word_1_131' title='bbox 66 929 232 973; x_wconf 84' lang='lat' dir='ltr'><em>episcopo</em></span> <span class='ocrx_word' id='word_1_132' title='bbox 258 927 458 962; x_wconf 75' lang='lat' dir='ltr'><em>treverensi</em></span> <span class='ocrx_word' id='word_1_133' title='bbox 485 927 558 969; x_wconf 84' lang='lat' dir='ltr'><em>egit</em></span> <span class='ocrx_word' id='word_1_134' title='bbox 586 924 682 969; x_wconf 88' lang='lat' dir='ltr'><em>[vide</em></span> <span class='ocrx_word' id='word_1_135' title='bbox 708 923 802 958; x_wconf 89' lang='lat' dir='ltr'><em>infra</em></span> <span class='ocrx_word' id='word_1_136' title='bbox 828 935 921 957; x_wconf 88' lang='lat' dir='ltr'><em>mon.</em></span> <span class='ocrx_word' id='word_1_137' title='bbox 948 933 1060 965; x_wconf 82' lang='lat' dir='ltr'><em>germ.</em></span> <span class='ocrx_word' id='word_1_138' title='bbox 1086 921 1109 955; x_wconf 90' lang='lat' dir='ltr'>l.</span> <span class='ocrx_word' id='word_1_139' title='bbox 1139 920 1221 964; x_wconf 89' lang='lat'>(5)],</span> <span class='ocrx_word' id='word_1_140' title='bbox 1249 919 1304 954; x_wconf 90' lang='lat' dir='ltr'><em>die</em></span> <span class='ocrx_word' id='word_1_141' title='bbox 1331 919 1386 953; x_wconf 91' lang='lat'><em>21.</em></span> <span class='ocrx_word' id='word_1_142' title='bbox 1405 916 1620 952; x_wconf 86' lang='lat' dir='ltr'><em>Novembris</em></span> <span class='ocrx_word' id='word_1_143' title='bbox 1646 914 1826 949; x_wconf 82' lang='lat' dir='ltr'><em>Coloniam</em></span> 
     </span>
     <span class='ocr_line' id='line_1_14' title="bbox 66 968 1826 1021; baseline -0.009 -5"><span class='ocrx_word' id='word_1_144' title='bbox 66 982 230 1021; x_wconf 79' lang='lat' dir='ltr'><em>advenit3</em></span> <span class='ocrx_word' id='word_1_145' title='bbox 268 981 324 1015; x_wconf 86' lang='lat' dir='ltr'><em>die</em></span> <span class='ocrx_word' id='word_1_146' title='bbox 358 980 414 1014; x_wconf 85' lang='lat'><em>22.</em></span> <span class='ocrx_word' id='word_1_147' title='bbox 441 979 522 1013; x_wconf 87' lang='lat' dir='ltr'><em>inde</em></span> <span class='ocrx_word' id='word_1_148' title='bbox 547 977 810 1019; x_wconf 83' lang='lat' dir='ltr'><em>Noviomagum</em></span> <span class='ocrx_word' id='word_1_149' title='bbox 838 976 936 1010; x_wconf 87' lang='lat' dir='ltr'><em>abiit.</em></span> <span class='ocrx_word' id='word_1_150' title='bbox 988 974 1119 1008; x_wconf 87' lang='lat' dir='ltr'><em>Eodem</em></span> <span class='ocrx_word' id='word_1_151' title='bbox 1147 973 1202 1007; x_wconf 87' lang='lat' dir='ltr'><em>die</em></span> <span class='ocrx_word' id='word_1_152' title='bbox 1229 973 1285 1007; x_wconf 86' lang='lat'><em>22.</em></span> <span class='ocrx_word' id='word_1_153' title='bbox 1311 971 1527 1007; x_wconf 84' lang='lat' dir='ltr'><em>Novembris</em></span> <span class='ocrx_word' id='word_1_154' title='bbox 1555 970 1645 1004; x_wconf 94' lang='lat'>1565</span> <span class='ocrx_word' id='word_1_155' title='bbox 1673 968 1826 1010; x_wconf 80' lang='lat' dir='ltr'><em>Borgiae</em></span> 
     </span>
     <span class='ocr_line' id='line_1_15' title="bbox 65 1020 1826 1079; baseline -0.009 -10"><span class='ocrx_word' id='word_1_156' title='bbox 65 1034 269 1079; x_wconf 81' lang='lat' dir='ltr'><em>praeposito</em></span> <span class='ocrx_word' id='word_1_157' title='bbox 295 1032 457 1076; x_wconf 84' lang='lat' dir='ltr'><em>generali</em></span> <span class='ocrx_word' id='word_1_158' title='bbox 483 1031 648 1076; x_wconf 81' lang='lat' dir='ltr'><em>scripsit3</em></span> <span class='ocrx_word' id='word_1_159' title='bbox 685 1030 767 1064; x_wconf 89' lang='lat' dir='ltr'><em>vide</em></span> <span class='ocrx_word' id='word_1_160' title='bbox 794 1029 888 1063; x_wconf 85' lang='lat' dir='ltr'><em>infra</em></span> <span class='ocrx_word' id='word_1_161' title='bbox 923 1040 956 1073; x_wconf 88' lang='lat' dir='ltr'><em>p.</em></span> <span class='ocrx_word' id='word_1_162' title='bbox 985 1028 1064 1062; x_wconf 80' lang='lat'>136.</span> <span class='ocrx_word' id='word_1_163' title='bbox 1115 1027 1239 1060; x_wconf 87' lang='lat' dir='ltr'><em>Iussus</em></span> <span class='ocrx_word' id='word_1_164' title='bbox 1267 1028 1386 1059; x_wconf 88' lang='lat' dir='ltr'><em>autem</em></span> <span class='ocrx_word' id='word_1_165' title='bbox 1414 1026 1492 1058; x_wconf 88' lang='lat' dir='ltr'><em>erat</em></span> <span class='ocrx_word' id='word_1_166' title='bbox 1516 1023 1658 1057; x_wconf 88' lang='lat' dir='ltr'><em>litteras</em></span> <span class='ocrx_word' id='word_1_167' title='bbox 1684 1020 1826 1055; x_wconf 87' lang='lat' dir='ltr'>Amulio</span> 
     </span>
     <span class='ocr_line' id='line_1_16' title="bbox 66 1074 1826 1128; baseline -0.009 -6"><span class='ocrx_word' id='word_1_168' title='bbox 66 1087 266 1122; x_wconf 85' lang='lat' dir='ltr'><em>destinatas</em></span> <span class='ocrx_word' id='word_1_169' title='bbox 291 1086 440 1120; x_wconf 86' lang='lat' dir='ltr'><em>Romam</em></span> <span class='ocrx_word' id='word_1_170' title='bbox 468 1085 511 1119; x_wconf 86' lang='lat' dir='ltr'><em>ad</em></span> <span class='ocrx_word' id='word_1_171' title='bbox 537 1084 704 1128; x_wconf 80' lang='lat' dir='ltr'><em>Borgiam</em></span> <span class='ocrx_word' id='word_1_172' title='bbox 732 1083 895 1122; x_wconf 73' lang='lat' dir='ltr'><em>mittere,</em></span> <span class='ocrx_word' id='word_1_173' title='bbox 926 1081 1008 1115; x_wconf 81' lang='lat' dir='ltr'><em>vide</em></span> <span class='ocrx_word' id='word_1_174' title='bbox 1035 1091 1144 1125; x_wconf 86' lang='lat' dir='ltr'><em>supra</em></span> <span class='ocrx_word' id='word_1_175' title='bbox 1169 1091 1203 1124; x_wconf 89' lang='lat' dir='ltr'><em>p.</em></span> <span class='ocrx_word' id='word_1_176' title='bbox 1232 1079 1310 1114; x_wconf 84' lang='lat'>106.</span> <span class='ocrx_word' id='word_1_177' title='bbox 1362 1078 1479 1119; x_wconf 80' lang='lat' dir='ltr'><em>Quare</em></span> <span class='ocrx_word' id='word_1_178' title='bbox 1506 1088 1597 1117; x_wconf 90' lang='lat' dir='ltr'><em>eum,</em></span> <span class='ocrx_word' id='word_1_179' title='bbox 1625 1086 1693 1119; x_wconf 86' lang='lat' dir='ltr'><em>quo</em></span> <span class='ocrx_word' id='word_1_180' title='bbox 1720 1074 1826 1108; x_wconf 89' lang='lat' dir='ltr'><em>citius</em></span> 
     </span>
     <span class='ocr_line' id='line_1_17' title="bbox 65 1127 1826 1183; baseline -0.009 -8"><span class='ocrx_word' id='word_1_181' title='bbox 65 1140 321 1183; x_wconf 80' lang='lat' dir='ltr'><em>gravissimum</em></span> <span class='ocrx_word' id='word_1_182' title='bbox 347 1139 436 1173; x_wconf 89' lang='lat' dir='ltr'><em>illud</em></span> <span class='ocrx_word' id='word_1_183' title='bbox 462 1138 643 1181; x_wconf 86' lang='lat' dir='ltr'><em>negotium</em></span> <span class='ocrx_word' id='word_1_184' title='bbox 682 1136 921 1181; x_wconf 75' lang='lat' dir='ltr'><em>expediretur,</em></span> <span class='ocrx_word' id='word_1_185' title='bbox 958 1133 1016 1167; x_wconf 90' lang='lat' dir='ltr'><em>vel</em></span> <span class='ocrx_word' id='word_1_186' title='bbox 1051 1134 1107 1167; x_wconf 89' lang='lat'><em>21.</em></span> <span class='ocrx_word' id='word_1_187' title='bbox 1134 1132 1193 1166; x_wconf 85' lang='lat' dir='ltr'><em>vel</em></span> <span class='ocrx_word' id='word_1_188' title='bbox 1220 1132 1277 1166; x_wconf 85' lang='lat'><em>22.</em></span> <span class='ocrx_word' id='word_1_189' title='bbox 1303 1130 1518 1165; x_wconf 82' lang='lat' dir='ltr'><em>Novembris</em></span> <span class='ocrx_word' id='word_1_190' title='bbox 1544 1128 1686 1163; x_wconf 85' lang='lat' dir='ltr'><em>Amulio</em></span> <span class='ocrx_word' id='word_1_191' title='bbox 1716 1127 1826 1171; x_wconf 88' lang='lat' dir='ltr'><em>scrip-</em></span> 
     </span>
     <span class='ocr_line' id='line_1_18' title="bbox 65 1180 1826 1237; baseline -0.009 -9"><span class='ocrx_word' id='word_1_192' title='bbox 65 1194 156 1228; x_wconf 81' lang='lat' dir='ltr'><em>sisse</em></span> <span class='ocrx_word' id='word_1_193' title='bbox 195 1193 341 1228; x_wconf 90' lang='lat' dir='ltr'><em>conicio.</em></span> <span class='ocrx_word' id='word_1_194' title='bbox 392 1191 557 1237; x_wconf 76' lang='lat' dir='ltr'><em>Epistula</em></span> <span class='ocrx_word' id='word_1_195' title='bbox 595 1190 732 1235; x_wconf 88' lang='lat' dir='ltr'><em>perisse</em></span> <span class='ocrx_word' id='word_1_196' title='bbox 771 1189 926 1223; x_wconf 90' lang='lat' dir='ltr'><em>videtur.</em></span> <span class='ocrx_word' id='word_1_197' title='bbox 986 1187 1039 1221; x_wconf 90' lang='lat' dir='ltr'><em>De</em></span> <span class='ocrx_word' id='word_1_198' title='bbox 1078 1197 1148 1231; x_wconf 85' lang='lat' dir='ltr'><em>qua</em></span> <span class='ocrx_word' id='word_1_199' title='bbox 1188 1185 1310 1219; x_wconf 88' lang='lat' dir='ltr'><em>confer</em></span> <span class='ocrx_word' id='word_1_200' title='bbox 1349 1184 1457 1218; x_wconf 86' lang='lat' dir='ltr'><em>etiam</em></span> <span class='ocrx_word' id='word_1_201' title='bbox 1495 1182 1648 1225; x_wconf 82' lang='lat' dir='ltr'><em>Borgiae</em></span> <span class='ocrx_word' id='word_1_202' title='bbox 1686 1180 1826 1214; x_wconf 80' lang='lat' dir='ltr'><em>litteras</em></span> 
     </span>
     <span class='ocr_line' id='line_1_19' title="bbox 66 1234 1827 1284; baseline -0.009 -3"><span class='ocrx_word' id='word_1_203' title='bbox 66 1247 98 1281; x_wconf 86' lang='lat'><em>2.</em></span> <span class='ocrx_word' id='word_1_204' title='bbox 125 1246 247 1280; x_wconf 85' lang='lat' dir='ltr'><em>Martii</em></span> <span class='ocrx_word' id='word_1_205' title='bbox 276 1246 365 1281; x_wconf 92' lang='lat'>1566</span> <span class='ocrx_word' id='word_1_206' title='bbox 392 1245 436 1279; x_wconf 88' lang='lat' dir='ltr'><em>ad</em></span> <span class='ocrx_word' id='word_1_207' title='bbox 464 1244 647 1279; x_wconf 86' lang='lat' dir='ltr'><em>Canisium</em></span> <span class='ocrx_word' id='word_1_208' title='bbox 675 1242 798 1283; x_wconf 84' lang='lat' dir='ltr'><em>datas;</em></span> <span class='ocrx_word' id='word_1_209' title='bbox 826 1253 909 1275; x_wconf 89' lang='lat' dir='ltr'><em>nam</em></span> <span class='ocrx_word' id='word_1_210' title='bbox 935 1251 1027 1284; x_wconf 86' lang='lat' dir='ltr'><em>quae</em></span> <span class='ocrx_word' id='word_1_211' title='bbox 1053 1239 1096 1273; x_wconf 86' lang='lat' dir='ltr'><em>de</em></span> <span class='ocrx_word' id='word_1_212' title='bbox 1123 1239 1290 1283; x_wconf 89' lang='lat' dir='ltr'><em>episcopo</em></span> <span class='ocrx_word' id='word_1_213' title='bbox 1316 1237 1544 1280; x_wconf 84' lang='lat' dir='ltr'><em>suffraganeo</em></span> <span class='ocrx_word' id='word_1_214' title='bbox 1571 1234 1765 1269; x_wconf 88' lang='lat' dir='ltr'><em>coloniensi</em></span> <span class='ocrx_word' id='word_1_215' title='bbox 1791 1235 1827 1267; x_wconf 88' lang='lat' dir='ltr'><em>et</em></span> 
     </span>
     <span class='ocr_line' id='line_1_20' title="bbox 66 1285 1826 1343; baseline -0.009 -8"><span class='ocrx_word' id='word_1_216' title='bbox 66 1300 108 1334; x_wconf 88' lang='lat' dir='ltr'><em>de</em></span> <span class='ocrx_word' id='word_1_217' title='bbox 134 1299 308 1334; x_wconf 71' lang='lat' dir='ltr'><strong>facultate</strong></span> <span class='ocrx_word' id='word_1_218' title='bbox 334 1298 488 1343; x_wconf 89' lang='lat' dir='ltr'><em>quadam</em></span> <span class='ocrx_word' id='word_1_219' title='bbox 515 1296 726 1331; x_wconf 86' lang='lat' dir='ltr'><em>absolvendi</em></span> <span class='ocrx_word' id='word_1_220' title='bbox 750 1295 786 1329; x_wconf 91' lang='lat' dir='ltr'><em>in</em></span> <span class='ocrx_word' id='word_1_221' title='bbox 804 1294 848 1329; x_wconf 89' lang='lat' dir='ltr'><em>iis</em></span> <span class='ocrx_word' id='word_1_222' title='bbox 867 1294 1044 1334; x_wconf 87' lang='lat' dir='ltr'><em>dicuntur,</em></span> <span class='ocrx_word' id='word_1_223' title='bbox 1070 1292 1226 1326; x_wconf 84' lang='lat' dir='ltr'><em>fortasse</em></span> <span class='ocrx_word' id='word_1_224' title='bbox 1244 1291 1352 1325; x_wconf 84' lang='lat' dir='ltr'><em>etiam</em></span> <span class='ocrx_word' id='word_1_225' title='bbox 1373 1290 1408 1323; x_wconf 93' lang='lat' dir='ltr'><em>in</em></span> <span class='ocrx_word' id='word_1_226' title='bbox 1426 1289 1493 1323; x_wconf 87' lang='lat' dir='ltr'><em>hac</em></span> <span class='ocrx_word' id='word_1_227' title='bbox 1511 1287 1665 1333; x_wconf 84' lang='lat' dir='ltr'><em>epistula</em></span> <span class='ocrx_word' id='word_1_228' title='bbox 1684 1285 1826 1320; x_wconf 87' lang='lat' dir='ltr'><em>Amulio</em></span> 
     </span>
     <span class='ocr_line' id='line_1_21' title="bbox 65 1340 1826 1392; baseline -0.009 -5"><span class='ocrx_word' id='word_1_229' title='bbox 65 1352 313 1387; x_wconf 87' lang='lat' dir='ltr'><em>commendata</em></span> <span class='ocrx_word' id='word_1_230' title='bbox 339 1354 451 1385; x_wconf 87' lang='lat' dir='ltr'><em>erant.</em></span> <span class='ocrx_word' id='word_1_231' title='bbox 486 1350 541 1385; x_wconf 80' lang='lat' dir='ltr'><em>Ex</em></span> <span class='ocrx_word' id='word_1_232' title='bbox 560 1350 674 1384; x_wconf 86' lang='lat' dir='ltr'><em>altera</em></span> <span class='ocrx_word' id='word_1_233' title='bbox 699 1351 820 1383; x_wconf 86' lang='lat' dir='ltr'><em>tamen</em></span> <span class='ocrx_word' id='word_1_234' title='bbox 845 1349 949 1392; x_wconf 88' lang='lat' dir='ltr'><em>parte</em></span> <span class='ocrx_word' id='word_1_235' title='bbox 975 1345 1052 1380; x_wconf 88' lang='lat' dir='ltr'><em>fieri</em></span> <span class='ocrx_word' id='word_1_236' title='bbox 1078 1347 1218 1390; x_wconf 81' lang='lat' dir='ltr'><em>poterat</em></span> <span class='ocrx_word' id='word_1_237' title='bbox 1248 1344 1481 1388; x_wconf 85' lang='lat' dir='ltr'><em>(quamquam</em></span> <span class='ocrx_word' id='word_1_238' title='bbox 1509 1342 1560 1375; x_wconf 83' lang='lat' dir='ltr'><em>ita</em></span> <span class='ocrx_word' id='word_1_239' title='bbox 1584 1340 1721 1374; x_wconf 86' lang='lat' dir='ltr'><em>factum</em></span> <span class='ocrx_word' id='word_1_240' title='bbox 1748 1350 1826 1373; x_wconf 86' lang='lat' dir='ltr'><em>esse</em></span> 
     </span>
     <span class='ocr_line' id='line_1_22' title="bbox 65 1392 1825 1449; baseline -0.009 -8"><span class='ocrx_word' id='word_1_241' title='bbox 65 1405 151 1440; x_wconf 89' lang='lat' dir='ltr'><em>mihi</em></span> <span class='ocrx_word' id='word_1_242' title='bbox 177 1406 273 1440; x_wconf 87' lang='lat' dir='ltr'><em>haud</em></span> <span class='ocrx_word' id='word_1_243' title='bbox 296 1405 448 1439; x_wconf 88' lang='lat' dir='ltr'><em>multum</em></span> <span class='ocrx_word' id='word_1_244' title='bbox 468 1403 668 1449; x_wconf 87' lang='lat' dir='ltr'><em>probatur),</em></span> <span class='ocrx_word' id='word_1_245' title='bbox 694 1405 735 1436; x_wconf 89' lang='lat' dir='ltr'><em>ut</em></span> <span class='ocrx_word' id='word_1_246' title='bbox 753 1401 929 1441; x_wconf 82' lang='lat' dir='ltr'><em>Oanisius,</em></span> <span class='ocrx_word' id='word_1_247' title='bbox 956 1399 1128 1444; x_wconf 90' lang='lat' dir='ltr'><em>temporis</em></span> <span class='ocrx_word' id='word_1_248' title='bbox 1147 1396 1325 1440; x_wconf 86' lang='lat' dir='ltr'><em>angustiis</em></span> <span class='ocrx_word' id='word_1_249' title='bbox 1343 1407 1501 1441; x_wconf 87' lang='lat' dir='ltr'><em>pressus,</em></span> <span class='ocrx_word' id='word_1_250' title='bbox 1528 1406 1598 1428; x_wconf 92' lang='lat' dir='ltr'><em>non</em></span> <span class='ocrx_word' id='word_1_251' title='bbox 1615 1393 1672 1427; x_wconf 89' lang='lat' dir='ltr'><em>his</em></span> <span class='ocrx_word' id='word_1_252' title='bbox 1691 1392 1825 1433; x_wconf 84' lang='lat' dir='ltr'><em>diebus,</em></span> 
     </span>
     <span class='ocr_line' id='line_1_23' title="bbox 64 1445 1824 1495; baseline -0.009 -1"><span class='ocrx_word' id='word_1_253' title='bbox 64 1460 127 1493; x_wconf 81' lang='lat' dir='ltr'><em>sed</em></span> <span class='ocrx_word' id='word_1_254' title='bbox 140 1460 171 1493; x_wconf 89' lang='lat'><em>7.</em></span> <span class='ocrx_word' id='word_1_255' title='bbox 186 1458 244 1492; x_wconf 79' lang='lat' dir='ltr'><em>vel</em></span> <span class='ocrx_word' id='word_1_256' title='bbox 264 1459 296 1493; x_wconf 83' lang='lat'><em>8.</em></span> <span class='ocrx_word' id='word_1_257' title='bbox 311 1457 519 1492; x_wconf 83' lang='lat' dir='ltr'><em>Decembris</em></span> <span class='ocrx_word' id='word_1_258' title='bbox 534 1456 677 1491; x_wconf 87' lang='lat' dir='ltr'><em>Amulio</em></span> <span class='ocrx_word' id='word_1_259' title='bbox 696 1455 738 1489; x_wconf 87' lang='lat' dir='ltr'><em>de</em></span> <span class='ocrx_word' id='word_1_260' title='bbox 752 1453 954 1488; x_wconf 72' lang='lat' dir='ltr'><em>treverensi</em></span> <span class='ocrx_word' id='word_1_261' title='bbox 973 1452 1033 1486; x_wconf 90' lang='lat' dir='ltr'><em>illo</em></span> <span class='ocrx_word' id='word_1_262' title='bbox 1046 1451 1190 1495; x_wconf 84' lang='lat' dir='ltr'><em>negotio</em></span> <span class='ocrx_word' id='word_1_263' title='bbox 1209 1454 1276 1484; x_wconf 90' lang='lat' dir='ltr'><em>etc.</em></span> <span class='ocrx_word' id='word_1_264' title='bbox 1291 1449 1483 1489; x_wconf 73' lang='lat' dir='ltr'><em>scriberet,</em></span> <span class='ocrx_word' id='word_1_265' title='bbox 1502 1448 1546 1481; x_wconf 85' lang='lat' dir='ltr'><em>cf.</em></span> <span class='ocrx_word' id='word_1_266' title='bbox 1562 1447 1656 1480; x_wconf 88' lang='lat' dir='ltr'><em>infra</em></span> <span class='ocrx_word' id='word_1_267' title='bbox 1673 1457 1706 1479; x_wconf 92' lang='lat' dir='ltr'><em>n.</em></span> <span class='ocrx_word' id='word_1_268' title='bbox 1725 1445 1824 1479; x_wconf 84' lang='lat'>1266.</span> 
     </span>
    </p>

    <p class='ocr_par' dir='ltr' id='par_1_4' title="bbox 60 1498 1827 2770">
     <span class='ocr_line' id='line_1_24' title="bbox 183 1498 1826 1553; baseline -0.01 -6"><span class='ocrx_word' id='word_1_269' title='bbox 183 1513 314 1546; x_wconf 82' lang='lat' dir='ltr'><em>Ioanne</em></span> <span class='ocrx_word' id='word_1_270' title='bbox 340 1511 384 1546; x_wconf 91' lang='lat' dir='ltr'><em>ab</em></span> <span class='ocrx_word' id='word_1_271' title='bbox 410 1511 587 1553; x_wconf 84' lang='lat' dir='ltr'><em>Isenburg</em></span> <span class='ocrx_word' id='word_1_272' title='bbox 613 1508 882 1553; x_wconf 81' lang='lat' dir='ltr'><em>archiepiscopo</em></span> <span class='ocrx_word' id='word_1_273' title='bbox 908 1508 1059 1546; x_wconf 85' lang='lat' dir='ltr'><em>mortuo,</em></span> <span class='ocrx_word' id='word_1_274' title='bbox 1085 1504 1255 1538; x_wconf 89' lang='lat' dir='ltr'><em>Treveris</em></span> <span class='ocrx_word' id='word_1_275' title='bbox 1281 1503 1338 1537; x_wconf 95' lang='grc'><em>25.</em></span> <span class='ocrx_word' id='word_1_276' title='bbox 1365 1501 1500 1546; x_wconf 86' lang='lat' dir='ltr'><em>Aprilis</em></span> <span class='ocrx_word' id='word_1_277' title='bbox 1529 1500 1619 1535; x_wconf 89' lang='lat'>1556</span> <span class='ocrx_word' id='word_1_278' title='bbox 1645 1498 1826 1533; x_wconf 85' lang='lat' dir='ltr'><em>salutatus</em></span> 
     </span>
     <span class='ocr_line' id='line_1_25' title="bbox 64 1552 1827 1610; baseline -0.01 -9"><span class='ocrx_word' id='word_1_279' title='bbox 64 1568 119 1600; x_wconf 87' lang='lat' dir='ltr'><em>est</em></span> <span class='ocrx_word' id='word_1_280' title='bbox 154 1565 443 1610; x_wconf 76' lang='lat' dir='ltr'><em>archiepiscopus</em></span> <span class='ocrx_word' id='word_1_281' title='bbox 478 1564 630 1598; x_wconf 86' lang='lat' dir='ltr'><em>Ioannes</em></span> <span class='ocrx_word' id='word_1_282' title='bbox 664 1573 735 1596; x_wconf 89' lang='lat' dir='ltr'><em>von</em></span> <span class='ocrx_word' id='word_1_283' title='bbox 769 1561 831 1595; x_wconf 87' lang='lat' dir='ltr'><em>der</em></span> <span class='ocrx_word' id='word_1_284' title='bbox 865 1559 1004 1604; x_wconf 80' lang='lat' dir='ltr'><em>Leyen,</em></span> <span class='ocrx_word' id='word_1_285' title='bbox 1044 1559 1104 1602; x_wconf 91' lang='lat' dir='ltr'><em>qui</em></span> <span class='ocrx_word' id='word_1_286' title='bbox 1140 1557 1211 1591; x_wconf 88' lang='lat' dir='ltr'><em>iam</em></span> <span class='ocrx_word' id='word_1_287' title='bbox 1246 1555 1353 1601; x_wconf 90' lang='lat' dir='ltr'><em>paulo</em></span> <span class='ocrx_word' id='word_1_288' title='bbox 1389 1556 1472 1589; x_wconf 89' lang='lat' dir='ltr'><em>ante</em></span> <span class='ocrx_word' id='word_1_289' title='bbox 1504 1554 1612 1595; x_wconf 89' lang='lat' dir='ltr'><em>(anno</em></span> <span class='ocrx_word' id='word_1_290' title='bbox 1651 1552 1751 1592; x_wconf 86' lang='lat'>1555,</span> <span class='ocrx_word' id='word_1_291' title='bbox 1787 1553 1827 1584; x_wconf 88' lang='lat' dir='ltr'><em>ut</em></span> 
     </span>
     <span class='ocr_line' id='line_1_26' title="bbox 64 1604 1825 1662; baseline -0.009 -9"><span class='ocrx_word' id='word_1_292' title='bbox 64 1619 222 1662; x_wconf 86' lang='lat' dir='ltr'><em>videtur)</em></span> <span class='ocrx_word' id='word_1_293' title='bbox 262 1617 474 1660; x_wconf 80' lang='lat' dir='ltr'><em>lsenburgio</em></span> <span class='ocrx_word' id='word_1_294' title='bbox 518 1628 581 1661; x_wconf 89' lang='lat' dir='ltr'><em>per</em></span> <span class='ocrx_word' id='word_1_295' title='bbox 625 1614 822 1660; x_wconf 87' lang='lat' dir='ltr'><em>capitulum</em></span> <span class='ocrx_word' id='word_1_296' title='bbox 861 1613 1004 1647; x_wconf 86' lang='lat' dir='ltr'><em>additus</em></span> <span class='ocrx_word' id='word_1_297' title='bbox 1039 1613 1116 1645; x_wconf 88' lang='lat' dir='ltr'><em>erat</em></span> <span class='ocrx_word' id='word_1_298' title='bbox 1152 1609 1338 1643; x_wconf 87' lang='lat' dir='ltr'><em>coadiutor</em></span> <span class='ocrx_word' id='word_1_299' title='bbox 1373 1619 1454 1642; x_wconf 86' lang='lat' dir='ltr'><em>cum</em></span> <span class='ocrx_word' id='word_1_300' title='bbox 1489 1617 1551 1651; x_wconf 90' lang='lat' dir='ltr'><em>spe</em></span> <span class='ocrx_word' id='word_1_301' title='bbox 1587 1604 1825 1639; x_wconf 80' lang='lat' dir='ltr'><em>successionis</em></span> 
     </span>
     <span class='ocr_line' id='line_1_27' title="bbox 67 1658 1825 1713; baseline -0.01 -6"><span class='ocrx_word' id='word_1_302' title='bbox 67 1671 167 1713; x_wconf 75' lang='lat' dir='ltr'><em>(Chr.</em></span> <span class='ocrx_word' id='word_1_303' title='bbox 195 1673 385 1706; x_wconf 76' lang='lat' dir='ltr'><em>Browerus</em></span> <span class='ocrx_word' id='word_1_304' title='bbox 423 1673 458 1704; x_wconf 84' lang='lat' dir='ltr'><em>et</em></span> <span class='ocrx_word' id='word_1_305' title='bbox 496 1671 524 1703; x_wconf 90' lang='grc' dir='ltr'><em>Ι.</em></span> <span class='ocrx_word' id='word_1_306' title='bbox 558 1670 752 1711; x_wconf 77' lang='lat' dir='ltr'><em>Masenz&#39;ns,</em></span> <span class='ocrx_word' id='word_1_307' title='bbox 791 1666 824 1700; x_wconf 82' lang='lat' dir='ltr'>S.</span> <span class='ocrx_word' id='word_1_308' title='bbox 861 1667 906 1705; x_wconf 82' lang='lat' dir='ltr'>J.,</span> <span class='ocrx_word' id='word_1_309' title='bbox 945 1664 1213 1708; x_wconf 78' lang='lat' dir='ltr'><em>Antiquitatum</em></span> <span class='ocrx_word' id='word_1_310' title='bbox 1252 1664 1288 1696; x_wconf 88' lang='lat' dir='ltr'><em>et</em></span> <span class='ocrx_word' id='word_1_311' title='bbox 1326 1660 1518 1695; x_wconf 81' lang='lat' dir='ltr'><em>Annalium</em></span> <span class='ocrx_word' id='word_1_312' title='bbox 1556 1658 1825 1692; x_wconf 87' lang='lat' dir='ltr'><em>Trevirensium</em></span> 
     </span>
     <span class='ocr_line' id='line_1_28' title="bbox 64 1710 1825 1766; baseline -0.01 -6"><span class='ocrx_word' id='word_1_313' title='bbox 64 1725 161 1759; x_wconf 87' lang='lat' dir='ltr'><em>Libri</em></span> <span class='ocrx_word' id='word_1_314' title='bbox 187 1725 241 1766; x_wconf 87' lang='grc'><em>25,</em></span> <span class='ocrx_word' id='word_1_315' title='bbox 268 1727 293 1758; x_wconf 92' lang='lat' dir='ltr'><em>t.</em></span> <span class='ocrx_word' id='word_1_316' title='bbox 321 1724 364 1765; x_wconf 90' lang='lat' dir='ltr'><em>ll,</em></span> <span class='ocrx_word' id='word_1_317' title='bbox 390 1723 511 1758; x_wconf 88' lang='lat' dir='ltr'><em>Leodii</em></span> <span class='ocrx_word' id='word_1_318' title='bbox 540 1722 641 1762; x_wconf 83' lang='lat'>1670,</span> <span class='ocrx_word' id='word_1_319' title='bbox 677 1721 745 1755; x_wconf 58' lang='lat'><em>353</em></span> <span class='ocrx_word' id='word_1_320' title='bbox 772 1720 850 1754; x_wconf 72' lang='lat'>384.</span> <span class='ocrx_word' id='word_1_321' title='bbox 901 1720 930 1752; x_wconf 92' lang='grc' dir='ltr'><em>Ι.</em></span> <span class='ocrx_word' id='word_1_322' title='bbox 957 1719 1002 1752; x_wconf 88' lang='grc' dir='ltr'><em>Ν.</em></span> <span class='ocrx_word' id='word_1_323' title='bbox 1030 1717 1231 1759; x_wconf 66' lang='grc' dir='ltr'><em>Ηοηΐῖιεῖιη,</em></span> <span class='ocrx_word' id='word_1_324' title='bbox 1266 1713 1427 1749; x_wconf 76' lang='lat' dir='ltr'><em>Historia</em></span> <span class='ocrx_word' id='word_1_325' title='bbox 1453 1712 1679 1747; x_wconf 87' lang='lat' dir='ltr'><em>Trevirensis</em></span> <span class='ocrx_word' id='word_1_326' title='bbox 1714 1710 1825 1755; x_wconf 86' lang='lat' dir='ltr'><em>diplo-</em></span> 
     </span>
     <span class='ocr_line' id='line_1_29' title="bbox 64 1764 1825 1822; baseline -0.009 -9"><span class='ocrx_word' id='word_1_327' title='bbox 64 1779 196 1812; x_wconf 86' lang='lat' dir='ltr'><em>matica</em></span> <span class='ocrx_word' id='word_1_328' title='bbox 232 1780 267 1811; x_wconf 90' lang='lat' dir='ltr'><em>et</em></span> <span class='ocrx_word' id='word_1_329' title='bbox 300 1776 524 1822; x_wconf 81' lang='lat' dir='ltr'><em>pragmatica</em></span> <span class='ocrx_word' id='word_1_330' title='bbox 551 1776 594 1817; x_wconf 86' lang='grc' dir='ltr'><em>ΙΙ,</em></span> <span class='ocrx_word' id='word_1_331' title='bbox 630 1775 818 1817; x_wconf 83' lang='lat' dir='ltr'><em>Augustae</em></span> <span class='ocrx_word' id='word_1_332' title='bbox 844 1772 949 1806; x_wconf 86' lang='lat' dir='ltr'><em>Vind.</em></span> <span class='ocrx_word' id='word_1_333' title='bbox 978 1773 1014 1804; x_wconf 90' lang='lat' dir='ltr'><em>et</em></span> <span class='ocrx_word' id='word_1_334' title='bbox 1039 1769 1225 1814; x_wconf 83' lang='lat' dir='ltr'><em>Herbipoli</em></span> <span class='ocrx_word' id='word_1_335' title='bbox 1253 1768 1353 1809; x_wconf 84' lang='lat'>1750,</span> <span class='ocrx_word' id='word_1_336' title='bbox 1391 1767 1455 1801; x_wconf 88' lang='lat'><em>761</em></span> <span class='ocrx_word' id='word_1_337' title='bbox 1486 1766 1584 1807; x_wconf 89' lang='lat'>765).</span> <span class='ocrx_word' id='word_1_338' title='bbox 1635 1765 1754 1808; x_wconf 85' lang='lat' dir='ltr'><em>Atque</em></span> <span class='ocrx_word' id='word_1_339' title='bbox 1790 1764 1825 1797; x_wconf 90' lang='lat' dir='ltr'><em>in</em></span> 
     </span>
     <span class='ocr_line' id='line_1_30' title="bbox 67 1817 1826 1877; baseline -0.009 -11"><span class='ocrx_word' id='word_1_340' title='bbox 67 1833 205 1877; x_wconf 69' lang='lat' dir='ltr'><em>„Gestis</em></span> <span class='ocrx_word' id='word_1_341' title='bbox 236 1828 485 1865; x_wconf 61' lang='lat' dir='ltr'><em>sl&#39;revirormffl</em></span> <span class='ocrx_word' id='word_1_342' title='bbox 522 1829 565 1863; x_wconf 84' lang='lat' dir='ltr'><em>de</em></span> <span class='ocrx_word' id='word_1_343' title='bbox 600 1840 640 1862; x_wconf 91' lang='lat' dir='ltr'><em>eo</em></span> <span class='ocrx_word' id='word_1_344' title='bbox 676 1827 825 1862; x_wconf 88' lang='lat' dir='ltr'><em>dicitur:</em></span> <span class='ocrx_word' id='word_1_345' title='bbox 868 1824 926 1868; x_wconf 82' lang='lat' dir='ltr'><em>,Si</em></span> <span class='ocrx_word' id='word_1_346' title='bbox 961 1824 1192 1858; x_wconf 85' lang='lat' dir='ltr'><em>confirmatus</em></span> <span class='ocrx_word' id='word_1_347' title='bbox 1227 1833 1248 1856; x_wconf 88' lang='lat' dir='ltr'><em>a</em></span> <span class='ocrx_word' id='word_1_348' title='bbox 1283 1821 1368 1855; x_wconf 88' lang='lat' dir='ltr'><em>sede</em></span> <span class='ocrx_word' id='word_1_349' title='bbox 1403 1818 1610 1864; x_wconf 87' lang='lat' dir='ltr'><em>Apostolica</em></span> <span class='ocrx_word' id='word_1_350' title='bbox 1646 1817 1755 1851; x_wconf 88' lang='lat' dir='ltr'><em>fuerit</em></span> <span class='ocrx_word' id='word_1_351' title='bbox 1790 1819 1826 1851; x_wconf 90' lang='lat' dir='ltr'><em>et</em></span> 
     </span>
     <span class='ocr_line' id='line_1_31' title="bbox 64 1870 1824 1930; baseline -0.01 -10"><span class='ocrx_word' id='word_1_352' title='bbox 64 1885 217 1930; x_wconf 88' lang='lat' dir='ltr'><em>quando,</em></span> <span class='ocrx_word' id='word_1_353' title='bbox 243 1896 312 1918; x_wconf 88' lang='lat' dir='ltr'><em>non</em></span> <span class='ocrx_word' id='word_1_354' title='bbox 339 1885 499 1918; x_wconf 89' lang='lat' dir='ltr'><em>constat:</em></span> <span class='ocrx_word' id='word_1_355' title='bbox 526 1894 566 1915; x_wconf 90' lang='lat' dir='ltr'><em>eo</em></span> <span class='ocrx_word' id='word_1_356' title='bbox 592 1892 747 1924; x_wconf 88' lang='lat' dir='ltr'><em>namque</em></span> <span class='ocrx_word' id='word_1_357' title='bbox 773 1882 943 1923; x_wconf 73' lang='lat' dir='ltr'><em>tempore,</em></span> <span class='ocrx_word' id='word_1_358' title='bbox 971 1888 1051 1911; x_wconf 91' lang='lat' dir='ltr'><em>cum</em></span> <span class='ocrx_word' id='word_1_359' title='bbox 1079 1875 1196 1910; x_wconf 84' lang='lat' dir='ltr'><em>omnia</em></span> <span class='ocrx_word' id='word_1_360' title='bbox 1220 1874 1315 1909; x_wconf 86' lang='lat' dir='ltr'><em>bello</em></span> <span class='ocrx_word' id='word_1_361' title='bbox 1342 1876 1378 1907; x_wconf 90' lang='lat' dir='ltr'><em>et</em></span> <span class='ocrx_word' id='word_1_362' title='bbox 1403 1871 1620 1906; x_wconf 84' lang='lat' dir='ltr'><em>tumultibus</em></span> <span class='ocrx_word' id='word_1_363' title='bbox 1646 1870 1824 1907; x_wconf 81' lang='lat' dir='ltr'><em>arderent,</em></span> 
     </span>
     <span class='ocr_line' id='line_1_32' title="bbox 64 1924 1823 1982; baseline -0.01 -9"><span class='ocrx_word' id='word_1_364' title='bbox 64 1938 187 1979; x_wconf 86' lang='lat' dir='ltr'><em>multa,</em></span> <span class='ocrx_word' id='word_1_365' title='bbox 223 1949 314 1982; x_wconf 88' lang='lat' dir='ltr'><em>quae</em></span> <span class='ocrx_word' id='word_1_366' title='bbox 351 1938 427 1970; x_wconf 86' lang='lat' dir='ltr'><em>iure</em></span> <span class='ocrx_word' id='word_1_367' title='bbox 461 1936 537 1969; x_wconf 86' lang='lat' dir='ltr'><em>fieri</em></span> <span class='ocrx_word' id='word_1_368' title='bbox 565 1934 782 1974; x_wconf 87' lang='lat' dir='ltr'><em>debuissent,</em></span> <span class='ocrx_word' id='word_1_369' title='bbox 820 1931 952 1966; x_wconf 89' lang='lat' dir='ltr'><em>omissa</em></span> <span class='ocrx_word' id='word_1_370' title='bbox 980 1931 1093 1964; x_wconf 87' lang='lat' dir='ltr'><em>sunt.“</em></span> <span class='ocrx_word' id='word_1_371' title='bbox 1149 1927 1261 1963; x_wconf 82' lang='lat' dir='ltr'><em>Gesta</em></span> <span class='ocrx_word' id='word_1_372' title='bbox 1286 1926 1516 1961; x_wconf 87' lang='lat' dir='ltr'><em>Trevirorum</em></span> <span class='ocrx_word' id='word_1_373' title='bbox 1544 1925 1605 1965; x_wconf 87' lang='lat' dir='ltr'><em>III,</em></span> <span class='ocrx_word' id='word_1_374' title='bbox 1632 1924 1686 1958; x_wconf 90' lang='lat' dir='ltr'><em>ed.</em></span> <span class='ocrx_word' id='word_1_375' title='bbox 1713 1925 1749 1957; x_wconf 85' lang='lat' dir='ltr'><em>J.</em></span> <span class='ocrx_word' id='word_1_376' title='bbox 1777 1924 1823 1957; x_wconf 92' lang='lat' dir='ltr'>H.</span> 
     </span>
     <span class='ocr_line' id='line_1_33' title="bbox 65 1978 1826 2035; baseline -0.01 -9"><span class='ocrx_word' id='word_1_377' title='bbox 65 1992 287 2035; x_wconf 71' lang='lat' dir='ltr'><em>Wgsttenbach</em></span> <span class='ocrx_word' id='word_1_378' title='bbox 315 1992 351 2024; x_wconf 86' lang='lat' dir='ltr'><em>et</em></span> <span class='ocrx_word' id='word_1_379' title='bbox 376 1991 425 2024; x_wconf 88' lang='lat' dir='ltr'>M.</span> <span class='ocrx_word' id='word_1_380' title='bbox 445 1990 509 2023; x_wconf 71' lang='lat' dir='ltr'><em>Fr.</em></span> <span class='ocrx_word' id='word_1_381' title='bbox 529 1990 565 2023; x_wconf 88' lang='lat' dir='ltr'>J.</span> <span class='ocrx_word' id='word_1_382' title='bbox 585 1989 728 2030; x_wconf 58' lang='lat' dir='ltr'><em>Ma‘tller,</em></span> <span class='ocrx_word' id='word_1_383' title='bbox 762 1987 948 2029; x_wconf 82' lang='lat' dir='ltr'><em>Augustae</em></span> <span class='ocrx_word' id='word_1_384' title='bbox 975 1983 1204 2018; x_wconf 83' lang='lat' dir='ltr'><em>Trevirorum</em></span> <span class='ocrx_word' id='word_1_385' title='bbox 1232 1981 1334 2021; x_wconf 80' lang='lat'><em>1839,</em></span> <span class='ocrx_word' id='word_1_386' title='bbox 1372 1980 1426 2014; x_wconf 91' lang='grc'><em>17.</em></span> <span class='ocrx_word' id='word_1_387' title='bbox 1476 1979 1525 2013; x_wconf 90' lang='lat' dir='ltr'><em>At</em></span> <span class='ocrx_word' id='word_1_388' title='bbox 1550 1978 1718 2012; x_wconf 86' lang='lat' dir='ltr'><em>Ioannem</em></span> <span class='ocrx_word' id='word_1_389' title='bbox 1744 1978 1826 2010; x_wconf 90' lang='lat' dir='ltr'><em>ante</em></span> 
     </span>
     <span class='ocr_line' id='line_1_34' title="bbox 62 2031 1824 2089; baseline -0.009 -10"><span class='ocrx_word' id='word_1_390' title='bbox 62 2044 129 2079; x_wconf 89' lang='lat' dir='ltr'><em>hoc</em></span> <span class='ocrx_word' id='word_1_391' title='bbox 155 2047 297 2089; x_wconf 90' lang='lat' dir='ltr'><em>tempus</em></span> <span class='ocrx_word' id='word_1_392' title='bbox 323 2056 343 2077; x_wconf 86' lang='lat' dir='ltr'><em>a</em></span> <span class='ocrx_word' id='word_1_393' title='bbox 369 2042 539 2088; x_wconf 88' lang='lat' dir='ltr'><em>pontifice</em></span> <span class='ocrx_word' id='word_1_394' title='bbox 566 2052 645 2075; x_wconf 87' lang='lat' dir='ltr'><em>esse</em></span> <span class='ocrx_word' id='word_1_395' title='bbox 672 2039 932 2079; x_wconf 85' lang='lat' dir='ltr'><em>confirmatum,</em></span> <span class='ocrx_word' id='word_1_396' title='bbox 969 2035 1208 2080; x_wconf 82' lang='lat' dir='ltr'><em>colligendum</em></span> <span class='ocrx_word' id='word_1_397' title='bbox 1244 2046 1323 2068; x_wconf 87' lang='lat' dir='ltr'><em>esse</em></span> <span class='ocrx_word' id='word_1_398' title='bbox 1349 2033 1494 2067; x_wconf 89' lang='lat' dir='ltr'><em>videtur</em></span> <span class='ocrx_word' id='word_1_399' title='bbox 1526 2043 1571 2066; x_wconf 86' lang='lat' dir='ltr'><em>ex</em></span> <span class='ocrx_word' id='word_1_400' title='bbox 1596 2031 1696 2076; x_wconf 87' lang='lat' dir='ltr'><em>ipsis,</em></span> <span class='ocrx_word' id='word_1_401' title='bbox 1733 2041 1824 2074; x_wconf 83' lang='lat' dir='ltr'><em>quae</em></span> 
     </span>
     <span class='ocr_line' id='line_1_35' title="bbox 63 2082 1822 2142; baseline -0.009 -10"><span class='ocrx_word' id='word_1_402' title='bbox 63 2098 165 2132; x_wconf 92' lang='lat' dir='ltr'><em>modo</em></span> <span class='ocrx_word' id='word_1_403' title='bbox 191 2097 303 2142; x_wconf 81' lang='lat' dir='ltr'><em>posui,</em></span> <span class='ocrx_word' id='word_1_404' title='bbox 331 2095 464 2130; x_wconf 88' lang='lat' dir='ltr'><em>Canisii</em></span> <span class='ocrx_word' id='word_1_405' title='bbox 490 2094 629 2134; x_wconf 79' lang='lat' dir='ltr'><em>verbis3</em></span> <span class='ocrx_word' id='word_1_406' title='bbox 659 2092 823 2127; x_wconf 86' lang='lat' dir='ltr'><em>Canisius</em></span> <span class='ocrx_word' id='word_1_407' title='bbox 850 2091 944 2126; x_wconf 87' lang='lat' dir='ltr'><em>enim</em></span> <span class='ocrx_word' id='word_1_408' title='bbox 969 2088 1149 2133; x_wconf 85' lang='lat' dir='ltr'><em>indulgeri</em></span> <span class='ocrx_word' id='word_1_409' title='bbox 1175 2087 1283 2132; x_wconf 89' lang='lat' dir='ltr'><em>cupit,</em></span> <span class='ocrx_word' id='word_1_410' title='bbox 1311 2086 1404 2131; x_wconf 91' lang='lat' dir='ltr'><em>quod</em></span> <span class='ocrx_word' id='word_1_411' title='bbox 1436 2096 1571 2129; x_wconf 83' lang='lat' dir='ltr'><em>„neque</em></span> <span class='ocrx_word' id='word_1_412' title='bbox 1600 2082 1822 2118; x_wconf 85' lang='lat' dir='ltr'><em>sacerdotale</em></span> 
     </span>
     <span class='ocr_line' id='line_1_36' title="bbox 63 2138 1822 2194; baseline -0.009 -9"><span class='ocrx_word' id='word_1_413' title='bbox 63 2163 211 2191; x_wconf 86' lang='lat' dir='ltr'><em>munus,</em></span> <span class='ocrx_word' id='word_1_414' title='bbox 250 2161 366 2194; x_wconf 90' lang='lat' dir='ltr'><em>neque</em></span> <span class='ocrx_word' id='word_1_415' title='bbox 404 2147 708 2183; x_wconf 87' lang='lat' dir='ltr'><em>consecrationem</em></span> <span class='ocrx_word' id='word_1_416' title='bbox 744 2143 993 2190; x_wconf 88' lang='lat' dir='ltr'><em>Episcopalem</em></span> <span class='ocrx_word' id='word_1_417' title='bbox 1029 2141 1273 2187; x_wconf 81' lang='lat' dir='ltr'><em>susceperit“;</em></span> <span class='ocrx_word' id='word_1_418' title='bbox 1312 2138 1593 2174; x_wconf 88' lang='lat' dir='ltr'><em>confirmationis</em></span> <span class='ocrx_word' id='word_1_419' title='bbox 1630 2148 1716 2170; x_wconf 88' lang='lat' dir='ltr'><em>vero</em></span> <span class='ocrx_word' id='word_1_420' title='bbox 1753 2147 1822 2169; x_wconf 89' lang='lat' dir='ltr'><em>non</em></span> 
     </span>
     <span class='ocr_line' id='line_1_37' title="bbox 64 2188 1824 2249; baseline -0.01 -11"><span class='ocrx_word' id='word_1_421' title='bbox 64 2205 276 2249; x_wconf 83' lang='lat' dir='ltr'><em>impetratae</em></span> <span class='ocrx_word' id='word_1_422' title='bbox 311 2202 447 2236; x_wconf 90' lang='lat' dir='ltr'><em>nullam</em></span> <span class='ocrx_word' id='word_1_423' title='bbox 482 2201 570 2235; x_wconf 87' lang='lat' dir='ltr'><em>facit</em></span> <span class='ocrx_word' id='word_1_424' title='bbox 603 2199 832 2234; x_wconf 88' lang='lat' dir='ltr'><em>mentionem.</em></span> <span class='ocrx_word' id='word_1_425' title='bbox 883 2196 1043 2238; x_wconf 85' lang='lat' dir='ltr'><em>Accedit,</em></span> <span class='ocrx_word' id='word_1_426' title='bbox 1079 2195 1173 2240; x_wconf 86' lang='lat' dir='ltr'><em>quod</em></span> <span class='ocrx_word' id='word_1_427' title='bbox 1202 2194 1253 2236; x_wconf 86' lang='lat' dir='ltr'><em>(id</em></span> <span class='ocrx_word' id='word_1_428' title='bbox 1279 2193 1373 2227; x_wconf 90' lang='lat' dir='ltr'><em>infra</em></span> <span class='ocrx_word' id='word_1_429' title='bbox 1409 2192 1525 2235; x_wconf 81' lang='lat' dir='ltr'><em>magis</em></span> <span class='ocrx_word' id='word_1_430' title='bbox 1555 2189 1707 2236; x_wconf 90' lang='lat' dir='ltr'><em>patebit)</em></span> <span class='ocrx_word' id='word_1_431' title='bbox 1736 2188 1824 2233; x_wconf 87' lang='lat' dir='ltr'><em>ipsis</em></span> 
     </span>
     <span class='ocr_line' id='line_1_38' title="bbox 62 2241 1822 2299; baseline -0.01 -7"><span class='ocrx_word' id='word_1_432' title='bbox 62 2257 161 2292; x_wconf 89' lang='lat' dir='ltr'><em>hisce</em></span> <span class='ocrx_word' id='word_1_433' title='bbox 195 2257 298 2291; x_wconf 86' lang='lat' dir='ltr'><em>annis</em></span> <span class='ocrx_word' id='word_1_434' title='bbox 331 2265 548 2299; x_wconf 81' lang='lat' dir='ltr'><em>magnopere</em></span> <span class='ocrx_word' id='word_1_435' title='bbox 582 2253 776 2292; x_wconf 84' lang='lat' dir='ltr'><em>instabant,</em></span> <span class='ocrx_word' id='word_1_436' title='bbox 810 2253 851 2286; x_wconf 89' lang='lat' dir='ltr'><em>ut</em></span> <span class='ocrx_word' id='word_1_437' title='bbox 876 2250 1080 2284; x_wconf 87' lang='lat' dir='ltr'><em>Fridericus</em></span> <span class='ocrx_word' id='word_1_438' title='bbox 1114 2260 1134 2283; x_wconf 86' lang='lat' dir='ltr'><em>a</em></span> <span class='ocrx_word' id='word_1_439' title='bbox 1159 2247 1260 2282; x_wconf 88' lang='lat' dir='ltr'><em>Veda</em></span> <span class='ocrx_word' id='word_1_440' title='bbox 1286 2246 1576 2290; x_wconf 85' lang='lat' dir='ltr'><em>archiepiscopus</em></span> <span class='ocrx_word' id='word_1_441' title='bbox 1610 2241 1822 2277; x_wconf 88' lang='lat' dir='ltr'><em>coloniensis</em></span> 
     </span>
     <span class='ocr_line' id='line_1_39' title="bbox 60 2295 1823 2354; baseline -0.01 -9"><span class='ocrx_word' id='word_1_442' title='bbox 60 2310 205 2344; x_wconf 88' lang='lat' dir='ltr'><em>tandem</em></span> <span class='ocrx_word' id='word_1_443' title='bbox 238 2309 428 2354; x_wconf 84' lang='lat' dir='ltr'><em>aliquando</em></span> <span class='ocrx_word' id='word_1_444' title='bbox 463 2306 767 2342; x_wconf 87' lang='lat' dir='ltr'><em>confirmationem</em></span> <span class='ocrx_word' id='word_1_445' title='bbox 803 2303 1037 2350; x_wconf 85' lang='lat' dir='ltr'><em>apostolicam</em></span> <span class='ocrx_word' id='word_1_446' title='bbox 1071 2302 1280 2347; x_wconf 87' lang='lat' dir='ltr'><em>impetraret</em></span> <span class='ocrx_word' id='word_1_447' title='bbox 1319 2299 1417 2343; x_wconf 89' lang='lat' dir='ltr'><em>(vide</em></span> <span class='ocrx_word' id='word_1_448' title='bbox 1452 2299 1545 2332; x_wconf 86' lang='lat' dir='ltr'><em>infra</em></span> <span class='ocrx_word' id='word_1_449' title='bbox 1579 2309 1612 2342; x_wconf 88' lang='lat' dir='ltr'><em>p.</em></span> <span class='ocrx_word' id='word_1_450' title='bbox 1643 2295 1747 2339; x_wconf 84' lang='lat'>142):</span> <span class='ocrx_word' id='word_1_451' title='bbox 1785 2296 1823 2328; x_wconf 89' lang='lat' dir='ltr'><em>at</em></span> 
     </span>
     <span class='ocr_line' id='line_1_40' title="bbox 63 2347 1821 2405; baseline -0.01 -7"><span class='ocrx_word' id='word_1_452' title='bbox 63 2364 214 2398; x_wconf 87' lang='lat' dir='ltr'><em>Ioannes</em></span> <span class='ocrx_word' id='word_1_453' title='bbox 240 2375 310 2396; x_wconf 90' lang='lat' dir='ltr'><em>von</em></span> <span class='ocrx_word' id='word_1_454' title='bbox 337 2362 398 2396; x_wconf 89' lang='lat' dir='ltr'><em>der</em></span> <span class='ocrx_word' id='word_1_455' title='bbox 424 2360 545 2405; x_wconf 79' lang='lat' dir='ltr'><em>Leyen</em></span> <span class='ocrx_word' id='word_1_456' title='bbox 572 2359 757 2393; x_wconf 88' lang='lat' dir='ltr'><em>minimum</em></span> <span class='ocrx_word' id='word_1_457' title='bbox 785 2360 955 2402; x_wconf 90' lang='lat' dir='ltr'><em>quattuor</em></span> <span class='ocrx_word' id='word_1_458' title='bbox 989 2356 1093 2390; x_wconf 87' lang='lat' dir='ltr'><em>annis</em></span> <span class='ocrx_word' id='word_1_459' title='bbox 1128 2355 1227 2400; x_wconf 90' lang='lat' dir='ltr'><em>prius</em></span> <span class='ocrx_word' id='word_1_460' title='bbox 1261 2354 1296 2387; x_wconf 91' lang='lat' dir='ltr'><em>in</em></span> <span class='ocrx_word' id='word_1_461' title='bbox 1333 2352 1454 2387; x_wconf 88' lang='lat' dir='ltr'><em>sedem</em></span> <span class='ocrx_word' id='word_1_462' title='bbox 1480 2347 1821 2394; x_wconf 76' lang='lat' dir='ltr'><em>archiepiscopalem</em></span> 
     </span>
     <span class='ocr_line' id='line_1_41' title="bbox 62 2403 1821 2456; baseline -0.01 -5"><span class='ocrx_word' id='word_1_463' title='bbox 62 2419 210 2451; x_wconf 86' lang='lat' dir='ltr'><em>evectus</em></span> <span class='ocrx_word' id='word_1_464' title='bbox 229 2418 325 2456; x_wconf 77' lang='lat' dir='ltr'><em>erat3</em></span> <span class='ocrx_word' id='word_1_465' title='bbox 345 2415 387 2449; x_wconf 91' lang='lat' dir='ltr'><em>de</em></span> <span class='ocrx_word' id='word_1_466' title='bbox 405 2414 513 2448; x_wconf 89' lang='lat' dir='ltr'><em>huius</em></span> <span class='ocrx_word' id='word_1_467' title='bbox 531 2416 649 2447; x_wconf 86' lang='lat' dir='ltr'><em>autem</em></span> <span class='ocrx_word' id='word_1_468' title='bbox 669 2411 937 2447; x_wconf 85' lang='lat' dir='ltr'><em>confirmatione</em></span> <span class='ocrx_word' id='word_1_469' title='bbox 956 2409 1012 2444; x_wconf 88' lang='lat' dir='ltr'><em>his</em></span> <span class='ocrx_word' id='word_1_470' title='bbox 1031 2408 1134 2442; x_wconf 84' lang='lat' dir='ltr'><em>annis</em></span> <span class='ocrx_word' id='word_1_471' title='bbox 1152 2406 1240 2441; x_wconf 89' lang='lat' dir='ltr'><em>nihil</em></span> <span class='ocrx_word' id='word_1_472' title='bbox 1255 2406 1441 2449; x_wconf 79' lang='lat' dir='ltr'><em>agebatur.</em></span> <span class='ocrx_word' id='word_1_473' title='bbox 1467 2403 1717 2448; x_wconf 87' lang='lat' dir='ltr'><em>Metropolitae</em></span> <span class='ocrx_word' id='word_1_474' title='bbox 1735 2412 1821 2435; x_wconf 80' lang='lat' dir='ltr'><em>sane</em></span> 
     </span>
     <span class='ocr_line' id='line_1_42' title="bbox 63 2454 1821 2504; baseline -0.01 0"><span class='ocrx_word' id='word_1_475' title='bbox 63 2482 108 2504; x_wconf 86' lang='lat' dir='ltr'><em>ex</em></span> <span class='ocrx_word' id='word_1_476' title='bbox 135 2468 367 2504; x_wconf 79' lang='lat' dir='ltr'><em>concordatis</em></span> <span class='ocrx_word' id='word_1_477' title='bbox 394 2466 608 2502; x_wconf 82' lang='lat' dir='ltr'><em>Germaniae</em></span> <span class='ocrx_word' id='word_1_478' title='bbox 644 2477 674 2500; x_wconf 86' lang='lat' dir='ltr'><em>a.</em></span> <span class='ocrx_word' id='word_1_479' title='bbox 704 2464 794 2499; x_wconf 84' lang='grc'>1418</span> <span class='ocrx_word' id='word_1_480' title='bbox 822 2463 1054 2498; x_wconf 86' lang='lat' dir='ltr'><em>Constantiae</em></span> <span class='ocrx_word' id='word_1_481' title='bbox 1090 2464 1126 2495; x_wconf 89' lang='lat' dir='ltr'><em>et</em></span> <span class='ocrx_word' id='word_1_482' title='bbox 1161 2472 1191 2494; x_wconf 89' lang='lat' dir='ltr'><em>a.</em></span> <span class='ocrx_word' id='word_1_483' title='bbox 1220 2460 1311 2494; x_wconf 87' lang='grc'>1448</span> <span class='ocrx_word' id='word_1_484' title='bbox 1337 2458 1569 2492; x_wconf 80' lang='lat' dir='ltr'><em>vindobonae</em></span> <span class='ocrx_word' id='word_1_485' title='bbox 1599 2454 1821 2499; x_wconf 73' lang='lat' dir='ltr'><em>(Asehaffen-</em></span> 
     </span>
     <span class='ocr_line' id='line_1_43' title="bbox 62 2510 1821 2566; baseline -0.01 -9"><span class='ocrx_word' id='word_1_486' title='bbox 62 2523 180 2566; x_wconf 78' lang='lat' dir='ltr'><em>burgi)</em></span> <span class='ocrx_word' id='word_1_487' title='bbox 210 2522 360 2556; x_wconf 87' lang='lat' dir='ltr'><em>sancitis</em></span> <span class='ocrx_word' id='word_1_488' title='bbox 386 2520 692 2555; x_wconf 84' lang='lat' dir='ltr'><em>confirmationem</em></span> <span class='ocrx_word' id='word_1_489' title='bbox 728 2529 749 2552; x_wconf 85' lang='lat' dir='ltr'><em>a</em></span> <span class='ocrx_word' id='word_1_490' title='bbox 774 2529 913 2552; x_wconf 87' lang='lat' dir='ltr'><em>summo</em></span> <span class='ocrx_word' id='word_1_491' title='bbox 946 2515 1115 2561; x_wconf 86' lang='lat' dir='ltr'><em>pontifice</em></span> <span class='ocrx_word' id='word_1_492' title='bbox 1147 2516 1269 2559; x_wconf 88' lang='lat' dir='ltr'><em>petere</em></span> <span class='ocrx_word' id='word_1_493' title='bbox 1296 2513 1346 2546; x_wconf 88' lang='lat' dir='ltr'><em>ita</em></span> <span class='ocrx_word' id='word_1_494' title='bbox 1373 2510 1560 2549; x_wconf 85' lang='lat' dir='ltr'><em>debebant,</em></span> <span class='ocrx_word' id='word_1_495' title='bbox 1595 2512 1633 2542; x_wconf 83' lang='lat' dir='ltr'><em>ut</em></span> <span class='ocrx_word' id='word_1_496' title='bbox 1669 2519 1714 2542; x_wconf 80' lang='lat' dir='ltr'><em>ex</em></span> <span class='ocrx_word' id='word_1_497' title='bbox 1741 2519 1821 2541; x_wconf 89' lang='lat' dir='ltr'><em>con-</em></span> 
     </span>
     <span class='ocr_line' id='line_1_44' title="bbox 62 2561 1820 2614; baseline -0.01 -4"><span class='ocrx_word' id='word_1_498' title='bbox 62 2575 248 2610; x_wconf 86' lang='lat' dir='ltr'><em>stitutione</em></span> <span class='ocrx_word' id='word_1_499' title='bbox 274 2574 412 2608; x_wconf 90' lang='lat' dir='ltr'><em>Nicolai</em></span> <span class='ocrx_word' id='word_1_500' title='bbox 440 2574 500 2607; x_wconf 89' lang='lat' dir='ltr'><em>lll.</em></span> <span class='ocrx_word' id='word_1_501' title='bbox 524 2574 569 2614; x_wconf 90' lang='lat' dir='ltr'><em>(c.</em></span> <span class='ocrx_word' id='word_1_502' title='bbox 591 2572 632 2606; x_wconf 91' lang='lat'><em>16</em></span> <span class='ocrx_word' id='word_1_503' title='bbox 660 2572 695 2605; x_wconf 89' lang='lat' dir='ltr'><em>in</em></span> <span class='ocrx_word' id='word_1_504' title='bbox 713 2571 775 2611; x_wconf 84' lang='lat' dir='ltr'><em>Vl,</em></span> <span class='ocrx_word' id='word_1_505' title='bbox 804 2571 834 2610; x_wconf 92' lang='lat'><em>1,</em></span> <span class='ocrx_word' id='word_1_506' title='bbox 860 2570 897 2614; x_wconf 88' lang='lat'><em>6)</em></span> <span class='ocrx_word' id='word_1_507' title='bbox 926 2569 1021 2603; x_wconf 86' lang='lat' dir='ltr'><em>infra</em></span> <span class='ocrx_word' id='word_1_508' title='bbox 1046 2578 1216 2607; x_wconf 88' lang='lat' dir='ltr'><em>mensem,</em></span> <span class='ocrx_word' id='word_1_509' title='bbox 1243 2568 1324 2610; x_wconf 87' lang='lat' dir='ltr'><em>post</em></span> <span class='ocrx_word' id='word_1_510' title='bbox 1351 2564 1560 2598; x_wconf 81' lang='lat' dir='ltr'><em>electionem</em></span> <span class='ocrx_word' id='word_1_511' title='bbox 1587 2561 1820 2601; x_wconf 77' lang='lat' dir='ltr'><em>intellectam,</em></span> 
     </span>
     <span class='ocr_line' id='line_1_45' title="bbox 62 2612 1821 2671; baseline -0.01 -9"><span class='ocrx_word' id='word_1_512' title='bbox 62 2627 130 2662; x_wconf 87' lang='lat' dir='ltr'><em>iter</em></span> <span class='ocrx_word' id='word_1_513' title='bbox 155 2627 429 2671; x_wconf 79' lang='lat' dir='ltr'><em>ingrederentur</em></span> <span class='ocrx_word' id='word_1_514' title='bbox 455 2628 491 2659; x_wconf 90' lang='lat' dir='ltr'><em>et</em></span> <span class='ocrx_word' id='word_1_515' title='bbox 516 2626 610 2659; x_wconf 85' lang='lat' dir='ltr'><em>iusto</em></span> <span class='ocrx_word' id='word_1_516' title='bbox 637 2626 797 2668; x_wconf 86' lang='lat' dir='ltr'><em>tempore</em></span> <span class='ocrx_word' id='word_1_517' title='bbox 825 2622 972 2666; x_wconf 87' lang='lat' dir='ltr'><em>(„quam</em></span> <span class='ocrx_word' id='word_1_518' title='bbox 999 2621 1068 2655; x_wconf 90' lang='lat' dir='ltr'><em>cito</em></span> <span class='ocrx_word' id='word_1_519' title='bbox 1095 2621 1263 2665; x_wconf 85' lang='lat' dir='ltr'><em>poterunt</em></span> <span class='ocrx_word' id='word_1_520' title='bbox 1289 2616 1510 2659; x_wconf 80' lang='lat' dir='ltr'><em>comniode“)</em></span> <span class='ocrx_word' id='word_1_521' title='bbox 1540 2614 1583 2648; x_wconf 88' lang='lat' dir='ltr'><em>ad</em></span> <span class='ocrx_word' id='word_1_522' title='bbox 1617 2625 1697 2647; x_wconf 89' lang='lat' dir='ltr'><em>eum</em></span> <span class='ocrx_word' id='word_1_523' title='bbox 1723 2612 1821 2646; x_wconf 80' lang='lat' dir='ltr'><em>veni-</em></span> 
     </span>
     <span class='ocr_line' id='line_1_46' title="bbox 62 2666 1819 2725; baseline -0.01 -10"><span class='ocrx_word' id='word_1_524' title='bbox 62 2683 152 2722; x_wconf 89' lang='lat' dir='ltr'><em>rent,</em></span> <span class='ocrx_word' id='word_1_525' title='bbox 179 2681 249 2720; x_wconf 88' lang='lat' dir='ltr'><em>vel,</em></span> <span class='ocrx_word' id='word_1_526' title='bbox 275 2681 306 2714; x_wconf 82' lang='lat' dir='ltr'><em>si</em></span> <span class='ocrx_word' id='word_1_527' title='bbox 332 2680 399 2725; x_wconf 90' lang='lat' dir='ltr'><em>ipsi</em></span> <span class='ocrx_word' id='word_1_528' title='bbox 426 2678 608 2713; x_wconf 85' lang='lat' dir='ltr'><em>commode</em></span> <span class='ocrx_word' id='word_1_529' title='bbox 628 2678 750 2711; x_wconf 90' lang='lat' dir='ltr'><em>venire</em></span> <span class='ocrx_word' id='word_1_530' title='bbox 768 2688 837 2710; x_wconf 87' lang='lat' dir='ltr'><em>non</em></span> <span class='ocrx_word' id='word_1_531' title='bbox 856 2677 1011 2720; x_wconf 84' lang='lat' dir='ltr'><em>possent,</em></span> <span class='ocrx_word' id='word_1_532' title='bbox 1038 2673 1184 2707; x_wconf 88' lang='lat' dir='ltr'><em>idoneos</em></span> <span class='ocrx_word' id='word_1_533' title='bbox 1202 2672 1385 2705; x_wconf 86' lang='lat' dir='ltr'><em>mitterent</em></span> <span class='ocrx_word' id='word_1_534' title='bbox 1404 2670 1652 2713; x_wconf 86' lang='lat' dir='ltr'><em>procuratores</em></span> <span class='ocrx_word' id='word_1_535' title='bbox 1673 2666 1819 2710; x_wconf 64' lang='lat' dir='ltr'><em>(Mami,</em></span> 
     </span>
     <span class='ocr_line' id='line_1_47' title="bbox 64 2721 1542 2770; baseline -0.01 -1"><span class='ocrx_word' id='word_1_536' title='bbox 64 2733 169 2768; x_wconf 89' lang='lat' dir='ltr'><em>Conc.</em></span> <span class='ocrx_word' id='word_1_537' title='bbox 195 2733 333 2767; x_wconf 80' lang='lat' dir='ltr'>XXVII</span> <span class='ocrx_word' id='word_1_538' title='bbox 361 2733 449 2767; x_wconf 81' lang='grc'>1178</span> <span class='ocrx_word' id='word_1_539' title='bbox 480 2732 581 2766; x_wconf 83' lang='grc'>1189.</span> <span class='ocrx_word' id='word_1_540' title='bbox 629 2731 740 2770; x_wconf 66' lang='lat' dir='ltr'><em>Koch,</em></span> <span class='ocrx_word' id='word_1_541' title='bbox 767 2729 912 2763; x_wconf 83' lang='lat' dir='ltr'><em>Sanctio</em></span> <span class='ocrx_word' id='word_1_542' title='bbox 939 2729 1006 2762; x_wconf 88' lang='lat' dir='ltr'><em>etc.</em></span> <span class='ocrx_word' id='word_1_543' title='bbox 1035 2726 1094 2770; x_wconf 87' lang='lat' dir='ltr'>[cf.</span> <span class='ocrx_word' id='word_1_544' title='bbox 1123 2735 1231 2769; x_wconf 84' lang='lat' dir='ltr'><em>supra</em></span> <span class='ocrx_word' id='word_1_545' title='bbox 1258 2735 1290 2767; x_wconf 84' lang='lat' dir='ltr'>p.</span> <span class='ocrx_word' id='word_1_546' title='bbox 1321 2721 1417 2766; x_wconf 86' lang='lat'>116¹]</span> <span class='ocrx_word' id='word_1_547' title='bbox 1445 2721 1542 2764; x_wconf 87' lang='lat'>205).</span> 
     </span>
    </p>

    <p class='ocr_par' dir='ltr' id='par_1_5' title="bbox 62 2772 1819 2980">
     <span class='ocr_line' id='line_1_48' title="bbox 180 2772 1819 2824; baseline -0.01 -3"><span class='ocrx_word' id='word_1_548' title='bbox 180 2788 230 2821; x_wconf 87' lang='lat' dir='ltr'><em>De</em></span> <span class='ocrx_word' id='word_1_549' title='bbox 257 2786 526 2821; x_wconf 84' lang='lat' dir='ltr'><em>consecratione</em></span> <span class='ocrx_word' id='word_1_550' title='bbox 553 2786 672 2818; x_wconf 84' lang='lat' dir='ltr'><em>autem</em></span> <span class='ocrx_word' id='word_1_551' title='bbox 700 2781 924 2817; x_wconf 85' lang='lat' dir='ltr'><em>Concordata</em></span> <span class='ocrx_word' id='word_1_552' title='bbox 950 2780 1093 2824; x_wconf 88' lang='lat' dir='ltr'><em>quidem</em></span> <span class='ocrx_word' id='word_1_553' title='bbox 1120 2778 1208 2812; x_wconf 91' lang='lat' dir='ltr'><em>nihil</em></span> <span class='ocrx_word' id='word_1_554' title='bbox 1235 2776 1435 2814; x_wconf 86' lang='lat' dir='ltr'><em>habebant;</em></span> <span class='ocrx_word' id='word_1_555' title='bbox 1472 2786 1516 2807; x_wconf 83' lang='lat' dir='ltr'><em>ex</em></span> <span class='ocrx_word' id='word_1_556' title='bbox 1553 2772 1698 2816; x_wconf 88' lang='lat' dir='ltr'><em>antiquo</em></span> <span class='ocrx_word' id='word_1_557' title='bbox 1734 2784 1819 2806; x_wconf 79' lang='lat' dir='ltr'><em>vero</em></span> 
     </span>
     <span class='ocr_line' id='line_1_49' title="bbox 62 2824 1819 2880; baseline -0.009 -6"><span class='ocrx_word' id='word_1_558' title='bbox 62 2840 137 2874; x_wconf 83' lang='lat' dir='ltr'><em>iure</em></span> <span class='ocrx_word' id='word_1_559' title='bbox 163 2839 340 2874; x_wconf 87' lang='lat' dir='ltr'><em>communi</em></span> <span class='ocrx_word' id='word_1_560' title='bbox 367 2839 461 2872; x_wconf 85' lang='lat' dir='ltr'><em>intra</em></span> <span class='ocrx_word' id='word_1_561' title='bbox 487 2841 562 2872; x_wconf 87' lang='lat' dir='ltr'><em>tres</em></span> <span class='ocrx_word' id='word_1_562' title='bbox 589 2847 729 2870; x_wconf 86' lang='lat' dir='ltr'><em>menses</em></span> <span class='ocrx_word' id='word_1_563' title='bbox 757 2834 854 2880; x_wconf 90' lang='lat' dir='ltr'><em>(post</em></span> <span class='ocrx_word' id='word_1_564' title='bbox 889 2830 1210 2873; x_wconf 86' lang='lat' dir='ltr'><em>confirmationem)</em></span> <span class='ocrx_word' id='word_1_565' title='bbox 1249 2829 1384 2873; x_wconf 85' lang='lat' dir='ltr'><em>suscipi</em></span> <span class='ocrx_word' id='word_1_566' title='bbox 1420 2827 1582 2866; x_wconf 87' lang='lat' dir='ltr'><em>debebat,</em></span> <span class='ocrx_word' id='word_1_567' title='bbox 1617 2826 1679 2867; x_wconf 87' lang='lat' dir='ltr'><em>ita,</em></span> <span class='ocrx_word' id='word_1_568' title='bbox 1714 2828 1753 2859; x_wconf 89' lang='lat' dir='ltr'><em>ut</em></span> <span class='ocrx_word' id='word_1_569' title='bbox 1789 2824 1819 2858; x_wconf 92' lang='lat' dir='ltr'><em>si</em></span> 
     </span>
     <span class='ocr_line' id='line_1_50' title="bbox 63 2879 1819 2937; baseline -0.01 -9"><span class='ocrx_word' id='word_1_570' title='bbox 63 2893 142 2937; x_wconf 89' lang='lat' dir='ltr'><em>quis</em></span> <span class='ocrx_word' id='word_1_571' title='bbox 168 2904 231 2927; x_wconf 90' lang='lat' dir='ltr'><em>suo</em></span> <span class='ocrx_word' id='word_1_572' title='bbox 258 2893 346 2927; x_wconf 88' lang='lat' dir='ltr'><em>vitio</em></span> <span class='ocrx_word' id='word_1_573' title='bbox 373 2903 449 2926; x_wconf 88' lang='lat' dir='ltr'><em>eam</em></span> <span class='ocrx_word' id='word_1_574' title='bbox 476 2890 618 2934; x_wconf 85' lang='lat' dir='ltr'><em>longius</em></span> <span class='ocrx_word' id='word_1_575' title='bbox 646 2887 856 2928; x_wconf 82' lang='lat' dir='ltr'><em>distulisset,</em></span> <span class='ocrx_word' id='word_1_576' title='bbox 893 2885 1139 2921; x_wconf 86' lang='lat' dir='ltr'><em>communione</em></span> <span class='ocrx_word' id='word_1_577' title='bbox 1167 2882 1340 2917; x_wconf 81' lang='lat' dir='ltr'><em>ecclesiae</em></span> <span class='ocrx_word' id='word_1_578' title='bbox 1366 2881 1584 2925; x_wconf 86' lang='lat' dir='ltr'><em>privaretur,</em></span> <span class='ocrx_word' id='word_1_579' title='bbox 1620 2879 1730 2913; x_wconf 90' lang='lat' dir='ltr'><em>donec</em></span> <span class='ocrx_word' id='word_1_580' title='bbox 1757 2880 1819 2912; x_wconf 86' lang='lat' dir='ltr'><em>aut</em></span> 
     </span>
     <span class='ocr_line' id='line_1_51' title="bbox 62 2933 1817 2980; baseline -0.008 -2"><span class='ocrx_word' id='word_1_581' title='bbox 62 2944 137 2980; x_wconf 87' lang='lat' dir='ltr'><em>loco</em></span> <span class='ocrx_word' id='word_1_582' title='bbox 173 2945 315 2980; x_wconf 83' lang='lat' dir='ltr'><em>cederet</em></span> <span class='ocrx_word' id='word_1_583' title='bbox 349 2947 410 2979; x_wconf 89' lang='lat' dir='ltr'><em>aut</em></span> <span class='ocrx_word' id='word_1_584' title='bbox 445 2955 483 2978; x_wconf 89' lang='lat' dir='ltr'><em>se</em></span> <span class='ocrx_word' id='word_1_585' title='bbox 519 2941 797 2977; x_wconf 86' lang='lat' dir='ltr'><em>consecrandum</em></span> <span class='ocrx_word' id='word_1_586' title='bbox 834 2940 995 2978; x_wconf 87' lang='lat' dir='ltr'><em>offerret;</em></span> <span class='ocrx_word' id='word_1_587' title='bbox 1032 2939 1085 2972; x_wconf 86' lang='lat' dir='ltr'><em>sin</em></span> <span class='ocrx_word' id='word_1_588' title='bbox 1123 2939 1242 2970; x_wconf 87' lang='lat' dir='ltr'><em>autem</em></span> <span class='ocrx_word' id='word_1_589' title='bbox 1269 2935 1364 2969; x_wconf 85' lang='lat' dir='ltr'><em>ultra</em></span> <span class='ocrx_word' id='word_1_590' title='bbox 1391 2933 1546 2978; x_wconf 84' lang='lat' dir='ltr'><em>quinque</em></span> <span class='ocrx_word' id='word_1_591' title='bbox 1573 2943 1713 2966; x_wconf 90' lang='lat' dir='ltr'><em>menses</em></span> <span class='ocrx_word' id='word_1_592' title='bbox 1740 2943 1817 2965; x_wconf 87' lang='lat' dir='ltr'><em>eam</em></span> 
     </span>
    </p>
   </div>
   <div class='ocr_carea' id='block_1_4' title="bbox 180 3016 997 3051">
    <p class='ocr_par' dir='ltr' id='par_1_6' title="bbox 180 3016 997 3051">
     <span class='ocr_line' id='line_1_52' title="bbox 180 3016 997 3051; baseline -0.01 -6"><span class='ocrx_word' id='word_1_593' title='bbox 180 3021 206 3051; x_wconf 83' lang='lat' dir='ltr'><em>a)</em></span> <span class='ocrx_word' id='word_1_594' title='bbox 228 3022 261 3046; x_wconf 71' lang='lat' dir='ltr'><em>In</em></span> <span class='ocrx_word' id='word_1_595' title='bbox 282 3020 360 3045; x_wconf 72' lang='lat' dir='ltr'><em>arch.</em></span> <span class='ocrx_word' id='word_1_596' title='bbox 380 3023 541 3051; x_wconf 55' lang='lat' dir='ltr'><em>sequnntur</em></span> <span class='ocrx_word' id='word_1_597' title='bbox 562 3027 602 3043; x_wconf 74' lang='lat' dir='ltr'><em>vr.</em></span> <span class='ocrx_word' id='word_1_598' title='bbox 624 3018 744 3049; x_wconf 76' lang='lat' dir='ltr'><em>tenipus</em></span> <span class='ocrx_word' id='word_1_599' title='bbox 764 3016 804 3045; x_wconf 80' lang='lat' dir='ltr'><em>et,</em></span> <span class='ocrx_word' id='word_1_600' title='bbox 824 3016 997 3039; x_wconf 58' lang='lat' dir='ltr'><em>oblitterata.</em></span> 
     </span>
    </p>
   </div>
   <div class='ocr_carea' id='block_1_5' title="bbox 64 3122 1817 3228">
    <p class='ocr_par' dir='ltr' id='par_1_7' title="bbox 64 3122 1817 3228">
     <span class='ocr_line' id='line_1_53' title="bbox 182 3122 1817 3177; baseline -0.009 -9"><span class='ocrx_word' id='word_1_601' title='bbox 182 3133 192 3153; x_wconf 89' lang='lat'>¹</span> <span class='ocrx_word' id='word_1_602' title='bbox 218 3132 557 3177; x_wconf 83' lang='lat' dir='ltr'><em>Archiepiscopatus</em></span> <span class='ocrx_word' id='word_1_603' title='bbox 575 3128 796 3164; x_wconf 84' lang='lat' dir='ltr'><em>treverensis</em></span> <span class='ocrx_word' id='word_1_604' title='bbox 814 3129 888 3161; x_wconf 87' lang='lat' dir='ltr'><em>tres</em></span> <span class='ocrx_word' id='word_1_605' title='bbox 907 3125 1062 3160; x_wconf 80' lang='lat' dir='ltr'><em>habebat</em></span> <span class='ocrx_word' id='word_1_606' title='bbox 1081 3124 1308 3169; x_wconf 88' lang='lat' dir='ltr'><em>episcopatus</em></span> <span class='ocrx_word' id='word_1_607' title='bbox 1327 3122 1592 3166; x_wconf 78' lang='lat' dir='ltr'><em>suffraganeos:</em></span> <span class='ocrx_word' id='word_1_608' title='bbox 1620 3123 1817 3154; x_wconf 85' lang='lat' dir='ltr'><em>metensem</em></span> 
     </span>
     <span class='ocr_line' id='line_1_54' title="bbox 64 3178 1103 3228; baseline -0.008 -9"><span class='ocrx_word' id='word_1_609' title='bbox 64 3184 203 3228; x_wconf 85' lang='lat' dir='ltr'><em>(Metz),</em></span> <span class='ocrx_word' id='word_1_610' title='bbox 229 3185 419 3219; x_wconf 89' lang='lat' dir='ltr'><em>tullensem</em></span> <span class='ocrx_word' id='word_1_611' title='bbox 449 3183 583 3228; x_wconf 84' lang='lat' dir='ltr'><em>(Toul),</em></span> <span class='ocrx_word' id='word_1_612' title='bbox 610 3182 884 3216; x_wconf 79' lang='lat' dir='ltr'><em>virodunensem</em></span> <span class='ocrx_word' id='word_1_613' title='bbox 913 3178 1103 3222; x_wconf 68' lang='lat' dir='ltr'><em>(Yerdun).</em></span> 
     </span>
    </p>
   </div>
  </div>
 </body>
</html>
