2045 3471
216 198 300 239 558
437 197 533 232 Mon.
552 197 751 233 655—657
777 199 855 233 sive
881 211 962 244 aug.
984 200 1021 244 (b
1042 200 1205 244 12)—(b
1228 202 1298 245 14).
1337 202 1368 236 8.
1393 202 1474 246 Apr.
1496 222 1539 226 —
1558 214 1603 237 111.
1625 202 1703 238 Oct.
1725 205 1826 240 1565.

214 318 365 357 contra
407 330 491 358 non
532 317 714 360 laudant
753 318 830 360 sed
872 319 994 372 quasi
1034 319 1163 362 irasci
1196 320 1361 371 volunt,
1405 321 1505 374 quia
1544 321 1776 367 indiscrete
1818 325 1979 378 agitur,

213 380 369 433 pudica
416 381 546 422 corda
593 386 770 436 possent
817 384 988 435 offendi,
1036 399 1121 426 non
1170 399 1276 439 opus
1324 386 1376 427 de
1422 386 1489 428 his
1535 387 1664 429 rebus
1710 390 1976 443 praedicare.

213 444 263 486 R.
282 444 401 486 Nihil
424 445 593 487 facilius
616 461 745 499 quam
768 448 916 490 audire
941 449 1297 500 contionatorem,
1332 450 1391 491 nil
1414 450 1628 493 difficilius
1659 467 1787 506 quam
1820 455 1976 499 omnib.

212 508 467 551 satisfacere
508 510 588 552 hoc
628 513 836 566 tempore.
903 515 926 554 2
959 514 1133 567 legatur
1177 528 1211 557 0.
1249 516 1269 555 1
1304 515 1373 556 Ad
1405 515 1528 558 Rom.
1571 519 1616 559 et
1646 517 1784 562 Leuit.
1820 521 1919 562 2O.1
1951 522 1977 562 3

212 576 256 615 et
297 574 370 628 alij
413 575 644 619 doctores.
671 576 756 619 Got
797 578 939 620 Helffe
973 579 1056 621 Got
1079 612 1088 621 .
1112 593 1197 620 non
1238 579 1573 623 miserabiliores
1613 582 1807 625 homines
1848 598 1976 637 quam

210 639 546 692 praedicatores,
587 655 672 683 una
704 642 811 684 hora
842 643 956 696 perit
986 643 1070 685 illis
1103 644 1216 697 quod
1247 647 1340 687 toto
1373 659 1486 687 anno
1519 646 1732 691 edificant.
1796 648 1896 691 Gru
1909 649 1978 692 ci-

210 703 325 757 fige
371 705 697 759 Crucifige2.
774 708 877 750 Det
919 708 1003 750 illis
1052 709 1299 751 dominus
1352 709 1738 754 intellectum3
1786 716 1830 756 et
1873 714 1976 756 mihi

210 768 464 821 patientiam
499 773 542 812 et
575 771 771 814 omnibus
803 772 920 815 uitae
953 774 1275 816 correctionem.

216 889 319 926 655
346 891 424 926 sive
451 900 574 936 aug.
603 891 658 937 (b
680 892 782 937 12).
858 894 889 928 8.
908 892 1049 940 Aprilis
1076 893 1168 930 1565.

329 961 382 995 Ex
400 963 575 996 contionis
594 963 858 1005 commentario,
877 975 898 997 a
917 963 1057 999 canisio
1075 966 1269 1009 recognito.
1305 967 1388 1000 Cod.
1405 968 1532 1011 otting.
1552 969 1610 1009 „L.
1628 968 1685 1003 Cf
1705 969 1729 1003 f.
1747 970 1975 1010 1662—1692.

330 1033 464 1076 Aliqua.
491 1044 533 1066 ιη·
558 1034 708 1077 cmtiqeca
735 1035 895 1068 ecclesiae
920 1040 1140 1078 auyusacnae
1165 1036 1327 1078 litursjia.

332 1098 498 1130 Canlsiics
518 1099 555 1130 ἰνι
569 1100 725 1132 contione
739 1101 922 1143 Aicyastae
941 1102 978 1132 in
996 1102 1120 1143 templo
1139 1102 1334 1135 cathedrali
1348 1104 1537 1136 Dominica
1552 1105 1733 1138 Passionis
1748 1108 1799 1146 (8.
1812 1107 1972 1148 Aprilis)

210 1161 242 1182 a.
272 1152 363 1183 1565
388 1151 508 1183 habita
536 1152 718 1184 (cziclltores
750 1153 800 1185 sic
827 1154 962 1186 monuit
988 1154 1028 1185 cle
1055 1156 1280 1187 caerimoniis
1315 1161 1344 1187 et
1371 1156 1517 1189 vestibus
1546 1159 1670 1201 sacris,
1707 1169 1796 1201 qaae
1829 1170 1866 1192 eo
1892 1164 1974 1192 tem-

208 1213 295 1245 pore
331 1204 367 1236 ιή
401 1204 548 1237 dioecesi·
582 1209 783 1248 sclcyllsla)la
819 1206 1100 1239 adhibebantur:
1136 1208 1249 1240 Sacro
1283 1208 1347 1241 hoo
1372 1214 1524 1251 tempore
1549 1211 1730 1244 Passionis
1766 1213 1974 1256 proponitur

210 1266 308 1295 crux,
336 1257 372 1288 et
397 1254 604 1290 ostenditur
623 1257 718 1291 color
744 1258 963 1300 sanguineus
991 1262 1026 1292 et
1043 1260 1184 1299 rubeus,
1213 1264 1250 1293 ut
1276 1262 1328 1294 sic
1355 1262 1462 1295 etiam
1490 1262 1616 1297 melius
1643 1265 1870 1298 recordemur
1894 1276 1973 1310 pas-

210 1309 330 1349 sionis,
357 1309 391 1342 in
418 1320 489 1353 qua
516 1309 680 1344 Christus
708 1311 859 1344 nobilem
888 1315 923 1345 et
949 1312 1096 1346 rubeum
1123 1314 1334 1355 sanguinein
1362 1315 1497 1349 effudit.

212 1412 316 1448 656
344 1414 422 1448 sive
450 1422 573 1457 aug.
603 1413 658 1459 (b
679 1414 783 1459 13).
858 1416 914 1452 28.
940 1416 1166 1463 Septembris
1192 1417 1285 1454 1565.

327 1484 382 1518 Ex
407 1485 613 1530 apographo
639 1487 797 1520 eiusdem
823 1489 1005 1533 temporis.
1061 1488 1199 1530 „Gerra
1228 1490 1291 1524 65“
1323 1490 1345 1524 f.
1377 1491 1446 1525 16¹¹.

327 1555 365 1588 P.
394 1556 648 1589 Stevordianns
674 1558 853 1600 Azeyastae
881 1560 916 1591 in
944 1560 1084 1592 ecclesia
1112 1560 1317 1604 cathedrali,
1344 1561 1467 1594 saltem
1494 1563 1609 1605 quoad
1635 1563 1802 1597 Cani-sias
1827 1575 1870 1597 ear
1891 1576 1972 1608 per-

209 1610 428 1650 eyrinatione
454 1610 585 1652 redeat,
613 1611 815 1643 contionari
841 1615 897 1651 (ut
925 1614 995 1644 iam
1020 1614 1136 1654 fauste
1162 1614 1290 1655 eoepit)
1320 1614 1468 1647 elabetur.

329 1674 365 1706 P.
403 1674 554 1707 Ioannes
590 1676 631 1707 (le
668 1675 841 1719 Polaneo,
892 1677 1074 1709 Societali's
1111 1679 1341 1721 secretarius,
1390 1679 1503 1712 Roma
1541 1682 1597 1713 28.
1631 1681 1840 1723 Septembris
1880 1684 1970 1716 1565

208 1725 246 1758 P.
266 1726 425 1759 Marte'no
450 1727 683 1761 Sterorcle’ano
702 1729 738 1761 S.
757 1730 806 1772 J.,
833 1731 894 1772 qai
916 1730 1058 1763 Caiiisio
1077 1731 1223 1763 Romam
1251 1736 1351 1764 eunte
1377 1734 1451 1765 eias
1475 1734 1548 1766 loco
1576 1736 1755 1776 Auynstae
1781 1736 1819 1767 in
1845 1736 1971 1778 templo

208 1779 406 1812 cathedrali
431 1781 634 1814 contionari
661 1782 777 1814 lassas
803 1787 878 1815 erat
905 1783 1000 1823 (vide
1024 1795 1137 1827 snpra
1159 1796 1196 1826 p.
1218 1786 1317 1827 552),
1344 1787 1507 1828 scripsit:
1532 1786 1747 1829 Pergratum
1773 1787 1873 1821 nobis
1899 1788 1971 1822 fuit

208 1831 242 1864 in
270 1831 429 1871 Domino,
465 1833 556 1876 quod
584 1833 826 1868 intelleximus
854 1834 906 1869 R.
933 1835 976 1869 V.
1004 1836 1239 1870 ministerium
1268 1838 1301 1870 in
1337 1838 1601 1882 praedicatione
1628 1840 1850 1883 Augustanis
1876 1841 1968 1875 fruc-

206 1886 349 1918 tuosum
375 1897 440 1919 nec
466 1886 583 1920 minus
601 1886 792 1920 iucundum
820 1887 993 1922 hactenus
1011 1889 1185 1929 extitisse,
1214 1892 1249 1923 et
1275 1892 1314 1924 ut
1341 1891 1375 1924 in
1401 1893 1580 1935 posterum
1601 1892 1754 1936 idipsum
1772 1904 1969 1937 speremus,

207 1939 243 1971 et
278 1937 430 1982 amplius
466 1939 508 1972 de
534 1939 599 1972 Dei
635 1940 792 1973 bonitate
827 1952 979 1984 aequum
1014 1945 1078 1976 est.
1132 1942 1217 1976 Cum
1255 1946 1374 1977 autem
1408 1944 1448 1978 R..
1475 1944 1513 1978 Ρ.
1542 1945 1776 1980 Prouincialis
1804 1945 1968 1980 Canisius

206 1990 413 2034 aliquandiu
439 1992 565 2026 abesse
591 1992 635 2026 ab
662 1994 877 2036 Augustana
904 1994 1055 2028 ecclesia
1082 1996 1218 2037 debeat,
1245 1999 1283 2030 ut
1310 1996 1353 2030 ab
1380 1997 1456 2041 ipso
1484 1998 1661 2041 intelliget
1687 1998 1726 2032 R.
1755 1998 1816 2033 V.:
1849 1999 1967 2034 uisum

207 2046 262 2077 est
279 2043 320 2077 R.
336 2044 374 2078 P.
389 2044 432 2078 N.
452 2044 669 2089 Praeposito,
697 2047 876 2090 expedire,
903 2050 943 2081 ut
960 2047 1072 2092 ipsius
1098 2049 1174 2083 loco
1201 2053 1343 2083 maneat
1362 2051 1557 2094 Augustae,
1584 2052 1677 2096 quod
1696 2052 1740 2085 ad
1759 2052 1965 2086 cathedram

206 2096 346 2134 attinet,
382 2109 423 2131 ac
458 2098 558 2143 uerbj
595 2098 659 2132 Dei
694 2100 1007 2143 praedicationem.
1058 2101 1132 2136 Nec
1167 2102 1370 2137 dubitamus
1406 2104 1499 2147 quod
1527 2104 1579 2139 .R.
1606 2105 1648 2139 V.
1675 2104 1742 2139 hoc
1777 2105 1966 2140 charitatis

204 2161 349 2184 munere
376 2162 416 2184 eo
442 2151 611 2185 libentius
637 2151 817 2195 fungetur,
854 2154 947 2197 quod
974 2158 1115 2198 praeter
1141 2159 1371 2190 externorum
1398 2157 1620 2201 spiritualem
1656 2157 1861 2200 utilitatem,
1895 2159 1964 2204 ipsi

203 2203 311 2237 etiam
337 2204 507 2238 Societati
542 2205 683 2239 0111111110
718 2206 894 2248 conuenit,
930 2211 971 2241 ut
1006 2209 1055 2241 ita
1090 2208 1124 2242 id
1151 2209 1224 2245 fiat.
1251 2210 1293 2243 ad
1322 2213 1463 2254 tempus
1489 2210 1628 2253 saltem,
1665 2211 1776 2245 donec
1802 2211 1852 2246 .Ρ.
1879 2212 1965 2246 Pro-

203 2256 367 2291 uincialis
395 2259 597 2300 Augustam
623 2258 758 2293 redeat.

203 2358 306 2395 657
333 2361 410 2395 sive
438 2370 560 2406 aug.
589 2361 645 2407 (b
669 2361 768 2406 14).
842 2363 884 2398 M.
905 2362 1054 2399 Octobri
1082 2363 1176 2400 1565.

319 2430 372 2464 Ex
400 2432 633 2476 autographo.
689 2433 750 2475 „Gn
780 2434 842 2479 Ep.
871 2435 939 2468 Vt*
970 2435 994 2469 f.
1023 2436 1094 2470 94¹³.

318 2497 545 2530 Stevordiani
577 2500 761 2533 contiones.
816 2500 997 2534 Canisimn
1034 2507 1096 2534 aab
1122 2503 1320 2544 Augustam
1357 2514 1423 2536 non
1462 2505 1578 2536 redire
1613 2510 1675 2538 aut
1710 2507 1876 2539 continno
1913 2506 1962 2539 chi

202 2559 341 2582 manere
368 2550 494 2583 colunt.

317 2622 365 2663 P.
397 2622 676 2664 'l'lceoclorlcns
710 2624 908 2666 Cratistus
930 2626 973 2668 S.
993 2626 1050 2679 J„
1087 2628 1344 2669 Germaniae
1378 2630 1746 2682 oiceprovlncialis,
1780 2630 1958 2685 Dilinya

201 2687 267 2725 11.
306 2686 492 2728 Octobris
525 2689 639 2729 1565
674 2690 716 2730 S.
738 2689 966 2731 Franclsco
1000 2692 1182 2745 Borye'ae
1210 2695 1448 2747 praeposito
1477 2694 1667 2746 ρεπεν-((11
1698 2695 1757 2734 ita
1790 2696 1960 2748 scripsit

200 2750 249 2790 (le
271 2751 319 2793 P.
340 2752 627 2803 Steoordiano,
662 2755 735 2807 qui
757 2754 880 2795 Petro
905 2755 1075 2796 canisio
1099 2758 1293 2812 Auyusta
1316 2758 1492 2799 Romam
1527 2763 1698 2811 evocato,
1732 2759 1956 2801 Allonaclzio

200 2814 256 2853 sal
300 2817 505 2857 contiones
549 2819 592 2858 liz
634 2819 870 2860 cathedrali
914 2822 1081 2862 ecclesia
1125 2824 1212 2862 elas
1258 2824 1343 2863 loco
1389 2823 1609 2864 habendas
1651 2824 1803 2865 missus
1843 2830 1956 2866 erat:

199 2876 330 2918 Pater
370 2880 581 2922 Martinus
620 2882 929 2925 Steuordianus
970 2885 1114 2938 placet
1146 2886 1414 2938 Augustanis
1454 2887 1496 2927 in
1538 2886 1626 2927 suis
1667 2887 1955 2940 concionibus,

199 2943 247 2981 vt
287 2942 506 2996 plaerique
539 2959 635 2986 eum
669 2947 817 2988 audire
850 2948 1004 2990 malint
1037 2964 1163 3002 quam
1197 2951 1327 2991 alium
1360 2950 1601 3003 quemuis..
1629 2985 1636 2992 .
1663 2986 1669 2993 .
1735 2951 1955 2995 Obtulisse

322 3075 327 3087 ²
356 3069 442 3102 Rom
473 3072 500 3111 1,
528 3072 665 3106 24—27
702 3076 737 3107 et
763 3075 814 3107 Lv
842 3076 896 3115 20,
927 3076 1060 3110 10—21
1099 3078 1199 3110 varia
1236 3078 1419 3111 libidinum
1447 3089 1579 3121 genera
1605 3081 1663 3112 sat
1688 3078 1805 3123 planis
1833 3081 1953 3115 verbis

200 3126 439 3155 recensentur.
584 3125 596 3144 2
623 3124 671 3158 Lc
697 3126 752 3166 23,
780 3127 834 3160 21.
886 3128 922 3161 10
951 3129 1004 3169 19,
1033 3130 1064 3162 6.

318 3173 329 3191 ³
355 3172 409 3206 Ex
437 3174 490 3215 36,
521 3176 547 3207 1.
601 3177 620 3208 2
648 3177 723 3211 Tim
751 3179 782 3217 2,
810 3180 839 3212 7.
893 3180 945 3213 Cf.
975 3181 1020 3214 ΡΞ
1050 3182 1101 3221 1-5,
1130 3183 1168 3221 7;
1198 3182 1251 3222 31,
1278 3182 1318 3223 8;
1347 3184 1424 3224 118,
1451 3184 1496 3217 34
1522 3187 1587 3217 etc.
