2077 3461
238 203 317 243 112
739 198 840 232 1249.
868 197 1106 231 Theodoricus
1134 195 1298 231 Canisius
1325 195 1477 230 Canisio.

232 318 415 372 amplius
437 317 634 370 proficiat
649 318 676 359 1.
720 316 869 358 Socius
891 329 994 357 vero
1018 315 1108 356 eius
1131 314 1299 364 Petrus⁷
1328 313 1614 367 Oenipontum
1638 314 1751 357 forte
1773 315 1982 365 mittetur,

231 385 332 436 eget
364 382 474 424 enim
509 384 552 423 et
583 381 656 423 ille
688 381 919 424 Rhetorico
953 380 1107 427 studio,
1141 378 1261 420 cuius
1293 392 1432 431 neque
1463 378 1531 419 hic
1561 393 1699 431 neque
1721 379 1983 433 Jngolstadij

231 447 370 489 socios
401 447 533 489 habet
546 447 575 496 2,
608 445 822 499 Monachij
847 449 990 487 autem
1023 444 1169 498 plures
1201 446 1303 485 sunt
1335 457 1462 495 quam
1495 443 1638 485 ferant
1670 443 1784 485 illius
1806 444 1983 498 Collegij

230 512 420 554 rationes
459 511 538 552 hoc
570 513 778 564 tempore.
841 510 971 551 Forte
1012 511 1056 550 et
1087 507 1280 549 nonnulli
1313 507 1384 561 alij
1419 507 1707 561 Oenipontum
1739 508 1853 551 mitti
1886 522 1985 562 pos-

231 579 348 626 sent,
398 590 526 629 quum
571 589 734 629 paucae
775 574 818 615 in
860 588 909 615 eo
951 572 1140 625 Collegio
1188 572 1276 614 sint
1316 585 1539 626 personae.
1605 572 1781 615 Vtinam
1827 573 1984 614 bonum

230 642 411 683 haberet
451 640 686 693 Collegium
729 639 833 680 illud
875 637 1195 679 Confessarium
1237 638 1307 678 vel
1347 650 1492 678 rerum
1533 637 1819 690 spiritualium
1859 651 1985 691 prae-

230 706 404 748 fectum.
468 705 644 747 Rectius
676 704 790 745 forte
823 717 917 744 cum
951 702 1025 743 1110
1059 704 1274 755 ageretur.
1338 701 1436 743 Non
1468 701 1642 755 ingrata
1674 701 1787 743 forte
1819 702 1864 745 P.
1898 701 1985 743 Do-

231 771 385 813 minico
426 770 628 823 Mengino
670 769 725 810 ad
766 772 937 821 tempus
978 767 1084 808 haec
1127 770 1243 809 esset
1283 767 1494 816 conditio,
1540 781 1669 819 quum
1714 766 1750 808 is
1790 767 1984 808 laborum

231 834 595 877 Monachiensium
641 835 872 885 Vtcumque
919 835 1146 885 pertaesus
1191 832 1411 882 videatur,
1462 831 1537 873 sed
1585 845 1712 884 quam
1760 844 1896 884 aequo
1943 831 1985 872 id

231 900 372 942 animo
405 899 539 941 ferret
572 899 622 940 D.
647 898 836 939 Paulus3
867 896 1041 947 Rectm,
1075 896 1233 938 nescio.

349 965 522 1005 Habent
555 977 667 1004 nunc
689 961 1065 1015 Jngolstadienses
1089 963 1113 1002 5
1147 961 1217 1003 vel
1240 975 1319 1003 sex
1352 961 1484 1002 bonos
1508 938 1780 1003 coadiutores
1812 963 1986 1014 piaeter

232 1029 480 1071 Vdalricum
515 1042 695 1080 coquum
730 1026 801 1079 qui
833 1027 954 1068 breui
986 1026 1101 1068 scite
1135 1026 1389 1069 dimittetur

348 1095 394 1136 P.
430 1093 708 1135 Guilielmus4
750 1105 805 1133 ex
846 1091 1063 1133 sententia
1104 1091 1342 1133 Cardinalis
1383 1094 1426 1133 et
1468 1091 1719 1141 amicorum,
1762 1090 1986 1143 Augustae

234 1159 453 1201 videretur
484 1157 803 1210 relinquendus.
865 1156 984 1198 Nihil
1017 1156 1128 1197 enim
1163 1156 1286 1197 obest
1318 1169 1474 1197 causae
1506 1158 1695 1205 nostrae,
1737 1159 1781 1197 et
1814 1154 1986 1196 difficile

233 1224 315 1266 erit
348 1223 613 1265 commodum
649 1221 835 1273 aliquem
869 1221 906 1262 ei
938 1221 1215 1263 substituere.
1267 1220 1312 1263 P.
1337 1220 1579 1262 Martinus5
1610 1220 1690 1262 sibi
1723 1219 1872 1261 similis
1905 1222 1985 1269 est,

234 1289 406 1343 placent
439 1288 528 1329 eius
561 1287 800 1336 conciones,
833 1286 1013 1328 libertas
1045 1285 1191 1328 multis
1222 1299 1307 1326 non
1329 1286 1484 1339 placet.
1538 1285 1672 1326 Doleo
1696 1284 1986 1326 saecularibus

236 1354 342 1396 adeo
374 1354 492 1394 illum
516 1366 611 1394 esse
632 1351 888 1393 familiarem
914 1350 1167 1405 praesertim
1190 1350 1233 1391 in
1256 1349 1498 1403 symposiJ‘s.
1533 1349 1698 1392 obtinet
1719 1349 1803 1391 iam
1826 1348 1986 1402 passim

235 1433 390 1460 nomen
430 1417 530 1459 boni
562 1417 678 1470 socij‚
721 1416 962 1468 diciturque
994 1429 1020 1457 a
1052 1415 1156 1456 viris
1193 1415 1475 1468 prudentibus
1507 1429 1591 1456 non
1625 1428 1719 1456 esse
1751 1414 1985 1456 societatis.

238 1484 411 1525 Habent
452 1496 546 1523 eum
588 1481 772 1524 libenter
812 1480 1025 1530 Canonici,
1069 1480 1140 1532 qui
1181 1479 1359 1521 subinde
1401 1493 1496 1521 eum
1536 1479 1737 1522 inuitant.
1798 1479 1987 1521 Adiuuet

236 1563 313 1590 nos
346 1548 564 1589 Dominus.

354 1613 579 1665 Augustae
610 1614 677 1654 tot
709 1610 961 1665 septimanis
984 1610 1204 1663 tantisque
1227 1609 1468 1663 sumptibus
1490 1609 1593 1650 nihil
1616 1609 1729 1663 apud
1752 1608 1986 1650 Canonicos

236 1680 279 1720 in
302 1678 474 1731 negotio
497 1676 717 1718 societatis
749 1675 966 1730 promouit
988 1675 1387 1716 Reuerendissimus
1400 1676 1429 1717 ⁶.
1481 1674 1647 1716 Nolunt
1678 1673 1740 1715 illi
1763 1675 1986 1727 Augustae

237 1742 489 1785 societatem
543 1742 637 1795 alijs
690 1740 1003 1782 conditionibus
1056 1754 1184 1793 quam
1237 1753 1345 1792 quae
1397 1739 1605 1793 superiori
1657 1753 1768 1780 3000
1820 1738 1987 1792 positae

237 1807 451 1849 fuerunt7.
515 1806 713 1858 Dilingae
746 1806 898 1847 nolunt
929 1805 1194 1854 societatem,
1234 1804 1308 1845 sed
1341 1804 1608 1858 professores
1641 1803 1759 1846 alios.
1823 1803 1987 1845 Saltem

239 1870 479 1913 fundationi
520 1872 764 1924 repugnant
796 1870 981 1912 fortiter.
1045 1869 1177 1910 Varia
1210 1869 1350 1922 agitat
1382 1869 1558 1910 consilia
1590 1867 1988 1910 Reuerendissimus

238 1950 316 1978 nec
357 1935 471 1977 aliud
513 1935 604 1976 fere
641 1937 814 1988 praeter
845 1936 994 1976 nostra
1027 1948 1179 1975 curare
1212 1948 1322 1975 nunc
1355 1933 1539 1977 videtur.
1603 1933 1696 1974 Dici
1728 1947 1812 1974 non
1843 1934 1988 1986 potest

361 2064 370 2083 ¹
405 2063 443 2096 10
479 2063 675 2105 *Cataloyo
711 2061 852 2104 collegii
886 2061 1021 2095 romani
1057 2062 1200 2095 ineunte
1235 2073 1265 2095 3.
1305 2062 1392 2095 1565
1428 2061 1560 2105 scripto
1595 2061 1687 2094 inter
1725 2060 1988 2102 „Humanitatis

238 2116 448 2150 Auditores“
465 2117 672 2149 recensetur
689 2114 900 2156 „Balthasar
914 2115 1131 2148 Germanus“
1153 2114 1282 2154 (Catal.
1297 2113 1519 2148 Rom-Tusa.
1535 2114 1765 2148 1559—1572
1780 2114 1803 2147 f.
1818 2113 1986 2156 32—33).

240 2170 277 2202 10
296 2170 312 2187 *
328 2170 505 2211 Cataloyz's
522 2167 713 2211 dilinganis
734 2168 762 2201 1.
783 2167 1000 2211 Septembris
1019 2173 1054 2200 et
1072 2168 1127 2200 31.
1142 2167 1348 2201 Decembris
1365 2168 1453 2201 1566
1472 2167 1563 2200 datis
1584 2166 1793 2208 „Balthasar
1807 2166 1982 2209 Zugerus“

238 2225 386 2255 vocatur
415 2221 727 2263 „Stockeimiensis
754 2219 972 2254 Germanus“
1003 2223 1039 2253 et
1059 2220 1430 2261 „Mellerstadensis“;
1456 2220 1548 2253 unde
1567 2219 1741 2262 Zugerum
1769 2220 1845 2263 (qui
1863 2219 1987 2263 paucis

237 2277 317 2319 post
343 2275 446 2308 annis
470 2274 611 2307 tristem
637 2273 769 2306 famam
796 2273 863 2306 sibi
883 2276 961 2306 erat
979 2272 1262 2317 comparaturus)
1284 2285 1328 2306 ex
1347 2272 1561 2313 Stockheim,
1588 2272 1666 2306 vico
1684 2284 1792 2317 prope
1810 2272 1986 2306 Mellrich-

238 2327 334 2361 stadt
352 2327 570 2360 Franconiae
596 2326 774 2359 inferioris
794 2326 959 2370 oppidum
987 2327 1066 2366 sito,
1095 2328 1209 2359 ortum
1237 2337 1316 2359 esse
1342 2326 1548 2369 collegeris:
1576 2329 1684 2369 atque
1703 2325 1797 2358 —id
1825 2324 1915 2368 quod
1943 2336 1987 2358 ex

236 2380 361 2413 iisdem
381 2379 563 2421 Catalogis
582 2378 803 2421 intellegitur
820 2397 866 2402 —-
885 2390 1055 2412 annorum
1074 2378 1133 2412 ille
1151 2382 1237 2412 tunc
1256 2382 1333 2412 erat
1349 2379 1424 2412 fere
1445 2379 1552 2421 15¹s2;
1572 2378 1785 2412 Societatem
1803 2378 1986 2420 ingressus

237 2435 314 2466 erat
338 2432 545 2475 Moguntiae
572 2443 602 2466 a.
623 2432 723 2471 1564,
750 2433 834 2464 vota
859 2431 1152 2464 scholasticorum
1179 2431 1366 2465 Societatis
1384 2430 1517 2464 Romae
1543 2432 1710 2464 emiserat
1735 2431 1766 2464 6.
1789 2430 1875 2463 lunii
1898 2431 1985 2464 1565

239 2484 364 2527 („GSC
391 2486 454 2519 66⁴²
485 2485 508 2518 f.
535 2484 621 2518 400¹)
647 2484 762 2527 40312).

355 2538 367 2558 2
394 2537 594 2581 Significari
629 2539 714 2581 puto
741 2536 885 2570 Petrum
912 2535 1085 2576 Dekium,
1118 2547 1221 2580 quem
1248 2547 1293 2569 ex
1320 2536 1535 2570 Edenkoben
1563 2535 1804 2578 (Palatinatus
1838 2534 1986 2568 rhenani

237 2591 379 2634 oppido)
408 2593 524 2624 ortum
551 2601 639 2630 esse,
667 2589 799 2623 Romae
824 2601 870 2623 01.
891 2589 1034 2623 Octobri
1061 2601 1092 2623 a.
1115 2590 1203 2622 1563
1231 2589 1265 2622 in
1285 2589 1498 2623 Societatem
1528 2589 1721 2622 admissum
1740 2599 1828 2629 esse,
1854 2587 1984 2621 ibidem

238 2643 368 2676 litteris
394 2646 429 2676 et
454 2642 669 2676 humanitati
695 2642 876 2676 studuisse
895 2642 1096 2676 affirmatur
1113 2642 1148 2675 in
1167 2644 1183 2661 *
1198 2643 1363 2685 Cataloqo
1382 2641 1652 2685 ingolstadiensi
1672 2642 1825 2674 exeunte
1844 2651 1874 2673 a.
1896 2641 1984 2674 1566

239 2695 370 2739 scripto
399 2695 435 2731 (1.
464 2708 492 2729 c.
520 2696 543 2729 f.
570 2695 683 2738 408⁸).

357 2749 369 2767 ³
396 2747 573 2782 Hoffaeus.
719 2750 731 2768 ⁴
759 2747 920 2781 Elderen.

358 2801 369 2819 ⁵
396 2800 667 2840 Stevordianus;
696 2801 755 2844 qui
774 2802 959 2844 Augustae
985 2801 1019 2834 in
1047 2800 1198 2834 ecclesia
1225 2800 1420 2834 cathedrali
1439 2799 1570 2834 Canisii
1595 2799 1669 2832 loco
1698 2798 1982 2834 contionabatur:

242 2852 284 2885 cf.
313 2863 419 2895 supra
446 2864 478 2896 p.
498 2854 636 2887 73-74
662 2854 813 2888 89—90.

358 2905 370 2923 ⁶
396 2904 446 2937 De
473 2905 528 2938 his
554 2906 745 2940 cardinalis
772 2905 915 2940 Ottonis
941 2906 1126 2940 conatibus
1153 2906 1233 2940 vide
1259 2917 1367 2950 supra
1392 2918 1425 2950 p.
1445 2906 1487 2939 75
1515 2905 1557 2939 86
1585 2907 1620 2937 et
1654 2904 1746 2937 infra
1781 2916 1872 2938 mon.
1900 2917 1982 2948 aug.

244 2956 279 2998 (3
298 2957 333 2998 5)
365 2956 400 2997 (3
419 2957 466 2999 7).

361 3010 371 3028 Τ
399 3008 446 3042 Ut
472 3010 722 3044 contionatoris
749 3012 889 3055 quidem
916 3023 1044 3045 munus
1069 3012 1104 3045 in
1131 3012 1282 3045 ecclesia
1308 3010 1503 3045 cathedrali
1530 3010 1572 3042 ab
1591 3008 1708 3052 aliquo
1735 3009 1777 3042 de
1795 3009 1982 3051 Societate,

241 3061 408 3104 quamdiu
444 3062 596 3105 capitulo
625 3063 824 3105 videretur,
860 3064 1183 3104 administraretur,
1219 3064 1354 3097 nullum
1381 3074 1465 3096 Vero
1490 3062 1584 3096 aliud
1612 3061 1847 3096 ministerium
1873 3063 1982 3097 eccle-

240 3113 424 3146 siasticum
451 3125 471 3147 a
497 3125 673 3157 quoquam
693 3115 792 3149 Socio
818 3116 876 3149 vel
902 3118 937 3149 in
964 3117 1085 3150 eadem
1112 3117 1262 3150 ecclesia
1282 3116 1338 3150 vel
1355 3116 1389 3149 in
1407 3114 1550 3159 templis
1567 3115 1611 3148 ad
1630 3126 1707 3148 eam
1725 3115 1983 3158 pertinentibus

243 3168 484 3199 exerceretur:
513 3167 593 3199 vide
623 3168 706 3200 Gan.
735 3168 783 3201 IV
810 3169 1006 3203 910—911.
