<?xml version="1.0" encoding="UTF-8"?>
<!DOCTYPE html PUBLIC "-//W3C//DTD XHTML 1.0 Transitional//EN"
    "http://www.w3.org/TR/xhtml1/DTD/xhtml1-transitional.dtd">
<html xmlns="http://www.w3.org/1999/xhtml" xml:lang="en" lang="en">
 <head>
  <title>
</title>
<meta http-equiv="Content-Type" content="text/html;charset=utf-8" />
  <meta name='ocr-system' content='tesseract 3.04.00' />
  <meta name='ocr-capabilities' content='ocr_page ocr_carea ocr_par ocr_line ocrx_word'/>
</head>
<body>
  <div class='ocr_page' id='page_1' title='image "beatipetricanisi05cani_0098.png"; bbox 0 0 2077 3461; ppageno 0'>
   <div class='ocr_carea' id='block_1_1' title="bbox 262 182 1546 234">
    <p class='ocr_par' dir='ltr' id='par_1_1' title="bbox 262 182 1546 234">
     <span class='ocr_line' id='line_1_1' title="bbox 262 182 1546 234; baseline 0.009 -21"><span class='ocrx_word' id='word_1_1' title='bbox 262 182 315 222; x_wconf 82' lang='lat'>12</span> <span class='ocrx_word' id='word_1_2' title='bbox 746 183 847 219; x_wconf 78' lang='lat'>1200.</span> <span class='ocrx_word' id='word_1_3' title='bbox 876 184 1040 220; x_wconf 83' lang='lat' dir='ltr'>Canisius</span> <span class='ocrx_word' id='word_1_4' title='bbox 1068 186 1102 222; x_wconf 82' lang='lat' dir='ltr'>S.</span> <span class='ocrx_word' id='word_1_5' title='bbox 1121 187 1311 222; x_wconf 82' lang='lat' dir='ltr'>Francisco</span> <span class='ocrx_word' id='word_1_6' title='bbox 1337 189 1380 223; x_wconf 90' lang='lat' dir='ltr'>de</span> <span class='ocrx_word' id='word_1_7' title='bbox 1405 190 1546 234; x_wconf 86' lang='lat' dir='ltr'>Borgia.</span> 
     </span>
    </p>
   </div>
   <div class='ocr_carea' id='block_1_2' title="bbox 524 300 1533 352">
    <p class='ocr_par' dir='ltr' id='par_1_2' title="bbox 524 300 1533 352">
     <span class='ocr_line' id='line_1_2' title="bbox 524 300 1533 352; baseline 0.01 -11"><span class='ocrx_word' id='word_1_8' title='bbox 524 300 618 342; x_wconf 80' lang='lat' dir='ltr'>Pax</span> <span class='ocrx_word' id='word_1_9' title='bbox 650 301 809 345; x_wconf 84' lang='lat' dir='ltr'>Christi</span> <span class='ocrx_word' id='word_1_10' title='bbox 842 304 1069 347; x_wconf 82' lang='lat' dir='ltr'>admodum</span> <span class='ocrx_word' id='word_1_11' title='bbox 1103 306 1356 349; x_wconf 85' lang='lat' dir='ltr'>Reuerende</span> <span class='ocrx_word' id='word_1_12' title='bbox 1388 308 1533 352; x_wconf 87' lang='lat' dir='ltr'>Pater.</span> 
     </span>
    </p>
   </div>
   <div class='ocr_carea' id='block_1_3' title="bbox 240 369 2018 2375">
    <p class='ocr_par' dir='ltr' id='par_1_3' title="bbox 245 369 2018 1668">
     <span class='ocr_line' id='line_1_3' title="bbox 375 369 2018 436; baseline 0.01 -25"><span class='ocrx_word' id='word_1_13' title='bbox 375 369 527 412; x_wconf 91' lang='lat' dir='ltr'>Visum</span> <span class='ocrx_word' id='word_1_14' title='bbox 560 375 627 415; x_wconf 89' lang='lat' dir='ltr'>est</span> <span class='ocrx_word' id='word_1_15' title='bbox 659 387 743 415; x_wconf 91' lang='lat' dir='ltr'>non</span> <span class='ocrx_word' id='word_1_16' title='bbox 776 375 830 416; x_wconf 86' lang='lat' dir='ltr'>ab</span> <span class='ocrx_word' id='word_1_17' title='bbox 852 389 899 416; x_wconf 89' lang='lat' dir='ltr'>re</span> <span class='ocrx_word' id='word_1_18' title='bbox 922 376 1028 427; x_wconf 87' lang='lat' dir='ltr'>fore,</span> <span class='ocrx_word' id='word_1_19' title='bbox 1063 376 1099 417; x_wconf 90' lang='lat' dir='ltr'>si</span> <span class='ocrx_word' id='word_1_20' title='bbox 1122 377 1175 418; x_wconf 91' lang='lat' dir='ltr'>de</span> <span class='ocrx_word' id='word_1_21' title='bbox 1198 378 1368 432; x_wconf 84' lang='lat' dir='ltr'>collegij</span> <span class='ocrx_word' id='word_1_22' title='bbox 1401 379 1526 421; x_wconf 88' lang='lat' dir='ltr'>huius</span> <span class='ocrx_word' id='word_1_23' title='bbox 1548 380 1828 436; x_wconf 86' lang='lat' dir='ltr'>Dillingensis</span> <span class='ocrx_word' id='word_1_24' title='bbox 1849 385 2018 428; x_wconf 87' lang='lat' dir='ltr'>ratione</span> 
     </span>
     <span class='ocr_line' id='line_1_4' title="bbox 257 433 2016 500; baseline 0.01 -25"><span class='ocrx_word' id='word_1_25' title='bbox 257 433 410 485; x_wconf 88' lang='lat' dir='ltr'>dicam,</span> <span class='ocrx_word' id='word_1_26' title='bbox 454 450 564 489; x_wconf 91' lang='lat' dir='ltr'>quae</span> <span class='ocrx_word' id='word_1_27' title='bbox 606 437 659 479; x_wconf 89' lang='lat' dir='ltr'>ad</span> <span class='ocrx_word' id='word_1_28' title='bbox 701 438 807 480; x_wconf 89' lang='lat' dir='ltr'>illud</span> <span class='ocrx_word' id='word_1_29' title='bbox 849 440 1010 483; x_wconf 87' lang='lat' dir='ltr'>rectius</span> <span class='ocrx_word' id='word_1_30' title='bbox 1041 444 1133 483; x_wconf 90' lang='lat' dir='ltr'>tum</span> <span class='ocrx_word' id='word_1_31' title='bbox 1167 444 1524 496; x_wconf 88' lang='lat' dir='ltr'>cognoscendum,</span> <span class='ocrx_word' id='word_1_32' title='bbox 1566 447 1659 488; x_wconf 89' lang='lat' dir='ltr'>tum</span> <span class='ocrx_word' id='word_1_33' title='bbox 1691 448 2016 500; x_wconf 88' lang='lat' dir='ltr'>gubernandum</span> 
     </span>
     <span class='ocr_line' id='line_1_5' title="bbox 255 499 2015 567; baseline 0.01 -27"><span class='ocrx_word' id='word_1_34' title='bbox 255 499 443 541; x_wconf 81' lang='lat' dir='ltr'>maxime</span> <span class='ocrx_word' id='word_1_35' title='bbox 474 501 695 554; x_wconf 88' lang='lat' dir='ltr'>pertinent</span> <span class='ocrx_word' id='word_1_36' title='bbox 712 505 739 546; x_wconf 86' lang='lat'>1.</span> <span class='ocrx_word' id='word_1_37' title='bbox 793 505 939 558; x_wconf 92' lang='lat' dir='ltr'>Atque</span> <span class='ocrx_word' id='word_1_38' title='bbox 970 508 1019 547; x_wconf 86' lang='lat' dir='ltr'>ut</span> <span class='ocrx_word' id='word_1_39' title='bbox 1051 520 1076 547; x_wconf 89' lang='lat' dir='ltr'>a</span> <span class='ocrx_word' id='word_1_40' title='bbox 1099 507 1241 560; x_wconf 88' lang='lat' dir='ltr'>capite</span> <span class='ocrx_word' id='word_1_41' title='bbox 1274 521 1350 549; x_wconf 86' lang='lat' dir='ltr'>seu</span> <span class='ocrx_word' id='word_1_42' title='bbox 1372 509 1558 552; x_wconf 83' lang='lat' dir='ltr'>Rectore</span> <span class='ocrx_word' id='word_1_43' title='bbox 1591 512 1748 562; x_wconf 88' lang='lat' dir='ltr'>ordiar,</span> <span class='ocrx_word' id='word_1_44' title='bbox 1782 515 2015 567; x_wconf 89' lang='lat' dir='ltr'>optandum</span> 
     </span>
     <span class='ocr_line' id='line_1_6' title="bbox 254 567 2015 631; baseline 0.01 -27"><span class='ocrx_word' id='word_1_45' title='bbox 254 567 370 606; x_wconf 91' lang='lat' dir='ltr'>esset</span> <span class='ocrx_word' id='word_1_46' title='bbox 410 579 515 607; x_wconf 88' lang='lat' dir='ltr'>sane</span> <span class='ocrx_word' id='word_1_47' title='bbox 547 567 599 610; x_wconf 88' lang='lat' dir='ltr'>D.</span> <span class='ocrx_word' id='word_1_48' title='bbox 633 567 945 611; x_wconf 86' lang='lat' dir='ltr'>Theodoricum</span> <span class='ocrx_word' id='word_1_49' title='bbox 979 570 1194 613; x_wconf 83' lang='lat' dir='ltr'>Canisium</span> <span class='ocrx_word' id='word_1_50' title='bbox 1236 574 1457 616; x_wconf 87' lang='lat' dir='ltr'>rectoratu</span> <span class='ocrx_word' id='word_1_51' title='bbox 1490 575 1744 631; x_wconf 81' lang='lat' dir='ltr'>Ingolstadij</span> <span class='ocrx_word' id='word_1_52' title='bbox 1785 579 2015 622; x_wconf 88' lang='lat' dir='ltr'>liberatum</span> 
     </span>
     <span class='ocr_line' id='line_1_7' title="bbox 253 628 2017 694; baseline 0.01 -25"><span class='ocrx_word' id='word_1_53' title='bbox 253 628 352 670; x_wconf 89' lang='lat' dir='ltr'>huic</span> <span class='ocrx_word' id='word_1_54' title='bbox 389 631 564 683; x_wconf 85' lang='lat' dir='ltr'>praefici</span> <span class='ocrx_word' id='word_1_55' title='bbox 597 632 792 686; x_wconf 86' lang='lat' dir='ltr'>collegio,</span> <span class='ocrx_word' id='word_1_56' title='bbox 836 634 949 686; x_wconf 89' lang='lat' dir='ltr'>quod</span> <span class='ocrx_word' id='word_1_57' title='bbox 989 634 1203 688; x_wconf 77' lang='lat' dir='ltr'>triplicem</span> <span class='ocrx_word' id='word_1_58' title='bbox 1247 640 1290 679; x_wconf 90' lang='lat' dir='ltr'>et</span> <span class='ocrx_word' id='word_1_59' title='bbox 1329 645 1532 691; x_wconf 80' lang='lat' dir='ltr'>grauema</span> <span class='ocrx_word' id='word_1_60' title='bbox 1571 641 1831 694; x_wconf 83' lang='lat' dir='ltr'>prouintiam</span> <span class='ocrx_word' id='word_1_61' title='bbox 1873 645 2017 687; x_wconf 88' lang='lat' dir='ltr'>adfert</span> 
     </span>
     <span class='ocr_line' id='line_1_8' title="bbox 253 692 2013 753; baseline 0.01 -19"><span class='ocrx_word' id='word_1_62' title='bbox 253 692 441 745; x_wconf 78' lang='lat' dir='ltr'>Hectori,</span> <span class='ocrx_word' id='word_1_63' title='bbox 485 695 684 738; x_wconf 88' lang='lat' dir='ltr'>nimirum</span> <span class='ocrx_word' id='word_1_64' title='bbox 727 701 774 740; x_wconf 93' lang='lat' dir='ltr'>ut</span> <span class='ocrx_word' id='word_1_65' title='bbox 814 698 927 740; x_wconf 88' lang='lat' dir='ltr'>idem</span> <span class='ocrx_word' id='word_1_66' title='bbox 971 700 1185 752; x_wconf 76' lang='lat' dir='ltr'>gubernet</span> <span class='ocrx_word' id='word_1_67' title='bbox 1225 701 1388 744; x_wconf 80' lang='lat' dir='ltr'>fratres</span> <span class='ocrx_word' id='word_1_68' title='bbox 1421 704 1547 753; x_wconf 86' lang='lat' dir='ltr'>domi,</span> <span class='ocrx_word' id='word_1_69' title='bbox 1590 706 1807 749; x_wconf 90' lang='lat' dir='ltr'>studiosos</span> <span class='ocrx_word' id='word_1_70' title='bbox 1839 712 1884 751; x_wconf 91' lang='lat' dir='ltr'>et</span> <span class='ocrx_word' id='word_1_71' title='bbox 1915 723 2013 752; x_wconf 86' lang='lat' dir='ltr'>aca—</span> 
     </span>
     <span class='ocr_line' id='line_1_9' title="bbox 254 758 2012 824; baseline 0.01 -25"><span class='ocrx_word' id='word_1_72' title='bbox 254 758 437 801; x_wconf 87' lang='lat' dir='ltr'>demiam</span> <span class='ocrx_word' id='word_1_73' title='bbox 461 760 580 811; x_wconf 75' lang='lat' dir='ltr'>foris,</span> <span class='ocrx_word' id='word_1_74' title='bbox 614 765 703 804; x_wconf 87' lang='lat' dir='ltr'>tum</span> <span class='ocrx_word' id='word_1_75' title='bbox 729 762 916 804; x_wconf 88' lang='lat' dir='ltr'>uicinum</span> <span class='ocrx_word' id='word_1_76' title='bbox 939 778 1108 817; x_wconf 91' lang='lat' dir='ltr'>quoque</span> <span class='ocrx_word' id='word_1_77' title='bbox 1135 766 1364 820; x_wconf 82' lang='lat' dir='ltr'>collegium</span> <span class='ocrx_word' id='word_1_78' title='bbox 1387 769 1428 811; x_wconf 82' lang='lat' dir='ltr'>S.</span> <span class='ocrx_word' id='word_1_79' title='bbox 1453 769 1722 824; x_wconf 87' lang='lat' dir='ltr'>Hieronijmi,</span> <span class='ocrx_word' id='word_1_80' title='bbox 1755 775 1832 815; x_wconf 92' lang='lat' dir='ltr'>aut</span> <span class='ocrx_word' id='word_1_81' title='bbox 1859 774 2012 817; x_wconf 88' lang='lat' dir='ltr'>saltem</span> 
     </span>
     <span class='ocr_line' id='line_1_10' title="bbox 253 823 2014 892; baseline 0.01 -28"><span class='ocrx_word' id='word_1_82' title='bbox 253 823 498 876; x_wconf 81' lang='lat' dir='ltr'>praefectos</span> <span class='ocrx_word' id='word_1_83' title='bbox 531 825 622 867; x_wconf 89' lang='lat' dir='ltr'>eius</span> <span class='ocrx_word' id='word_1_84' title='bbox 651 827 893 880; x_wconf 83' lang='lat' dir='ltr'>Regentem</span> <span class='ocrx_word' id='word_1_85' title='bbox 926 831 970 870; x_wconf 92' lang='lat' dir='ltr'>et</span> <span class='ocrx_word' id='word_1_86' title='bbox 993 829 1319 883; x_wconf 81' lang='lat' dir='ltr'>Subregentem,</span> <span class='ocrx_word' id='word_1_87' title='bbox 1355 834 1427 886; x_wconf 89' lang='lat' dir='ltr'>qui</span> <span class='ocrx_word' id='word_1_88' title='bbox 1459 838 1559 877; x_wconf 89' lang='lat' dir='ltr'>sunt</span> <span class='ocrx_word' id='word_1_89' title='bbox 1592 838 1802 890; x_wconf 90' lang='lat' dir='ltr'>eruntque</span> <span class='ocrx_word' id='word_1_90' title='bbox 1833 839 2014 892; x_wconf 89' lang='lat' dir='ltr'>posthac</span> 
     </span>
     <span class='ocr_line' id='line_1_11' title="bbox 253 888 2012 957; baseline 0.01 -28"><span class='ocrx_word' id='word_1_91' title='bbox 253 888 392 930; x_wconf 83' lang='lat' dir='ltr'>nostri</span> <span class='ocrx_word' id='word_1_92' title='bbox 423 889 625 933; x_wconf 88' lang='lat' dir='ltr'>instituti.</span> <span class='ocrx_word' id='word_1_93' title='bbox 689 892 787 933; x_wconf 80' lang='lat' dir='ltr'>Jam</span> <span class='ocrx_word' id='word_1_94' title='bbox 821 893 872 934; x_wconf 93' lang='lat' dir='ltr'>D.</span> <span class='ocrx_word' id='word_1_95' title='bbox 907 892 1120 936; x_wconf 89' lang='lat' dir='ltr'>Henricus</span> <span class='ocrx_word' id='word_1_96' title='bbox 1153 896 1387 950; x_wconf 83' lang='lat' dir='ltr'>Dionijsius</span> <span class='ocrx_word' id='word_1_97' title='bbox 1420 897 1486 950; x_wconf 91' lang='lat' dir='ltr'>(ut</span> <span class='ocrx_word' id='word_1_98' title='bbox 1517 914 1610 941; x_wconf 86' lang='lat' dir='ltr'>sum</span> <span class='ocrx_word' id='word_1_99' title='bbox 1643 915 1773 955; x_wconf 80' lang='lat' dir='ltr'>saepe</span> <span class='ocrx_word' id='word_1_100' title='bbox 1805 904 2012 957; x_wconf 89' lang='lat' dir='ltr'>testatus)</span> 
     </span>
     <span class='ocr_line' id='line_1_12' title="bbox 254 953 2012 1013; baseline 0.01 -20"><span class='ocrx_word' id='word_1_101' title='bbox 254 953 308 994; x_wconf 90' lang='lat' dir='ltr'>ad</span> <span class='ocrx_word' id='word_1_102' title='bbox 341 953 596 996; x_wconf 75' lang='lat' dir='ltr'>Catliedram</span> <span class='ocrx_word' id='word_1_103' title='bbox 633 955 776 1009; x_wconf 85' lang='lat' dir='ltr'>potius</span> <span class='ocrx_word' id='word_1_104' title='bbox 809 957 1128 1010; x_wconf 84' lang='lat' dir='ltr'>Coloniensem,</span> <span class='ocrx_word' id='word_1_105' title='bbox 1171 974 1299 1013; x_wconf 89' lang='lat' dir='ltr'>quam</span> <span class='ocrx_word' id='word_1_106' title='bbox 1341 963 1395 1004; x_wconf 88' lang='lat' dir='ltr'>ad</span> <span class='ocrx_word' id='word_1_107' title='bbox 1431 963 1673 1007; x_wconf 88' lang='lat' dir='ltr'>huiusmodi</span> <span class='ocrx_word' id='word_1_108' title='bbox 1705 967 1850 1009; x_wconf 87' lang='lat' dir='ltr'>munia</span> <span class='ocrx_word' id='word_1_109' title='bbox 1881 969 2012 1011; x_wconf 90' lang='lat' dir='ltr'>susti—</span> 
     </span>
     <span class='ocr_line' id='line_1_13' title="bbox 253 1018 2012 1086; baseline 0.01 -28"><span class='ocrx_word' id='word_1_110' title='bbox 253 1018 394 1059; x_wconf 89' lang='lat' dir='ltr'>nenda</span> <span class='ocrx_word' id='word_1_111' title='bbox 427 1033 505 1071; x_wconf 86' lang='lat' dir='ltr'>par</span> <span class='ocrx_word' id='word_1_112' title='bbox 537 1022 603 1061; x_wconf 89' lang='lat' dir='ltr'>est</span> <span class='ocrx_word' id='word_1_113' title='bbox 616 1020 644 1062; x_wconf 84' lang='lat'>2.</span> <span class='ocrx_word' id='word_1_114' title='bbox 703 1020 806 1063; x_wconf 87' lang='lat' dir='ltr'>Cum</span> <span class='ocrx_word' id='word_1_115' title='bbox 839 1026 984 1065; x_wconf 89' lang='lat' dir='ltr'>autem</span> <span class='ocrx_word' id='word_1_116' title='bbox 1018 1028 1119 1067; x_wconf 88' lang='lat' dir='ltr'>ante</span> <span class='ocrx_word' id='word_1_117' title='bbox 1151 1025 1208 1068; x_wconf 91' lang='lat' dir='ltr'>sit</span> <span class='ocrx_word' id='word_1_118' title='bbox 1240 1027 1343 1068; x_wconf 89' lang='lat' dir='ltr'>mihi</span> <span class='ocrx_word' id='word_1_119' title='bbox 1374 1041 1640 1082; x_wconf 90' lang='lat' dir='ltr'>responsum,</span> <span class='ocrx_word' id='word_1_120' title='bbox 1673 1030 1793 1073; x_wconf 89' lang='lat' dir='ltr'>illum</span> <span class='ocrx_word' id='word_1_121' title='bbox 1825 1033 2012 1086; x_wconf 85' lang='lat' dir='ltr'>petenti-</span> 
     </span>
     <span class='ocr_line' id='line_1_14' title="bbox 252 1082 2009 1150; baseline 0.01 -28"><span class='ocrx_word' id='word_1_122' title='bbox 252 1082 331 1123; x_wconf 90' lang='lat' dir='ltr'>bus</span> <span class='ocrx_word' id='word_1_123' title='bbox 364 1083 686 1126; x_wconf 85' lang='lat' dir='ltr'>Coloniensibus</span> <span class='ocrx_word' id='word_1_124' title='bbox 728 1087 1042 1130; x_wconf 88' lang='lat' dir='ltr'>restituendum</span> <span class='ocrx_word' id='word_1_125' title='bbox 1085 1103 1192 1141; x_wconf 87' lang='lat' dir='ltr'>esse,</span> <span class='ocrx_word' id='word_1_126' title='bbox 1235 1091 1315 1133; x_wconf 91' lang='lat' dir='ltr'>hoc</span> <span class='ocrx_word' id='word_1_127' title='bbox 1349 1106 1477 1134; x_wconf 89' lang='lat' dir='ltr'>unum</span> <span class='ocrx_word' id='word_1_128' title='bbox 1515 1108 1680 1148; x_wconf 89' lang='lat' dir='ltr'>precor,</span> <span class='ocrx_word' id='word_1_129' title='bbox 1722 1099 1771 1138; x_wconf 89' lang='lat' dir='ltr'>vt</span> <span class='ocrx_word' id='word_1_130' title='bbox 1803 1097 1874 1150; x_wconf 87' lang='lat' dir='ltr'>qui</span> <span class='ocrx_word' id='word_1_131' title='bbox 1906 1112 2009 1140; x_wconf 89' lang='lat' dir='ltr'>ven-</span> 
     </span>
     <span class='ocr_line' id='line_1_15' title="bbox 252 1149 2007 1215; baseline 0.009 -26"><span class='ocrx_word' id='word_1_132' title='bbox 252 1150 374 1189; x_wconf 86' lang='lat' dir='ltr'>turus</span> <span class='ocrx_word' id='word_1_133' title='bbox 407 1152 474 1191; x_wconf 89' lang='lat' dir='ltr'>est</span> <span class='ocrx_word' id='word_1_134' title='bbox 506 1149 587 1191; x_wconf 90' lang='lat' dir='ltr'>huc</span> <span class='ocrx_word' id='word_1_135' title='bbox 619 1150 670 1194; x_wconf 93' lang='lat' dir='ltr'>D.</span> <span class='ocrx_word' id='word_1_136' title='bbox 694 1151 998 1204; x_wconf 79' lang='lat' dir='ltr'>TheodoricuS,</span> <span class='ocrx_word' id='word_1_137' title='bbox 1034 1156 1302 1198; x_wconf 89' lang='lat' dir='ltr'>commodum</span> <span class='ocrx_word' id='word_1_138' title='bbox 1337 1158 1522 1212; x_wconf 83' lang='lat' dir='ltr'>accipiat</span> <span class='ocrx_word' id='word_1_139' title='bbox 1552 1159 1808 1215; x_wconf 85' lang='lat' dir='ltr'>Ingolstadij</span> <span class='ocrx_word' id='word_1_140' title='bbox 1839 1177 2007 1205; x_wconf 88' lang='lat' dir='ltr'>succes-</span> 
     </span>
     <span class='ocr_line' id='line_1_16' title="bbox 251 1216 2009 1274; baseline 0.01 -21"><span class='ocrx_word' id='word_1_141' title='bbox 251 1226 411 1263; x_wconf 89' lang='lat' dir='ltr'>sorem,</span> <span class='ocrx_word' id='word_1_142' title='bbox 454 1216 503 1256; x_wconf 90' lang='lat' dir='ltr'>ut</span> <span class='ocrx_word' id='word_1_143' title='bbox 543 1228 737 1257; x_wconf 88' lang='lat' dir='ltr'>morosos</span> <span class='ocrx_word' id='word_1_144' title='bbox 777 1216 865 1259; x_wconf 91' lang='lat' dir='ltr'>illic</span> <span class='ocrx_word' id='word_1_145' title='bbox 905 1219 1154 1261; x_wconf 78' lang='lat' dir='ltr'>academiae</span> <span class='ocrx_word' id='word_1_146' title='bbox 1194 1221 1463 1274; x_wconf 79' lang='lat' dir='ltr'>professores</span> <span class='ocrx_word' id='word_1_147' title='bbox 1477 1224 1505 1273; x_wconf 80' lang='grc'>3,</span> <span class='ocrx_word' id='word_1_148' title='bbox 1550 1227 1594 1267; x_wconf 92' lang='lat' dir='ltr'>et</span> <span class='ocrx_word' id='word_1_149' title='bbox 1632 1228 1806 1268; x_wconf 86' lang='lat' dir='ltr'>nostros</span> <span class='ocrx_word' id='word_1_150' title='bbox 1847 1227 2009 1270; x_wconf 87' lang='lat' dir='ltr'>difficili</span> 
     </span>
     <span class='ocr_line' id='line_1_17' title="bbox 249 1278 2008 1342; baseline 0.01 -25"><span class='ocrx_word' id='word_1_151' title='bbox 249 1291 417 1330; x_wconf 88' lang='lat' dir='ltr'>quoque</span> <span class='ocrx_word' id='word_1_152' title='bbox 457 1278 629 1331; x_wconf 89' lang='lat' dir='ltr'>ingenio</span> <span class='ocrx_word' id='word_1_153' title='bbox 663 1281 913 1334; x_wconf 81' lang='lat' dir='ltr'>praeditos4</span> <span class='ocrx_word' id='word_1_154' title='bbox 954 1283 1124 1326; x_wconf 81' lang='lat' dir='ltr'>facilius</span> <span class='ocrx_word' id='word_1_155' title='bbox 1158 1286 1446 1338; x_wconf 85' lang='lat' dir='ltr'>conciliemus,</span> <span class='ocrx_word' id='word_1_156' title='bbox 1480 1291 1613 1342; x_wconf 88' lang='lat' dir='ltr'>utque</span> <span class='ocrx_word' id='word_1_157' title='bbox 1644 1290 1830 1332; x_wconf 87' lang='lat' dir='ltr'>maiores</span> <span class='ocrx_word' id='word_1_158' title='bbox 1862 1291 1903 1333; x_wconf 90' lang='lat' dir='ltr'>in</span> <span class='ocrx_word' id='word_1_159' title='bbox 1935 1292 2008 1335; x_wconf 90' lang='lat' dir='ltr'>illo</span> 
     </span>
     <span class='ocr_line' id='line_1_18' title="bbox 248 1342 2009 1408; baseline 0.01 -26"><span class='ocrx_word' id='word_1_160' title='bbox 248 1342 429 1396; x_wconf 88' lang='lat' dir='ltr'>collegio</span> <span class='ocrx_word' id='word_1_161' title='bbox 464 1343 769 1387; x_wconf 83' lang='lat' dir='ltr'>distractiones</span> <span class='ocrx_word' id='word_1_162' title='bbox 802 1347 1026 1391; x_wconf 85' lang='lat' dir='ltr'>euitemus.</span> <span class='ocrx_word' id='word_1_163' title='bbox 1080 1349 1204 1392; x_wconf 86' lang='lat' dir='ltr'>Facit</span> <span class='ocrx_word' id='word_1_164' title='bbox 1235 1350 1408 1393; x_wconf 87' lang='lat' dir='ltr'>interim</span> <span class='ocrx_word' id='word_1_165' title='bbox 1441 1354 1554 1405; x_wconf 92' lang='lat' dir='ltr'>quod</span> <span class='ocrx_word' id='word_1_166' title='bbox 1585 1356 1731 1408; x_wconf 88' lang='lat' dir='ltr'>potest</span> <span class='ocrx_word' id='word_1_167' title='bbox 1761 1356 1898 1398; x_wconf 91' lang='lat' dir='ltr'>bonus</span> <span class='ocrx_word' id='word_1_168' title='bbox 1928 1357 2009 1399; x_wconf 88' lang='lat' dir='ltr'>hoc</span> 
     </span>
     <span class='ocr_line' id='line_1_19' title="bbox 246 1407 2006 1471; baseline 0.01 -24"><span class='ocrx_word' id='word_1_169' title='bbox 246 1407 339 1448; x_wconf 92' lang='grc'>1000</span> <span class='ocrx_word' id='word_1_170' title='bbox 372 1407 553 1459; x_wconf 83' lang='lat' dir='ltr'>Rector,</span> <span class='ocrx_word' id='word_1_171' title='bbox 597 1409 664 1451; x_wconf 90' lang='lat' dir='ltr'>cui</span> <span class='ocrx_word' id='word_1_172' title='bbox 706 1411 829 1453; x_wconf 87' lang='lat' dir='ltr'>deest</span> <span class='ocrx_word' id='word_1_173' title='bbox 869 1413 1083 1454; x_wconf 85' lang='lat' dir='ltr'>talentum</span> <span class='ocrx_word' id='word_1_174' title='bbox 1125 1415 1178 1455; x_wconf 87' lang='lat' dir='ltr'>ad</span> <span class='ocrx_word' id='word_1_175' title='bbox 1220 1415 1480 1468; x_wconf 87' lang='lat' dir='ltr'>loquendum</span> <span class='ocrx_word' id='word_1_176' title='bbox 1521 1418 1767 1471; x_wconf 82' lang='lat' dir='ltr'>Germanis,</span> <span class='ocrx_word' id='word_1_177' title='bbox 1811 1421 1865 1463; x_wconf 89' lang='lat' dir='ltr'>ad</span> <span class='ocrx_word' id='word_1_178' title='bbox 1907 1436 2006 1464; x_wconf 92' lang='lat' dir='ltr'>con-</span> 
     </span>
     <span class='ocr_line' id='line_1_20' title="bbox 247 1472 2005 1539; baseline 0.009 -27"><span class='ocrx_word' id='word_1_179' title='bbox 247 1472 506 1514; x_wconf 84' lang='lat' dir='ltr'>uersandum</span> <span class='ocrx_word' id='word_1_180' title='bbox 541 1487 637 1515; x_wconf 88' lang='lat' dir='ltr'>cum</span> <span class='ocrx_word' id='word_1_181' title='bbox 664 1476 839 1526; x_wconf 80' lang='lat' dir='ltr'>exteris,</span> <span class='ocrx_word' id='word_1_182' title='bbox 873 1477 928 1518; x_wconf 89' lang='lat' dir='ltr'>ad</span> <span class='ocrx_word' id='word_1_183' title='bbox 952 1478 1233 1521; x_wconf 89' lang='lat' dir='ltr'>continendos</span> <span class='ocrx_word' id='word_1_184' title='bbox 1256 1480 1297 1521; x_wconf 90' lang='lat' dir='ltr'>in</span> <span class='ocrx_word' id='word_1_185' title='bbox 1321 1481 1461 1524; x_wconf 86' lang='lat' dir='ltr'>officio</span> <span class='ocrx_word' id='word_1_186' title='bbox 1484 1482 1658 1535; x_wconf 86' lang='lat' dir='ltr'>fratres,</span> <span class='ocrx_word' id='word_1_187' title='bbox 1691 1485 1745 1526; x_wconf 87' lang='lat' dir='ltr'>ad</span> <span class='ocrx_word' id='word_1_188' title='bbox 1778 1486 2005 1539; x_wconf 81' lang='lat' dir='ltr'>collegium</span> 
     </span>
     <span class='ocr_line' id='line_1_21' title="bbox 245 1536 2003 1604; baseline 0.009 -27"><span class='ocrx_word' id='word_1_189' title='bbox 245 1536 287 1578; x_wconf 85' lang='lat' dir='ltr'>in</span> <span class='ocrx_word' id='word_1_190' title='bbox 335 1537 629 1591; x_wconf 86' lang='lat' dir='ltr'>spiritualibus</span> <span class='ocrx_word' id='word_1_191' title='bbox 681 1543 726 1582; x_wconf 91' lang='lat' dir='ltr'>et</span> <span class='ocrx_word' id='word_1_192' title='bbox 773 1542 965 1584; x_wconf 80' lang='lat' dir='ltr'>externis</span> <span class='ocrx_word' id='word_1_193' title='bbox 1018 1543 1419 1589; x_wconf 87' lang='lat' dir='ltr'>administrandum.</span> <span class='ocrx_word' id='word_1_194' title='bbox 1497 1547 1651 1601; x_wconf 91' lang='lat' dir='ltr'>Itaque</span> <span class='ocrx_word' id='word_1_195' title='bbox 1704 1550 1821 1604; x_wconf 87' lang='lat' dir='ltr'>cupit</span> <span class='ocrx_word' id='word_1_196' title='bbox 1873 1552 2003 1593; x_wconf 83' lang='lat' dir='ltr'>etiam</span> 
     </span>
     <span class='ocr_line' id='line_1_22' title="bbox 245 1601 1817 1668; baseline 0.009 -26"><span class='ocrx_word' id='word_1_197' title='bbox 245 1601 295 1643; x_wconf 76' lang='lat' dir='ltr'>R.</span> <span class='ocrx_word' id='word_1_198' title='bbox 329 1602 380 1644; x_wconf 89' lang='lat' dir='ltr'>D.</span> <span class='ocrx_word' id='word_1_199' title='bbox 415 1603 654 1645; x_wconf 86' lang='lat' dir='ltr'>Cardinalis</span> <span class='ocrx_word' id='word_1_200' title='bbox 686 1605 867 1647; x_wconf 87' lang='lat' dir='ltr'>fratrem</span> <span class='ocrx_word' id='word_1_201' title='bbox 901 1621 1043 1648; x_wconf 92' lang='lat' dir='ltr'>meum</span> <span class='ocrx_word' id='word_1_202' title='bbox 1076 1610 1294 1660; x_wconf 87' lang='lat' dir='ltr'>accedere,</span> <span class='ocrx_word' id='word_1_203' title='bbox 1329 1611 1455 1653; x_wconf 89' lang='lat' dir='ltr'>sicuti</span> <span class='ocrx_word' id='word_1_204' title='bbox 1489 1626 1619 1666; x_wconf 85' lang='lat' dir='ltr'>saepe</span> <span class='ocrx_word' id='word_1_205' title='bbox 1651 1614 1817 1668; x_wconf 89' lang='lat' dir='ltr'>scripsi.</span> 
     </span>
    </p>

    <p class='ocr_par' dir='ltr' id='par_1_4' title="bbox 240 1667 2003 2375">
     <span class='ocr_line' id='line_1_23' title="bbox 363 1667 2003 1734; baseline 0.01 -27"><span class='ocrx_word' id='word_1_206' title='bbox 363 1667 561 1710; x_wconf 86' lang='lat' dir='ltr'>Minister</span> <span class='ocrx_word' id='word_1_207' title='bbox 602 1670 770 1724; x_wconf 84' lang='lat' dir='ltr'>collegij</span> <span class='ocrx_word' id='word_1_208' title='bbox 812 1671 936 1713; x_wconf 90' lang='lat' dir='ltr'>huius</span> <span class='ocrx_word' id='word_1_209' title='bbox 979 1675 1045 1714; x_wconf 87' lang='lat' dir='ltr'>est</span> <span class='ocrx_word' id='word_1_210' title='bbox 1088 1674 1133 1715; x_wconf 87' lang='grc' dir='ltr'>Ρ.</span> <span class='ocrx_word' id='word_1_211' title='bbox 1167 1674 1350 1716; x_wconf 90' lang='lat' dir='ltr'>Ioannes</span> <span class='ocrx_word' id='word_1_212' title='bbox 1384 1676 1501 1718; x_wconf 79' lang='lat' dir='ltr'>Seeff</span> <span class='ocrx_word' id='word_1_213' title='bbox 1536 1677 1827 1730; x_wconf 86' lang='lat' dir='ltr'>Leodiensis5,</span> <span class='ocrx_word' id='word_1_214' title='bbox 1877 1695 2003 1734; x_wconf 89' lang='lat' dir='ltr'>quem</span> 
     </span>
     <span class='ocr_line' id='line_1_24' title="bbox 245 1730 2001 1798; baseline 0.009 -27"><span class='ocrx_word' id='word_1_215' title='bbox 245 1730 404 1773; x_wconf 89' lang='lat' dir='ltr'>diutius</span> <span class='ocrx_word' id='word_1_216' title='bbox 427 1732 614 1775; x_wconf 88' lang='lat' dir='ltr'>retinere</span> <span class='ocrx_word' id='word_1_217' title='bbox 637 1749 720 1775; x_wconf 90' lang='lat' dir='ltr'>non</span> <span class='ocrx_word' id='word_1_218' title='bbox 743 1749 983 1789; x_wconf 45' lang='lat' dir='ltr'>possumus</span> <span class='ocrx_word' id='word_1_219' title='bbox 1009 1738 1121 1790; x_wconf 91' lang='lat' dir='ltr'>quod</span> <span class='ocrx_word' id='word_1_220' title='bbox 1143 1738 1303 1781; x_wconf 85' lang='lat' dir='ltr'>iamdiu</span> <span class='ocrx_word' id='word_1_221' title='bbox 1325 1741 1437 1782; x_wconf 87' lang='lat' dir='ltr'>male</span> <span class='ocrx_word' id='word_1_222' title='bbox 1460 1743 1607 1784; x_wconf 82' lang='lat' dir='ltr'>ualeat</span> <span class='ocrx_word' id='word_1_223' title='bbox 1617 1742 1643 1792; x_wconf 72' lang='lat'>¹³,</span> <span class='ocrx_word' id='word_1_224' title='bbox 1672 1746 1716 1785; x_wconf 89' lang='lat' dir='ltr'>et</span> <span class='ocrx_word' id='word_1_225' title='bbox 1737 1745 1791 1785; x_wconf 89' lang='lat' dir='ltr'>ad</span> <span class='ocrx_word' id='word_1_226' title='bbox 1814 1745 2001 1798; x_wconf 77' lang='lat' dir='ltr'>patrium</span> 
     </span>
     <span class='ocr_line' id='line_1_25' title="bbox 244 1798 2002 1854; baseline 0.009 -18"><span class='ocrx_word' id='word_1_227' title='bbox 244 1809 388 1837; x_wconf 85' lang='lat' dir='ltr'>aerem</span> <span class='ocrx_word' id='word_1_228' title='bbox 429 1799 650 1851; x_wconf 82' lang='lat' dir='ltr'>propriusc</span> <span class='ocrx_word' id='word_1_229' title='bbox 684 1798 746 1854; x_wconf 73' lang='grc' dir='ltr'>[Ρ]</span> <span class='ocrx_word' id='word_1_230' title='bbox 785 1802 990 1843; x_wconf 88' lang='lat' dir='ltr'>accedere</span> <span class='ocrx_word' id='word_1_231' title='bbox 1032 1803 1188 1845; x_wconf 89' lang='lat' dir='ltr'>debeat</span> <span class='ocrx_word' id='word_1_232' title='bbox 1227 1818 1281 1845; x_wconf 77' lang='lat' dir='ltr'>ex</span> <span class='ocrx_word' id='word_1_233' title='bbox 1313 1806 1463 1847; x_wconf 90' lang='lat' dir='ltr'>medici</span> <span class='ocrx_word' id='word_1_234' title='bbox 1498 1806 1695 1850; x_wconf 83' lang='lat' dir='ltr'>Consilio.</span> <span class='ocrx_word' id='word_1_235' title='bbox 1760 1808 1884 1851; x_wconf 91' lang='lat' dir='ltr'>Unde</span> <span class='ocrx_word' id='word_1_236' title='bbox 1923 1825 2002 1852; x_wconf 92' lang='lat' dir='ltr'>nec</span> 
     </span>
     <span class='ocr_line' id='line_1_26' title="bbox 244 1861 1999 1925; baseline 0.009 -24"><span class='ocrx_word' id='word_1_237' title='bbox 244 1861 451 1903; x_wconf 84' lang='lat' dir='ltr'>audemus</span> <span class='ocrx_word' id='word_1_238' title='bbox 482 1862 601 1904; x_wconf 89' lang='lat' dir='ltr'>illum</span> <span class='ocrx_word' id='word_1_239' title='bbox 634 1864 713 1905; x_wconf 88' lang='lat' dir='ltr'>hoc</span> <span class='ocrx_word' id='word_1_240' title='bbox 746 1865 837 1906; x_wconf 90' lang='lat' dir='ltr'>loco</span> <span class='ocrx_word' id='word_1_241' title='bbox 861 1880 1051 1917; x_wconf 86' lang='lat' dir='ltr'>seruare,</span> <span class='ocrx_word' id='word_1_242' title='bbox 1086 1882 1180 1909; x_wconf 88' lang='lat' dir='ltr'>cum</span> <span class='ocrx_word' id='word_1_243' title='bbox 1213 1869 1350 1922; x_wconf 85' lang='lat' dir='ltr'>possit</span> <span class='ocrx_word' id='word_1_244' title='bbox 1373 1873 1603 1924; x_wconf 85' lang='lat' dir='ltr'>utcumque</span> <span class='ocrx_word' id='word_1_245' title='bbox 1625 1873 1866 1925; x_wconf 85' lang='lat' dir='ltr'>restitutus,</span> <span class='ocrx_word' id='word_1_246' title='bbox 1900 1875 1999 1917; x_wconf 86' lang='lat' dir='ltr'>alibi</span> 
     </span>
     <span class='ocr_line' id='line_1_27' title="bbox 243 1926 1998 1987; baseline 0.01 -22"><span class='ocrx_word' id='word_1_247' title='bbox 243 1939 328 1966; x_wconf 86' lang='lat' dir='ltr'>non</span> <span class='ocrx_word' id='word_1_248' title='bbox 368 1926 460 1968; x_wconf 89' lang='lat' dir='ltr'>sine</span> <span class='ocrx_word' id='word_1_249' title='bbox 502 1927 646 1969; x_wconf 84' lang='lat' dir='ltr'>fructu</span> <span class='ocrx_word' id='word_1_250' title='bbox 688 1930 851 1972; x_wconf 86' lang='lat' dir='ltr'>seruire</span> <span class='ocrx_word' id='word_1_251' title='bbox 883 1931 1058 1975; x_wconf 89' lang='lat' dir='ltr'>nostris.</span> <span class='ocrx_word' id='word_1_252' title='bbox 1122 1933 1283 1975; x_wconf 87' lang='lat' dir='ltr'>Verum</span> <span class='ocrx_word' id='word_1_253' title='bbox 1317 1949 1443 1987; x_wconf 87' lang='lat' dir='ltr'>quem</span> <span class='ocrx_word' id='word_1_254' title='bbox 1476 1935 1537 1977; x_wconf 90' lang='lat' dir='ltr'>illi</span> <span class='ocrx_word' id='word_1_255' title='bbox 1570 1937 1884 1981; x_wconf 88' lang='lat' dir='ltr'>substituamus</span> <span class='ocrx_word' id='word_1_256' title='bbox 1915 1954 1998 1982; x_wconf 89' lang='lat' dir='ltr'>non</span> 
     </span>
     <span class='ocr_line' id='line_1_28' title="bbox 242 1989 1999 2052; baseline 0.009 -22"><span class='ocrx_word' id='word_1_257' title='bbox 242 1989 380 2040; x_wconf 84' lang='lat' dir='ltr'>uideo,</span> <span class='ocrx_word' id='word_1_258' title='bbox 415 2005 510 2033; x_wconf 90' lang='lat' dir='ltr'>cum</span> <span class='ocrx_word' id='word_1_259' title='bbox 542 1995 689 2034; x_wconf 87' lang='lat' dir='ltr'>tamen</span> <span class='ocrx_word' id='word_1_260' title='bbox 721 1995 860 2048; x_wconf 85' lang='lat' dir='ltr'>magis</span> <span class='ocrx_word' id='word_1_261' title='bbox 892 1996 1053 2039; x_wconf 77' lang='lat' dir='ltr'>Hector</span> <span class='ocrx_word' id='word_1_262' title='bbox 1085 1997 1152 2039; x_wconf 91' lang='lat' dir='ltr'>hic</span> <span class='ocrx_word' id='word_1_263' title='bbox 1185 2001 1314 2051; x_wconf 87' lang='lat' dir='ltr'>egeat</span> <span class='ocrx_word' id='word_1_264' title='bbox 1345 2013 1472 2052; x_wconf 87' lang='lat' dir='ltr'>quam</span> <span class='ocrx_word' id='word_1_265' title='bbox 1505 2001 1619 2052; x_wconf 88' lang='lat' dir='ltr'>alibi,</span> <span class='ocrx_word' id='word_1_266' title='bbox 1659 2004 1841 2045; x_wconf 88' lang='lat' dir='ltr'>multum</span> <span class='ocrx_word' id='word_1_267' title='bbox 1874 2018 1999 2046; x_wconf 87' lang='lat' dir='ltr'>exer-</span> 
     </span>
     <span class='ocr_line' id='line_1_29' title="bbox 243 2054 1997 2121; baseline 0.009 -25"><span class='ocrx_word' id='word_1_268' title='bbox 243 2054 376 2097; x_wconf 88' lang='lat' dir='ltr'>citato</span> <span class='ocrx_word' id='word_1_269' title='bbox 409 2056 621 2107; x_wconf 86' lang='lat' dir='ltr'>Ministro,</span> <span class='ocrx_word' id='word_1_270' title='bbox 657 2061 808 2112; x_wconf 88' lang='lat' dir='ltr'>utpote</span> <span class='ocrx_word' id='word_1_271' title='bbox 841 2074 937 2102; x_wconf 78' lang='lat' dir='ltr'>cuin</span> <span class='ocrx_word' id='word_1_272' title='bbox 970 2061 1027 2104; x_wconf 91' lang='lat' dir='ltr'>sit</span> <span class='ocrx_word' id='word_1_273' title='bbox 1060 2063 1253 2105; x_wconf 78' lang='lat' dir='ltr'>externis</span> <span class='ocrx_word' id='word_1_274' title='bbox 1286 2065 1411 2115; x_wconf 89' lang='lat' dir='ltr'>curis,</span> <span class='ocrx_word' id='word_1_275' title='bbox 1446 2066 1636 2118; x_wconf 89' lang='lat' dir='ltr'>quotidie</span> <span class='ocrx_word' id='word_1_276' title='bbox 1668 2072 1997 2121; x_wconf 87' lang='lat' dir='ltr'>praegrauatus.</span> 
     </span>
     <span class='ocr_line' id='line_1_30' title="bbox 243 2120 1998 2185; baseline 0.009 -25"><span class='ocrx_word' id='word_1_277' title='bbox 243 2120 311 2161; x_wconf 80' lang='lat' dir='ltr'>Ex</span> <span class='ocrx_word' id='word_1_278' title='bbox 343 2121 460 2162; x_wconf 88' lang='lat' dir='ltr'>Vrbe</span> <span class='ocrx_word' id='word_1_279' title='bbox 492 2121 605 2164; x_wconf 87' lang='lat' dir='ltr'>mitti</span> <span class='ocrx_word' id='word_1_280' title='bbox 638 2123 692 2164; x_wconf 90' lang='lat' dir='ltr'>ad</span> <span class='ocrx_word' id='word_1_281' title='bbox 724 2137 801 2165; x_wconf 91' lang='lat' dir='ltr'>nos</span> <span class='ocrx_word' id='word_1_282' title='bbox 834 2125 1019 2178; x_wconf 86' lang='lat' dir='ltr'>aliquem</span> <span class='ocrx_word' id='word_1_283' title='bbox 1052 2127 1310 2179; x_wconf 84' lang='lat' dir='ltr'>Ministrum,</span> <span class='ocrx_word' id='word_1_284' title='bbox 1350 2131 1607 2182; x_wconf 84' lang='lat' dir='ltr'>praesertim</span> <span class='ocrx_word' id='word_1_285' title='bbox 1641 2131 1712 2185; x_wconf 90' lang='lat' dir='ltr'>qui</span> <span class='ocrx_word' id='word_1_286' title='bbox 1745 2132 1998 2176; x_wconf 82' lang='lat' dir='ltr'>Germanice</span> 
     </span>
     <span class='ocr_line' id='line_1_31' title="bbox 241 2185 1997 2249; baseline 0.009 -24"><span class='ocrx_word' id='word_1_287' title='bbox 241 2185 356 2227; x_wconf 89' lang='lat' dir='ltr'>norit</span> <span class='ocrx_word' id='word_1_288' title='bbox 395 2186 524 2238; x_wconf 90' lang='lat' dir='ltr'>loqui,</span> <span class='ocrx_word' id='word_1_289' title='bbox 567 2187 675 2229; x_wconf 88' lang='lat' dir='ltr'>satis</span> <span class='ocrx_word' id='word_1_290' title='bbox 715 2187 911 2242; x_wconf 80' lang='lat' dir='ltr'>intelligo</span> <span class='ocrx_word' id='word_1_291' title='bbox 953 2190 1126 2233; x_wconf 86' lang='lat' dir='ltr'>difficile</span> <span class='ocrx_word' id='word_1_292' title='bbox 1159 2192 1263 2243; x_wconf 86' lang='lat' dir='ltr'>fore,</span> <span class='ocrx_word' id='word_1_293' title='bbox 1308 2194 1477 2246; x_wconf 88' lang='lat' dir='ltr'>quando</span> <span class='ocrx_word' id='word_1_294' title='bbox 1516 2197 1561 2237; x_wconf 92' lang='lat' dir='ltr'>et</span> <span class='ocrx_word' id='word_1_295' title='bbox 1591 2196 1858 2249; x_wconf 85' lang='lat' dir='ltr'>professores</span> <span class='ocrx_word' id='word_1_296' title='bbox 1890 2198 1997 2240; x_wconf 88' lang='lat' dir='ltr'>alios</span> 
     </span>
     <span class='ocr_line' id='line_1_32' title="bbox 240 2249 1996 2315; baseline 0.008 -25"><span class='ocrx_word' id='word_1_297' title='bbox 240 2249 495 2304; x_wconf 69' lang='lat' dir='ltr'>ingolstadij</span> <span class='ocrx_word' id='word_1_298' title='bbox 519 2252 784 2294; x_wconf 86' lang='lat' dir='ltr'>necessarios</span> <span class='ocrx_word' id='word_1_299' title='bbox 807 2255 1011 2307; x_wconf 88' lang='lat' dir='ltr'>consequi</span> <span class='ocrx_word' id='word_1_300' title='bbox 1034 2270 1117 2297; x_wconf 92' lang='lat' dir='ltr'>non</span> <span class='ocrx_word' id='word_1_301' title='bbox 1140 2271 1367 2309; x_wconf 87' lang='lat' dir='ltr'>possumus</span> <span class='ocrx_word' id='word_1_302' title='bbox 1379 2260 1408 2308; x_wconf 72' lang='lat'>⁶,</span> <span class='ocrx_word' id='word_1_303' title='bbox 1433 2259 1640 2301; x_wconf 87' lang='lat' dir='ltr'>Dominus</span> <span class='ocrx_word' id='word_1_304' title='bbox 1662 2261 1866 2315; x_wconf 86' lang='lat' dir='ltr'>respiciat</span> <span class='ocrx_word' id='word_1_305' title='bbox 1887 2262 1996 2305; x_wconf 87' lang='lat' dir='ltr'>hanc</span> 
     </span>
     <span class='ocr_line' id='line_1_33' title="bbox 241 2315 1782 2375; baseline 0.008 -20"><span class='ocrx_word' id='word_1_306' title='bbox 241 2315 520 2368; x_wconf 84' lang='lat' dir='ltr'>collegiorum</span> <span class='ocrx_word' id='word_1_307' title='bbox 553 2319 596 2357; x_wconf 88' lang='lat' dir='ltr'>et</span> <span class='ocrx_word' id='word_1_308' title='bbox 627 2317 896 2370; x_wconf 84' lang='lat' dir='ltr'>frequentem</span> <span class='ocrx_word' id='word_1_309' title='bbox 932 2322 1049 2361; x_wconf 83' lang='lat' dir='ltr'>certe</span> <span class='ocrx_word' id='word_1_310' title='bbox 1080 2320 1269 2374; x_wconf 81' lang='lat' dir='ltr'>inopiam</span> <span class='ocrx_word' id='word_1_311' title='bbox 1302 2326 1432 2375; x_wconf 84' lang='lat' dir='ltr'>atque</span> <span class='ocrx_word' id='word_1_312' title='bbox 1464 2325 1782 2368; x_wconf 88' lang='lat' dir='ltr'>necessitatem.</span> 
     </span>
    </p>
   </div>
   <div class='ocr_carea' id='block_1_4' title="bbox 242 2406 1994 2528">
    <p class='ocr_par' dir='ltr' id='par_1_5' title="bbox 242 2406 1994 2528">
     <span class='ocr_line' id='line_1_34' title="bbox 357 2406 1994 2447; baseline 0.009 -18"><span class='ocrx_word' id='word_1_313' title='bbox 357 2406 385 2436; x_wconf 83' lang='lat' dir='ltr'>a)</span> <span class='ocrx_word' id='word_1_314' title='bbox 406 2406 442 2430; x_wconf 76' lang='lat' dir='ltr'>In</span> <span class='ocrx_word' id='word_1_315' title='bbox 463 2409 574 2437; x_wconf 69' lang='lat' dir='ltr'>cttctoyr.</span> <span class='ocrx_word' id='word_1_316' title='bbox 595 2409 728 2439; x_wconf 71' lang='lat' dir='ltr'>sequitur</span> <span class='ocrx_word' id='word_1_317' title='bbox 753 2416 837 2440; x_wconf 75' lang='lat' dir='ltr'>sane,</span> <span class='ocrx_word' id='word_1_318' title='bbox 862 2418 879 2433; x_wconf 70' lang='grc' dir='ltr'><em>α</em></span> <span class='ocrx_word' id='word_1_319' title='bbox 901 2411 928 2434; x_wconf 82' lang='lat' dir='ltr'>C.</span> <span class='ocrx_word' id='word_1_320' title='bbox 950 2411 1038 2434; x_wconf 66' lang='lat' dir='ltr'>oblim.</span> <span class='ocrx_word' id='word_1_321' title='bbox 1112 2411 1141 2438; x_wconf 66' lang='lat' dir='ltr'>b!</span> <span class='ocrx_word' id='word_1_322' title='bbox 1163 2412 1239 2436; x_wconf 79' lang='grc' dir='ltr'><em>Ηιιίσ</em></span> <span class='ocrx_word' id='word_1_323' title='bbox 1264 2413 1322 2437; x_wconf 74' lang='lat' dir='ltr'>locu</span> <span class='ocrx_word' id='word_1_324' title='bbox 1348 2414 1377 2437; x_wconf 76' lang='lat' dir='ltr'>in</span> <span class='ocrx_word' id='word_1_325' title='bbox 1404 2415 1535 2445; x_wconf 65' lang='lat' dir='ltr'>mrtrgsine</span> <span class='ocrx_word' id='word_1_326' title='bbox 1560 2417 1736 2447; x_wconf 63' lang='lat' dir='ltr'>(zutoyrastlzi</span> <span class='ocrx_word' id='word_1_327' title='bbox 1761 2425 1847 2442; x_wconf 73' lang='grc' dir='ltr'><em>υιαηι(</em></span> <span class='ocrx_word' id='word_1_328' title='bbox 1875 2427 1994 2443; x_wconf 69' lang='lat' dir='ltr'>romana</span> 
     </span>
     <span class='ocr_line' id='line_1_35' title="bbox 242 2446 1993 2490; baseline 0.009 -21"><span class='ocrx_word' id='word_1_329' title='bbox 242 2446 406 2476; x_wconf 60' lang='grc' dir='ltr'><em>(Ροῖαηι-ίίέ)</em></span> <span class='ocrx_word' id='word_1_330' title='bbox 428 2448 588 2478; x_wconf 66' lang='lat' dir='ltr'>ascriptum</span> <span class='ocrx_word' id='word_1_331' title='bbox 608 2453 665 2473; x_wconf 60' lang='lat' dir='ltr'>est:</span> <span class='ocrx_word' id='word_1_332' title='bbox 686 2449 728 2480; x_wconf 76' lang='lat' dir='ltr'>[Si</span> <span class='ocrx_word' id='word_1_333' title='bbox 748 2450 882 2475; x_wconf 74' lang='lat' dir='ltr'>scrinei-a</span> <span class='ocrx_word' id='word_1_334' title='bbox 903 2450 930 2475; x_wconf 81' lang='lat' dir='ltr'>ai</span> <span class='ocrx_word' id='word_1_335' title='bbox 950 2450 1165 2483; x_wconf 75' lang='lat' dir='ltr'>I’ad1·iv]in&lt;·k</span> <span class='ocrx_word' id='word_1_336' title='bbox 1185 2454 1216 2477; x_wconf 88' lang='lat' dir='ltr'>et</span> <span class='ocrx_word' id='word_1_337' title='bbox 1236 2453 1390 2478; x_wconf 82' lang='lat' dir='ltr'>Everardo</span> <span class='ocrx_word' id='word_1_338' title='bbox 1412 2454 1489 2486; x_wconf 77' lang='lat' dir='ltr'>[che]</span> <span class='ocrx_word' id='word_1_339' title='bbox 1510 2455 1651 2481; x_wconf 63' lang='lat' dir='ltr'>mendino</span> <span class='ocrx_word' id='word_1_340' title='bbox 1672 2464 1711 2482; x_wconf 85' lang='lat' dir='ltr'>un</span> <span class='ocrx_word' id='word_1_341' title='bbox 1732 2457 1822 2490; x_wconf 83' lang='lat' dir='ltr'>al[tr0</span> <span class='ocrx_word' id='word_1_342' title='bbox 1842 2459 1993 2490; x_wconf 81' lang='lat' dir='ltr'>min]istro</span> 
     </span>
     <span class='ocr_line' id='line_1_36' title="bbox 243 2486 1992 2528; baseline 0.009 -18"><span class='ocrx_word' id='word_1_343' title='bbox 243 2486 267 2510; x_wconf 62' lang='lat' dir='ltr'>si</span> <span class='ocrx_word' id='word_1_344' title='bbox 299 2486 365 2512; x_wconf 83' lang='lat' dir='ltr'>fieri</span> <span class='ocrx_word' id='word_1_345' title='bbox 396 2487 495 2519; x_wconf 68' lang='lat' dir='ltr'>possit</span> <span class='ocrx_word' id='word_1_346' title='bbox 514 2503 548 2506; x_wconf 97' lang='lat'><strong>—</strong></span> <span class='ocrx_word' id='word_1_347' title='bbox 571 2504 598 2507; x_wconf 87' lang='lat'>—</span> <span class='ocrx_word' id='word_1_348' title='bbox 621 2496 745 2522; x_wconf 73' lang='lat' dir='ltr'>sapesso</span> <span class='ocrx_word' id='word_1_349' title='bbox 767 2506 797 2509; x_wconf 26' lang='grc' dir='ltr'>ᾖ</span> <span class='ocrx_word' id='word_1_350' title='bbox 820 2506 851 2509; x_wconf 86' lang='grc'>-</span> <span class='ocrx_word' id='word_1_351' title='bbox 873 2498 913 2518; x_wconf 77' lang='lat' dir='ltr'>re.</span> <span class='ocrx_word' id='word_1_352' title='bbox 962 2493 1029 2516; x_wconf 67' lang='lat' dir='ltr'>Vide</span> <span class='ocrx_word' id='word_1_353' title='bbox 1064 2493 1144 2523; x_wconf 73' lang='lat' dir='ltr'>infra</span> <span class='ocrx_word' id='word_1_354' title='bbox 1170 2495 1289 2518; x_wconf 62' lang='lat' dir='ltr'>Palamcs</span> <span class='ocrx_word' id='word_1_355' title='bbox 1322 2496 1475 2526; x_wconf 44' lang='lat' dir='ltr'>epistulam</span> <span class='ocrx_word' id='word_1_356' title='bbox 1511 2499 1535 2520; x_wconf 65' lang='lat' dir='ltr'>J.</span> <span class='ocrx_word' id='word_1_357' title='bbox 1561 2499 1635 2528; x_wconf 68' lang='lat' dir='ltr'>Apr.</span> <span class='ocrx_word' id='word_1_358' title='bbox 1663 2500 1731 2523; x_wconf 65' lang='lat'>15⁶5</span> <span class='ocrx_word' id='word_1_359' title='bbox 1760 2500 1799 2523; x_wconf 70' lang='lat' dir='ltr'>acl</span> <span class='ocrx_word' id='word_1_360' title='bbox 1828 2501 1855 2524; x_wconf 77' lang='lat' dir='ltr'>C.</span> <span class='ocrx_word' id='word_1_361' title='bbox 1885 2501 1992 2525; x_wconf 69' lang='lat' dir='ltr'>(latam.</span> 
     </span>
    </p>
   </div>
   <div class='ocr_carea' id='block_1_5' title="bbox 237 2528 797 2564">
    <p class='ocr_par' dir='ltr' id='par_1_6' title="bbox 237 2528 797 2564">
     <span class='ocr_line' id='line_1_37' title="bbox 237 2528 797 2564; baseline 0.013 -14"><span class='ocrx_word' id='word_1_362' title='bbox 237 2530 263 2557; x_wconf 78' lang='lat' dir='ltr'>c)</span> <span class='ocrx_word' id='word_1_363' title='bbox 285 2528 331 2553; x_wconf 86' lang='lat' dir='ltr'>Sic</span> <span class='ocrx_word' id='word_1_364' title='bbox 351 2537 416 2559; x_wconf 67' lang='lat' dir='ltr'>ap.;</span> <span class='ocrx_word' id='word_1_365' title='bbox 442 2529 629 2560; x_wconf 69' lang='lat' dir='ltr'>leyendumne</span> <span class='ocrx_word' id='word_1_366' title='bbox 649 2532 797 2564; x_wconf 72' lang='lat' dir='ltr'>propius?</span> 
     </span>
    </p>
   </div>
   <div class='ocr_carea' id='block_1_6' title="bbox 250 2588 372 2593">
    <p class='ocr_par' dir='ltr' id='par_1_7' title="bbox 250 2588 372 2593">
     <span class='ocr_line' id='line_1_38' title="bbox 250 2588 372 2593; baseline 0 0"><span class='ocrx_word' id='word_1_367' title='bbox 250 2588 372 2593; x_wconf 95' lang='lat' dir='ltr'> </span> 
     </span>
    </p>
   </div>
   <div class='ocr_carea' id='block_1_7' title="bbox 373 2589 456 2594">
    <p class='ocr_par' dir='ltr' id='par_1_8' title="bbox 373 2589 456 2594">
     <span class='ocr_line' id='line_1_39' title="bbox 373 2589 456 2594; baseline 0 0"><span class='ocrx_word' id='word_1_368' title='bbox 373 2589 456 2594; x_wconf 95' lang='lat' dir='ltr'> </span> 
     </span>
    </p>
   </div>
   <div class='ocr_carea' id='block_1_8' title="bbox 457 2590 662 2596">
    <p class='ocr_par' dir='ltr' id='par_1_9' title="bbox 457 2590 662 2596">
     <span class='ocr_line' id='line_1_40' title="bbox 457 2590 662 2596; baseline 0 0"><span class='ocrx_word' id='word_1_369' title='bbox 457 2590 662 2596; x_wconf 95' lang='lat' dir='ltr'> </span> 
     </span>
    </p>
   </div>
   <div class='ocr_carea' id='block_1_9' title="bbox 232 2623 1993 3192">
    <p class='ocr_par' dir='ltr' id='par_1_10' title="bbox 237 2623 1993 2730">
     <span class='ocr_line' id='line_1_41' title="bbox 357 2623 1993 2675; baseline 0.007 -18"><span class='ocrx_word' id='word_1_370' title='bbox 357 2624 366 2643; x_wconf 78' lang='lat'>¹</span> <span class='ocrx_word' id='word_1_371' title='bbox 393 2623 558 2659; x_wconf 85' lang='lat' dir='ltr'>Canisius</span> <span class='ocrx_word' id='word_1_372' title='bbox 593 2626 783 2669; x_wconf 83' lang='lat' dir='ltr'>collegium</span> <span class='ocrx_word' id='word_1_373' title='bbox 818 2627 903 2667; x_wconf 86' lang='lat' dir='ltr'>hoc,</span> <span class='ocrx_word' id='word_1_374' title='bbox 938 2630 978 2661; x_wconf 85' lang='lat' dir='ltr'>ut</span> <span class='ocrx_word' id='word_1_375' title='bbox 1009 2639 1073 2662; x_wconf 86' lang='lat' dir='ltr'>suo</span> <span class='ocrx_word' id='word_1_376' title='bbox 1103 2629 1316 2673; x_wconf 81' lang='lat' dir='ltr'>„praepositi</span> <span class='ocrx_word' id='word_1_377' title='bbox 1342 2631 1592 2675; x_wconf 81' lang='lat' dir='ltr'>p1·ovincialis“</span> <span class='ocrx_word' id='word_1_378' title='bbox 1623 2633 1739 2667; x_wconf 87' lang='lat' dir='ltr'>officio</span> <span class='ocrx_word' id='word_1_379' title='bbox 1765 2634 1993 2669; x_wconf 78' lang='lat' dir='ltr'>satisfaceret</span> 
     </span>
     <span class='ocr_line' id='line_1_42' title="bbox 237 2674 1990 2730; baseline 0.009 -23"><span class='ocrx_word' id='word_1_380' title='bbox 237 2674 535 2717; x_wconf 68' lang='lat' dir='ltr'>(constitutiones</span> <span class='ocrx_word' id='word_1_381' title='bbox 554 2678 588 2712; x_wconf 80' lang='lat' dir='ltr'>S.</span> <span class='ocrx_word' id='word_1_382' title='bbox 607 2679 638 2713; x_wconf 81' lang='lat' dir='ltr'>J.</span> <span class='ocrx_word' id='word_1_383' title='bbox 659 2679 698 2713; x_wconf 85' lang='lat' dir='ltr'>P.</span> <span class='ocrx_word' id='word_1_384' title='bbox 718 2680 749 2719; x_wconf 76' lang='lat'>8,</span> <span class='ocrx_word' id='word_1_385' title='bbox 769 2692 797 2713; x_wconf 92' lang='lat' dir='ltr'>c.</span> <span class='ocrx_word' id='word_1_386' title='bbox 821 2682 848 2721; x_wconf 87' lang='lat'>1,</span> <span class='ocrx_word' id='word_1_387' title='bbox 868 2681 919 2715; x_wconf 81' lang='lat' dir='ltr'>J.:</span> <span class='ocrx_word' id='word_1_388' title='bbox 942 2680 1045 2715; x_wconf 88' lang='lat' dir='ltr'>Conc.</span> <span class='ocrx_word' id='word_1_389' title='bbox 1065 2681 1160 2715; x_wconf 84' lang='lat' dir='ltr'>Trid.</span> <span class='ocrx_word' id='word_1_390' title='bbox 1180 2681 1274 2716; x_wconf 80' lang='lat' dir='ltr'>Sess.</span> <span class='ocrx_word' id='word_1_391' title='bbox 1294 2683 1417 2723; x_wconf 88' lang='lat' dir='ltr'>XXV.‚</span> <span class='ocrx_word' id='word_1_392' title='bbox 1437 2685 1478 2718; x_wconf 87' lang='lat' dir='ltr'>de</span> <span class='ocrx_word' id='word_1_393' title='bbox 1497 2685 1610 2727; x_wconf 79' lang='lat' dir='ltr'>regul.</span> <span class='ocrx_word' id='word_1_394' title='bbox 1630 2697 1658 2719; x_wconf 90' lang='lat' dir='ltr'>c.</span> <span class='ocrx_word' id='word_1_395' title='bbox 1680 2687 1695 2720; x_wconf 91' lang='lat'>1</span> <span class='ocrx_word' id='word_1_396' title='bbox 1717 2686 1789 2730; x_wconf 76' lang='lat'>20),</span> <span class='ocrx_word' id='word_1_397' title='bbox 1808 2687 1990 2722; x_wconf 82' lang='lat' dir='ltr'>visitabat.</span> 
     </span>
    </p>

    <p class='ocr_par' dir='ltr' id='par_1_11' title="bbox 233 2728 1991 2886">
     <span class='ocr_line' id='line_1_43' title="bbox 352 2728 1990 2782; baseline 0.007 -20"><span class='ocrx_word' id='word_1_398' title='bbox 352 2728 365 2748; x_wconf 72' lang='lat'>‘²</span> <span class='ocrx_word' id='word_1_399' title='bbox 392 2729 558 2764; x_wconf 81' lang='lat' dir='ltr'>Coloniae</span> <span class='ocrx_word' id='word_1_400' title='bbox 593 2731 627 2764; x_wconf 90' lang='lat' dir='ltr'>in</span> <span class='ocrx_word' id='word_1_401' title='bbox 664 2732 815 2766; x_wconf 80' lang='lat' dir='ltr'>ecclesia</span> <span class='ocrx_word' id='word_1_402' title='bbox 841 2734 1115 2778; x_wconf 85' lang='lat' dir='ltr'>metropolitana</span> <span class='ocrx_word' id='word_1_403' title='bbox 1140 2746 1271 2777; x_wconf 85' lang='lat' dir='ltr'>magna</span> <span class='ocrx_word' id='word_1_404' title='bbox 1297 2747 1377 2769; x_wconf 87' lang='lat' dir='ltr'>cum</span> <span class='ocrx_word' id='word_1_405' title='bbox 1404 2737 1509 2771; x_wconf 81' lang='lat' dir='ltr'>laude</span> <span class='ocrx_word' id='word_1_406' title='bbox 1535 2741 1571 2771; x_wconf 83' lang='lat' dir='ltr'>et</span> <span class='ocrx_word' id='word_1_407' title='bbox 1596 2739 1741 2782; x_wconf 84' lang='lat' dir='ltr'>egregio</span> <span class='ocrx_word' id='word_1_408' title='bbox 1768 2751 1846 2773; x_wconf 89' lang='lat' dir='ltr'>cum</span> <span class='ocrx_word' id='word_1_409' title='bbox 1872 2740 1990 2775; x_wconf 86' lang='lat' dir='ltr'>fructu</span> 
     </span>
     <span class='ocr_line' id='line_1_44' title="bbox 233 2780 1991 2834; baseline 0.009 -22"><span class='ocrx_word' id='word_1_410' title='bbox 233 2780 512 2816; x_wconf 83' lang='lat' dir='ltr'>contionatorem</span> <span class='ocrx_word' id='word_1_411' title='bbox 540 2786 662 2826; x_wconf 80' lang='lat' dir='ltr'>egerat</span> <span class='ocrx_word' id='word_1_412' title='bbox 690 2785 796 2828; x_wconf 73' lang='lat' dir='ltr'>(Can.</span> <span class='ocrx_word' id='word_1_413' title='bbox 823 2785 875 2819; x_wconf 84' lang='lat' dir='ltr'>III</span> <span class='ocrx_word' id='word_1_414' title='bbox 901 2787 993 2819; x_wconf 65' lang='lat'>552⁴</span> <span class='ocrx_word' id='word_1_415' title='bbox 1020 2787 1087 2820; x_wconf 79' lang='lat'>799</span> <span class='ocrx_word' id='word_1_416' title='bbox 1114 2786 1193 2821; x_wconf 89' lang='lat'>815.</span> <span class='ocrx_word' id='word_1_417' title='bbox 1244 2790 1319 2822; x_wconf 72' lang='lat' dir='ltr'>Jos.</span> <span class='ocrx_word' id='word_1_418' title='bbox 1346 2791 1510 2834; x_wconf 66' lang='grc' dir='ltr'>Ηαιιεωι,</span> <span class='ocrx_word' id='word_1_419' title='bbox 1543 2791 1756 2825; x_wconf 84' lang='lat' dir='ltr'>Rheinische</span> <span class='ocrx_word' id='word_1_420' title='bbox 1783 2792 1903 2826; x_wconf 83' lang='lat' dir='ltr'>Akten</span> <span class='ocrx_word' id='word_1_421' title='bbox 1928 2805 1991 2827; x_wconf 83' lang='lat' dir='ltr'>zur</span> 
     </span>
     <span class='ocr_line' id='line_1_45' title="bbox 234 2833 1512 2886; baseline 0.008 -20"><span class='ocrx_word' id='word_1_422' title='bbox 234 2833 449 2867; x_wconf 67' lang='lat' dir='ltr'>Geschichte</span> <span class='ocrx_word' id='word_1_423' title='bbox 476 2835 538 2868; x_wconf 86' lang='lat' dir='ltr'>des</span> <span class='ocrx_word' id='word_1_424' title='bbox 564 2837 861 2873; x_wconf 84' lang='lat' dir='ltr'>Jesuitenordens</span> <span class='ocrx_word' id='word_1_425' title='bbox 890 2839 1131 2881; x_wconf 75' lang='grc'>1542-1582,</span> <span class='ocrx_word' id='word_1_426' title='bbox 1159 2840 1259 2874; x_wconf 87' lang='lat' dir='ltr'>Bonn</span> <span class='ocrx_word' id='word_1_427' title='bbox 1288 2842 1388 2881; x_wconf 72' lang='lat'>1896,</span> <span class='ocrx_word' id='word_1_428' title='bbox 1414 2844 1512 2886; x_wconf 75' lang='lat'>493).</span> 
     </span>
    </p>

    <p class='ocr_par' dir='ltr' id='par_1_12' title="bbox 351 2885 1030 2926">
     <span class='ocr_line' id='line_1_46' title="bbox 351 2885 1030 2926; baseline 0.012 -8"><span class='ocrx_word' id='word_1_429' title='bbox 351 2886 363 2905; x_wconf 83' lang='lat'>³</span> <span class='ocrx_word' id='word_1_430' title='bbox 390 2885 441 2920; x_wconf 84' lang='lat' dir='ltr'>Cf.</span> <span class='ocrx_word' id='word_1_431' title='bbox 474 2888 560 2922; x_wconf 73' lang='lat' dir='ltr'>Can.</span> <span class='ocrx_word' id='word_1_432' title='bbox 589 2889 639 2922; x_wconf 81' lang='lat' dir='ltr'>IV</span> <span class='ocrx_word' id='word_1_433' title='bbox 666 2891 733 2924; x_wconf 81' lang='lat'>569</span> <span class='ocrx_word' id='word_1_434' title='bbox 761 2892 829 2925; x_wconf 82' lang='lat'>595</span> <span class='ocrx_word' id='word_1_435' title='bbox 857 2893 923 2925; x_wconf 83' lang='lat'>777</span> <span class='ocrx_word' id='word_1_436' title='bbox 951 2892 1030 2926; x_wconf 77' lang='lat'>937.</span> 
     </span>
    </p>

    <p class='ocr_par' dir='ltr' id='par_1_13' title="bbox 232 2939 1987 3136">
     <span class='ocr_line' id='line_1_47' title="bbox 350 2939 1987 2991; baseline 0.009 -20"><span class='ocrx_word' id='word_1_437' title='bbox 350 2940 361 2957; x_wconf 69' lang='lat'>⁴</span> <span class='ocrx_word' id='word_1_438' title='bbox 388 2939 546 2973; x_wconf 80' lang='lat' dir='ltr'>Maxime</span> <span class='ocrx_word' id='word_1_439' title='bbox 564 2941 769 2983; x_wconf 85' lang='lat' dir='ltr'>significare</span> <span class='ocrx_word' id='word_1_440' title='bbox 788 2944 932 2978; x_wconf 78' lang='lat' dir='ltr'>videtur</span> <span class='ocrx_word' id='word_1_441' title='bbox 949 2945 1020 2979; x_wconf 78' lang='lat' dir='ltr'>PP.</span> <span class='ocrx_word' id='word_1_442' title='bbox 1040 2945 1262 2991; x_wconf 84' lang='lat' dir='ltr'>Alphonsum</span> <span class='ocrx_word' id='word_1_443' title='bbox 1283 2947 1452 2982; x_wconf 85' lang='lat' dir='ltr'>Pisanum</span> <span class='ocrx_word' id='word_1_444' title='bbox 1472 2950 1506 2982; x_wconf 85' lang='lat' dir='ltr'>et</span> <span class='ocrx_word' id='word_1_445' title='bbox 1524 2948 1781 2984; x_wconf 82' lang='lat' dir='ltr'>Theodericum</span> <span class='ocrx_word' id='word_1_446' title='bbox 1800 2951 1987 2986; x_wconf 87' lang='lat' dir='ltr'>Peltanum</span> 
     </span>
     <span class='ocr_line' id='line_1_48' title="bbox 232 2990 1987 3044; baseline 0.009 -22"><span class='ocrx_word' id='word_1_447' title='bbox 232 2990 434 3033; x_wconf 77' lang='lat' dir='ltr'>theologiae</span> <span class='ocrx_word' id='word_1_448' title='bbox 460 2992 495 3025; x_wconf 90' lang='lat' dir='ltr'>in</span> <span class='ocrx_word' id='word_1_449' title='bbox 522 2993 758 3029; x_wconf 83' lang='lat' dir='ltr'>universitate</span> <span class='ocrx_word' id='word_1_450' title='bbox 784 2997 847 3030; x_wconf 84' lang='lat' dir='ltr'>illa</span> <span class='ocrx_word' id='word_1_451' title='bbox 873 2998 1114 3041; x_wconf 83' lang='lat' dir='ltr'>professores;</span> <span class='ocrx_word' id='word_1_452' title='bbox 1152 2999 1212 3042; x_wconf 89' lang='lat' dir='ltr'>qui</span> <span class='ocrx_word' id='word_1_453' title='bbox 1245 3011 1325 3033; x_wconf 86' lang='lat' dir='ltr'>cum</span> <span class='ocrx_word' id='word_1_454' title='bbox 1352 3001 1479 3034; x_wconf 81' lang='lat' dir='ltr'>animis</span> <span class='ocrx_word' id='word_1_455' title='bbox 1506 3003 1627 3034; x_wconf 83' lang='lat' dir='ltr'>essent</span> <span class='ocrx_word' id='word_1_456' title='bbox 1651 3001 1987 3044; x_wconf 83' lang='lat' dir='ltr'>vehementioribus,</span> 
     </span>
     <span class='ocr_line' id='line_1_49' title="bbox 232 3042 1984 3099; baseline 0.008 -24"><span class='ocrx_word' id='word_1_457' title='bbox 232 3042 325 3076; x_wconf 83' lang='lat' dir='ltr'>haud</span> <span class='ocrx_word' id='word_1_458' title='bbox 348 3043 399 3077; x_wconf 81' lang='lat' dir='ltr'>ita</span> <span class='ocrx_word' id='word_1_459' title='bbox 424 3044 531 3078; x_wconf 82' lang='lat' dir='ltr'>facile</span> <span class='ocrx_word' id='word_1_460' title='bbox 558 3045 615 3078; x_wconf 86' lang='lat' dir='ltr'>vel</span> <span class='ocrx_word' id='word_1_461' title='bbox 641 3047 735 3080; x_wconf 88' lang='lat' dir='ltr'>inter</span> <span class='ocrx_word' id='word_1_462' title='bbox 760 3060 799 3082; x_wconf 90' lang='lat' dir='ltr'>se</span> <span class='ocrx_word' id='word_1_463' title='bbox 826 3049 884 3082; x_wconf 85' lang='lat' dir='ltr'>vel</span> <span class='ocrx_word' id='word_1_464' title='bbox 910 3062 989 3084; x_wconf 87' lang='lat' dir='ltr'>cum</span> <span class='ocrx_word' id='word_1_465' title='bbox 1016 3051 1164 3095; x_wconf 85' lang='lat' dir='ltr'>reliquis</span> <span class='ocrx_word' id='word_1_466' title='bbox 1192 3052 1454 3096; x_wconf 75' lang='lat' dir='ltr'>professoribus</span> <span class='ocrx_word' id='word_1_467' title='bbox 1480 3064 1603 3097; x_wconf 81' lang='lat' dir='ltr'>pacem</span> <span class='ocrx_word' id='word_1_468' title='bbox 1630 3065 1776 3088; x_wconf 83' lang='lat' dir='ltr'>servare</span> <span class='ocrx_word' id='word_1_469' title='bbox 1802 3058 1984 3099; x_wconf 81' lang='lat' dir='ltr'>poterant;</span> 
     </span>
     <span class='ocr_line' id='line_1_50' title="bbox 232 3095 1694 3136; baseline 0.012 -8"><span class='ocrx_word' id='word_1_470' title='bbox 232 3095 313 3129; x_wconf 90' lang='lat' dir='ltr'>vide</span> <span class='ocrx_word' id='word_1_471' title='bbox 344 3098 429 3129; x_wconf 76' lang='lat' dir='ltr'>Can.</span> <span class='ocrx_word' id='word_1_472' title='bbox 456 3096 507 3129; x_wconf 85' lang='lat' dir='ltr'>IV</span> <span class='ocrx_word' id='word_1_473' title='bbox 535 3098 600 3131; x_wconf 75' lang='lat'>177</span> <span class='ocrx_word' id='word_1_474' title='bbox 627 3100 693 3133; x_wconf 76' lang='lat'>441</span> <span class='ocrx_word' id='word_1_475' title='bbox 723 3101 791 3134; x_wconf 79' lang='lat'>513</span> <span class='ocrx_word' id='word_1_476' title='bbox 818 3102 897 3136; x_wconf 74' lang='lat'>684.</span> <span class='ocrx_word' id='word_1_477' title='bbox 1691 3121 1694 3124; x_wconf 91' lang='grc'><strong><em>·</em></strong></span> 
     </span>
    </p>

    <p class='ocr_par' dir='ltr' id='par_1_14' title="bbox 351 3148 1476 3192">
     <span class='ocr_line' id='line_1_51' title="bbox 351 3148 1476 3192; baseline 0.01 -11"><span class='ocrx_word' id='word_1_478' title='bbox 351 3149 363 3168; x_wconf 76' lang='lat'>⁵</span> <span class='ocrx_word' id='word_1_479' title='bbox 388 3148 440 3182; x_wconf 89' lang='lat' dir='ltr'>De</span> <span class='ocrx_word' id='word_1_480' title='bbox 466 3149 533 3183; x_wconf 85' lang='lat' dir='ltr'>hoc</span> <span class='ocrx_word' id='word_1_481' title='bbox 560 3151 640 3184; x_wconf 86' lang='lat' dir='ltr'>vide</span> <span class='ocrx_word' id='word_1_482' title='bbox 670 3153 756 3186; x_wconf 71' lang='lat' dir='ltr'>Can.</span> <span class='ocrx_word' id='word_1_483' title='bbox 783 3153 834 3186; x_wconf 80' lang='lat' dir='ltr'>IV</span> <span class='ocrx_word' id='word_1_484' title='bbox 860 3155 938 3188; x_wconf 74' lang='lat'>684.</span> <span class='ocrx_word' id='word_1_485' title='bbox 1084 3158 1096 3176; x_wconf 74' lang='lat'><strong>⁶</strong></span> <span class='ocrx_word' id='word_1_486' title='bbox 1125 3156 1176 3190; x_wconf 88' lang='lat' dir='ltr'>Cf.</span> <span class='ocrx_word' id='word_1_487' title='bbox 1208 3158 1292 3190; x_wconf 75' lang='lat' dir='ltr'>Can.</span> <span class='ocrx_word' id='word_1_488' title='bbox 1322 3157 1371 3190; x_wconf 82' lang='lat' dir='ltr'>IV</span> <span class='ocrx_word' id='word_1_489' title='bbox 1396 3158 1476 3192; x_wconf 80' lang='lat'>441.</span> 
     </span>
    </p>
   </div>
  </div>
 </body>
</html>
