2045 3471
201 200 285 240 644
348 210 361 220 ·
635 195 728 229 Mon.
749 195 814 229 731
843 194 922 229 sive
948 206 1059 238 germ.
1078 194 1100 228 l.
1122 194 1187 238 (6).
1232 195 1287 229 19.
1306 194 1404 239 Sept.
1425 194 1526 229 1565.

201 314 410 359 exequenda
445 315 481 347 et
506 313 684 347 servanda
711 315 822 353 curet,
858 325 938 347 cum
973 314 1004 347 is
1039 313 1074 347 in
1109 312 1318 347 civitatibus
1346 314 1381 345 et
1406 312 1494 346 10015
1521 312 1732 356 quibusdam
1760 312 1965 357 provinciae

198 371 294 409 tuae,
322 378 413 411 quae
440 366 563 400 eadem
590 367 684 400 intra
710 366 799 400 fines
824 366 1016 409 legationis
1044 367 1130 406 eius,
1158 366 1224 399 hoc
1251 369 1307 399 est
1333 366 1367 399 in
1396 365 1640 407 Lotharingia,
1672 365 1788 409 posita
1814 367 1900 399 sunt
1923 367 1966 399 ut

199 423 321 454 nostro
347 422 539 464 praecepto
565 420 798 464 obtemperet,
835 431 876 453 ea
911 419 1140 464 suscipienda
1177 421 1213 452 et
1245 419 1455 462 exequenda
1482 419 1632 459 curabit,
1667 418 1876 452 fraternitas
1901 420 1965 452 tua

199 475 233 507 in
254 474 379 508 bonam
401 472 435 506 id
453 475 590 517 partem
611 473 775 517 accipiat,
802 484 883 507 eum
902 474 958 507 ius
976 475 1091 514 tuum,
1117 472 1418 516 metropoliticum
1437 471 1690 505 nihilominus³
1709 471 1851 505 salvum
1877 472 1966 505 inte-

199 538 375 570 grumque
401 537 545 560 manere
572 526 737 567 velimus,
774 526 868 560 sicut
902 526 937 559 in
972 525 1106 559 nostris
1141 525 1185 558 ad
1221 536 1301 558 eum
1336 525 1452 559 literis
1490 525 1615 558 testati
1647 536 1781 558 sumus.
1832 524 1963 558 Datum

200 580 334 614 Romae
361 579 455 624 apud
481 581 645 613 sanctum
665 578 810 612 Petrum
838 579 903 612 sub
931 579 1037 612 anulo
1056 579 1245 623 piscatoris
1264 578 1320 611 die
1338 590 1415 611 xxv
1433 578 1587 612 octobris
1605 577 1784 622 MDiniij
1804 589 1896 611 anno
1914 578 1965 612 v0.

203 633 274 676 (Ex
301 632 520 677 apographo,
548 632 640 675 quod
659 644 690 666 a.
706 632 795 666 1905
819 631 854 665 in
873 631 1020 665 archivo
1039 632 1206 665 vaticano
1233 631 1453 675 exscriptum
1481 634 1537 665 est
1563 643 1608 665 ex
1626 631 1880 664 commentario
1907 630 1965 664 vel

201 685 407 731 apographo
443 685 600 729 antiquo,
642 685 758 727 „Arm.
785 686 831 718 44
865 688 913 719 to.
941 685 1005 719 20“
1037 696 1090 729 ep.
1118 697 1150 719 n.
1178 686 1232 719 42.
1285 684 1338 718 Cf.
1367 685 1473 718 etiam
1513 683 1727 729 „Stimmeffl
1756 686 1824 717 etc.
1851 683 1966 717 LXXI

321 792 412 834 Quid
438 794 556 826 autem
585 792 628 825 de
653 792 853 826 treverensi
879 791 1030 834 collegio
1058 791 1223 826 Canisius
1254 803 1333 825 011111
1365 791 1634 836 archiepiscopo
1661 790 1837 831 tractarit,
1872 790 1966 824 coni·

202 858 281 881 cere
316 845 402 880 licet
436 857 481 878 ex
514 848 532 864 ÷²·
545 845 700 889 epistula
732 844 845 878 Roma
872 846 903 879 9.
932 845 990 878 vel
1020 845 1096 879 10.b
1123 844 1343 888 Septembris
1373 845 1462 878 1565
1500 856 1520 878 a
1546 844 1580 879 S.
1608 845 1805 877 Francisco
1831 844 1967 886 Boryia

202 898 406 944 praeposito
433 898 593 942 generali
620 899 663 932 ad
692 899 842 932 eundem
869 898 1176 942 archiepiscopum
1205 898 1306 937 data:
1334 897 1395 931 ubi
1422 898 1470 931 is:
1503 897 1622 939 „Quod
1648 897 1813 937 attinet“,
1840 896 1966 940 inquit,

206 953 270 994 „ad
297 952 385 986 illud
412 952 627 996 principium
654 953 849 996 perpetuae
876 951 1097 985 fundationis
1124 951 1218 995 quod
1245 951 1343 984 dedit
1369 951 1544 984 celsitudo
1570 952 1693 984 uestra
1728 962 1792 984 suo
1818 949 1967 992 collegio

201 1005 416 1040 Treuerensi
444 1005 475 1038 ei
502 1004 714 1050 applicando
740 1005 996 1038 monasterium
1026 1003 1070 1038 .S.
1099 1004 1290 1045 Barbarae,
1318 1004 1527 1049 iampridem
1555 1015 1573 1037 a
1602 1004 1763 1048 personis
1790 1002 1968 1046 religiosis

203 1058 413 1093 derelictum
448 1069 528 1091 cum
564 1057 639 1092 suis
674 1057 882 1098 redditibus,
919 1057 1083 1102 inprimis
1118 1057 1255 1101 gratias
1292 1058 1433 1100 agimus
1459 1068 1582 1090 omnes
1607 1056 1650 1090 V.
1679 1056 1715 1090 C.
1750 1056 1792 1089 de
1818 1058 1967 1100 paterno

202 1113 272 1146 isto
298 1112 430 1145 affectu
456 1111 550 1155 quod
576 1111 674 1155 pium
701 1111 768 1144 hoc
795 1122 883 1155 opus
909 1111 1039 1144 stabile
1075 1122 1117 1144 ac
1148 1110 1291 1144 firmum
1318 1110 1520 1154 relinquere
1547 1109 1761 1144 constituit.
1780 1111 1816 1142 et
1841 1109 1870 1142 si
1897 1119 1968 1152 qua

203 1165 238 1198 in
274 1167 376 1209 parte
411 1164 455 1198 ad
492 1164 799 1198 confirmationem
834 1164 931 1197 sedis
958 1163 1187 1208 Apostolicae
1223 1175 1331 1208 opera
1356 1167 1480 1198 nostra
1506 1163 1709 1207 requiretur
1727 1190 1735 1197 .
1755 1173 1832 1196 eam
1858 1162 1968 1196 liben-

203 1218 342 1252 tissime
362 1217 753 1252 confe1·emus.deinde
779 1219 819 1251 ut
845 1220 974 1262 pergat
998 1219 1122 1251 uestra
1142 1217 1190 1251 .C.
1219 1218 1262 1251 ad
1290 1217 1546 1262 perfectionem
1565 1216 1742 1250 adducere
1767 1218 1841 1250 tam
1868 1226 1968 1260 prae-

207 1272 344 1306 clarum
371 1282 459 1315 opus
478 1273 644 1314 tamquec
671 1270 816 1313 egregie
844 1273 880 1304 et
905 1270 1111 1304 inchoatum
1139 1273 1175 1303 et
1199 1269 1384 1314 hucusque
1403 1271 1615 1314 promotum,
1643 1268 1898 1313 supplicamus,
1924 1268 1967 1302 ad

204 1324 296 1369 quod
324 1325 431 1358 etiam
458 1324 643 1358 summusd
670 1323 838 1357 Pontifex
859 1323 914 1366 (ut
933 1323 1136 1367 speramus)
1165 1324 1195 1356 si
1222 1323 1305 1366 quid
1334 1324 1378 1357 ab
1405 1323 1481 1368 ipso
1508 1325 1661 1367 pet-etur,
1688 1334 1758 1355 non
1785 1326 1840 1355 est
1865 1322 1968 1355 dene-

203 1381 366 1421 gaturus.
418 1377 508 1419 Quia
534 1389 618 1410 uero
646 1377 723 1410 fieri
749 1377 891 1421 poterit,
920 1380 959 1410 ut
986 1377 1020 1410 in
1035 1376 1283 1410 Vniuersitate
1302 1377 1516 1410 Treuerensi
1543 1376 1687 1420 aliquae
1713 1375 1886 1409 lectiones
1911 1374 1969 1408 uel

206 1431 294 1465 iuris
320 1430 532 1475 prudentiae
559 1430 617 1464 uel
644 1430 751 1463 etiam
771 1430 968 1463 medicinae
987 1430 1243 1474 praelegantur
1257 1456 1264 1463 .
1280 1441 1469 1474 precamur
1488 1428 1768 1464 Celsitudineme
1782 1427 1973 1462 Vestrams

205 1487 246 1518 ut
271 1484 306 1517 in
333 1483 465 1517 scholis
491 1484 612 1517 nostro
640 1483 791 1526 collegio
811 1483 1011 1523 destinatis,
1039 1494 1099 1516 eas
1126 1483 1283 1527 praelegi
1312 1495 1355 1516 ne
1382 1482 1849 1527 permittat.intelleximus
1875 1481 1969 1514 enim

205 1549 274 1572 non
300 1537 377 1571 sine
405 1537 618 1570 detrimento
644 1536 940 1570 scholasticorum
969 1547 1057 1580 quos
1083 1536 1197 1569 nostri
1224 1536 1464 1570 instituendos
1482 1538 1730 1580 susceperunt,
1756 1535 1866 1569 talem
1893 1546 1969 1579 per-

205 1590 415 1624 mixtionem
442 1590 601 1623 futuram
628 1590 727 1623 esse“
761 1589 821 1632 (ex
848 1589 1055 1634 apographo
1082 1588 1193 1623 eiusd.
1220 1592 1350 1633 temp.;
1385 1589 1524 1631 „Ger-m.
1552 1589 1616 1622 65“
1647 1588 1670 1622 f.
1699 1588 1731 1622 2.
1783 1588 1835 1622 Cf.
1863 1587 1969 1622 etiam

207 1641 422 1688 „Stimmeist
450 1646 518 1677 etc.
545 1642 659 1675 LXXI
689 1643 781 1685 167).

209 1764 305 1800 731
332 1765 409 1800 sive
436 1774 603 1809 germ.
623 1764 781 1809 1.(6).
864 1763 1024 1800 PIUS
1061 1764 1170 1807 IV..
1206 1765 1369 1809 pontifex
1404 1765 1593 1807 maximus,
1630 1763 1971 1799 UNIVERSITATI

398 1824 456 1857 ET
484 1823 689 1858 SENATUI
716 1823 1036 1858 REIPUBLICAE
1066 1824 1388 1858 COLONIENSIS.

1350 1877 1463 1911 Roma
1493 1878 1544 1911 19.
1574 1876 1795 1921 Septembris
1824 1876 1924 1910 1565.

332 1947 388 1980 Ex
414 1948 476 1982 Fr.
507 1949 542 1981 J.
570 1959 598 1981 v.
627 1949 776 1991 Bc‘anco,
812 1948 877 1981 Die
912 1948 984 1981 alte
1011 1948 1238 1982 Universitat
1265 1947 1356 1982 Koln
1392 1948 1462 1981 und
1499 1948 1555 1982 die
1590 1949 1735 1992 spatern
1763 1946 1975 1981 Gelehrten-

211 2000 368 2034 Sehulen
395 2001 511 2034 dieser
537 2000 642 2034 Stadt
667 2001 693 2041 l,
721 2001 813 2034 Koln
843 2000 943 2040 1855,
972 2001 1170 2035 251-252,
1223 2001 1287 2043 Qui
1325 2001 1391 2035 hoc
1428 2001 1544 2034 Breve
1580 2001 1699 2045 posuit
1733 2012 1779 2034 ex
1807 1999 1973 2044 „Copia“‚

210 2065 317 2097 quam
350 2065 449 2095 „cum
476 2054 710 2096 originalibus
737 2054 870 2088 litteris
889 2054 1107 2099 Apostolicis
1126 2055 1341 2089 concordare
1368 2055 1410 2088 de
1429 2054 1538 2088 verbo
1564 2054 1608 2088 ad
1628 2054 1796 2088 verbum“
1818 2056 1974 2088 testatus

211 2110 267 2140 est
292 2108 375 2141 Ant.
403 2108 602 2152 Herspach,
635 2108 824 2149 „Notarius
856 2108 970 2141 incliti
997 2108 1152 2142 Senatus
1180 2108 1300 2143 Colon.
1330 2107 1553 2142 Secretarius
1580 2108 1764 2142 Juratus‘.
1816 2108 1974 2151 Apogra-

211 2160 321 2205 plium
348 2161 470 2194 eodem
498 2163 573 2194 fere
599 2163 759 2205 tempore
794 2162 829 2194 in
856 2161 1005 2204 collegio
1034 2161 1067 2195 S.
1097 2162 1129 2195 J.
1157 2162 1351 2196 coloniensi
1387 2162 1431 2195 ab
1458 2161 1579 2205 aliquo
1605 2173 1650 2194 ex
1676 2160 1789 2194 Sociis
1815 2160 1974 2194 eiusdem

211 2214 383 2257 scriptum
412 2216 534 2248 exstat
559 2214 594 2247 in
622 2214 704 2248 Cod.
732 2213 843 2247 colon.
875 2215 932 2256 „L.
953 2213 1036 2254 Qu.“
1068 2214 1092 2249 f.
1112 2215 1166 2249 82.
1211 2214 1266 2248 Ex
1292 2214 1498 2259 apographo
1526 2225 1587 2258 per
1614 2214 1654 2248 P.
1673 2214 1747 2248 Jos.
1768 2213 1975 2247 Hartzheim

214 2266 249 2308 (†
278 2267 384 2309 1763)
414 2267 447 2301 S.
470 2267 500 2300 J.
532 2279 596 2308 „ex
623 2267 683 2300 lib.
712 2267 848 2300 ineult.
869 2268 1029 2300 Artium“
1060 2267 1275 2302 coloniensis
1303 2268 1484 2312 exscripto
1510 2267 1652 2301 litteras
1678 2267 1797 2311 posuit
1822 2268 1975 2309 Reiffen-

214 2320 295 2362 bet-9
321 2320 343 2353 1.
372 2332 401 2353 0.
429 2321 541 2354 Mant.
568 2332 601 2364 p.
630 2321 684 2354 24.
737 2320 791 2354 Ex
830 2321 1059 2364 Rcifl'enberg
1097 2321 1239 2354 litteras
1278 2321 1474 2365 exscripsit
1510 2321 1636 2362 Βοενο,
1664 2319 1749 2353 Can.
1775 2320 1974 2354 472—473.

215 2372 366 2406 Easdem
393 2375 716 2406 commemorarunt
741 2376 777 2406 et
802 2373 1043 2408 adhibuerunt
1068 2374 1139 2415 alii,
1177 2377 1217 2407 ut
1243 2375 1391 2408 Hansen
1418 2373 1439 2407 l.
1467 2385 1497 2408 c.
1525 2374 1621 2408 5212.

336 2450 520 2483 Cam'sinm
548 2452 596 2483 eis
623 2451 851 2483 commendat.
894 2451 1032 2484 Eorum
1059 2452 1262 2494 reliyz'onem
1289 2451 1425 2483 laudat.
1469 2452 1522 2484 De
1547 2450 1685 2483 indulto
1712 2461 1732 2482 α
1759 2460 1793 2483 se
1819 2460 1975 2483 concesso

214 2513 270 2535 eos
311 2504 474 2536 certiores
510 2504 608 2545 facit.
672 2503 930 2545 Professz'onem
971 2505 1054 2545 fidei
1095 2504 1328 2537 tridentinam
1367 2504 1590 2547 praescribit.
1651 2504 1855 2536 Societatem
1899 2503 1976 2535 Iesu

215 2557 441 2589 commendat.

903 2622 1004 2663 Pius
1038 2622 1099 2663 Pa
1133 2636 1157 2663 a
1190 2622 1290 2664 IV.g

335 2697 492 2739 Dilecti
524 2697 612 2750 filij.
662 2697 852 2739 Salutem
878 2701 922 2740 et
945 2637 1240 2752 ApostoIlicam
1264 2698 1603 2741 benedictionem
1617 2697 1644 2739 ¹¹.
1690 2697 1857 2739 Dilecto
1880 2697 1977 2739 huic

218 2761 321 2802 filioi
361 2762 490 2803 Petro
532 2762 701 2804 Canisio
741 2763 972 2805 Societatis
1014 2765 1119 2806 ‚Jesu
1161 2763 1424 2813 Professori‚
1469 2777 1594 2816 quem
1635 2761 1772 2803 vestri
1811 2762 1976 2804 studio-

219 2825 432 2867 sissimum
465 2826 592 2868 facile
626 2827 919 2879 cognouimus,
959 2828 1272 2879 mandauimus,
1316 2832 1364 2870 ut
1396 2828 1450 2869 ad
1482 2842 1560 2869 vos
1593 2827 1782 2869 diuertat
1814 2840 1977 2878 vosque

340 2915 366 2938 a)
393 2910 556 2936 nihilomus
578 2913 644 2937 libr.
743 2912 772 2944 b)
799 2915 947 2939 Numerus
968 2915 1118 2939 obscurius
1137 2915 1267 2946 scriptus
1286 2917 1336 2939 est.
1427 2914 1453 2942 c)
1482 2913 1596 2946 tanque
1615 2922 1663 2944 ap.
1755 2912 1786 2943 d)
1806 2919 1911 2937 sumus
1930 2920 1977 2944 ap.

221 2953 247 2977 e)
270 2951 296 2982 f)
319 2951 496 2977 eelsitudini
510 2952 640 2978 Vestrae
660 2963 706 2985 ap.
780 2956 810 2986 g)
831 2956 998 2987 Inscriptio,
1018 2964 1103 2987 quam
1124 2957 1208 2986 infra
1225 2964 1334 2987 ponam
1357 2954 1493 2987 (Dilectis
1512 2954 1582 2986 filijs
1601 2956 1674 2985 eta),
1691 2955 1770 2985 apud
1785 2955 1831 2979 Bi.
1847 2962 1889 2978 vv.
1905 2952 1977 2979 Pius

221 2991 302 3023 Papa
322 2992 371 3018 lV.
397 2995 547 3024 antecedit,
575 2995 603 3018 in
625 2997 675 3026 ‚,L.
691 2996 759 3025 Qu.“
779 3000 804 3020 et
825 2997 904 3028 apud
926 2997 1013 3027 Reiff.
1035 3005 1076 3021 ry.
1096 2996 1167 3021 Pius
1189 2996 1238 3023 IV.
1264 2996 1295 3021 P.
1317 2997 1452 3028 proxime
1479 2996 1621 3027 sequitur.
1703 2994 1733 3025 11)
1761 2994 1896 3020 Salutem
1921 2994 1978 3020 etc.

223 3033 254 3056 L.
269 3033 337 3062 ch.;
356 3032 501 3059 salutem!
521 3036 583 3059 Rei.
657 3035 676 3063 i)
697 3036 759 3061 filio
779 3036 847 3062 huic
868 3038 930 3062 Rei.

224 3125 478 3167 provincialem
512 3126 636 3161 habuit
672 3129 715 3161 ad
742 3129 885 3163 decreta
912 3130 1052 3164 concilii
1079 3131 1262 3164 tridentini
1290 3130 1550 3174 promulganda
1586 3132 1622 3163 et
1656 3130 1700 3162 ad
1727 3129 1892 3162 effectum
1919 3128 1978 3162 ad-

226 3176 386 3209 ducenda
413 3178 478 3220 (Io.
506 3180 723 3213 Harduz'ntcs
749 3182 783 3215 S.
811 3182 855 3223 J.,
883 3182 975 3216 Acta
1002 3183 1239 3217 Conciliorum
1265 3183 1308 3224 X,
1336 3183 1484 3217 Parisiis
1514 3183 1614 3223 1714,
1640 3182 1859 3223 479-572).
