2045 3471
201 194 284 235 608
584 191 678 225 Mon.
699 190 766 225 705
792 190 870 224 sive
897 191 957 225 dil.
978 191 1042 235 (9).
1083 192 1113 224 A
1140 191 1172 224 d.
1191 191 1223 225 2.
1243 191 1285 224 ad
1312 191 1346 224 4.
1364 190 1454 225 Nov.
1477 192 1577 226 1565.

196 309 460 354 sperabantque
496 320 558 353 per
593 308 806 342 Societatem
842 308 909 343 1100
945 309 1204 343 incommodum
1243 308 1321 354 tollj
1360 320 1482 353 posse,
1521 309 1818 353 quemadmodum
1856 308 1960 352 [eam]

197 361 281 406 alibj
316 373 385 395 non
420 361 614 395 infeliciter
646 361 684 394 in
717 361 785 395 hoc
819 361 967 396 docendi
1002 373 1133 405 genere
1165 361 1303 406 uersarj
1331 361 1557 406 exploratum
1583 361 1725 395 habent.
1776 361 1850 395 Nos
1876 372 1960 404 ergo

195 414 283 449 nihil
316 414 383 448 hoc
419 414 496 448 1000
531 426 594 458 pro
620 414 722 448 nobis
747 415 904 459 petimus
930 415 1093 459 amplius,
1129 415 1191 448 sed
1218 413 1529 448 Reuerendissimo
1557 413 1738 448 Cardinali
1769 414 1959 459 praecipuo

195 467 302 501 huius
321 467 388 512 locj
406 467 544 512 pastorj
564 479 705 501 omnem
723 468 891 512 pascendi
910 468 1071 501 ouiculas
1089 479 1174 501 suas
1192 478 1314 501 curam
1333 466 1436 511 plene
1454 466 1700 510 relinquimus,
1719 470 1755 501 et
1772 468 1960 511 promptis-

195 521 283 554 sime
309 520 496 560 tradimus,
532 531 597 554 nec
631 520 824 564 quicquam
859 531 879 554 a
906 521 1007 555 nobis
1042 521 1104 554 fiet
1130 520 1236 560 aliud,
1275 531 1381 564 quam
1408 519 1502 563 quod
1528 519 1775 563 gratissimum
1801 519 1853 564 illj
1881 530 1960 554 esse

194 573 488 608 intellexerimus.
538 573 622 607 Alia
656 573 818 607 adfertur
853 573 1048 608 difficultas
1085 574 1179 608 circa
1204 572 1477 607 translationem
1505 571 1652 617 Collegij
1679 573 1722 607 D.
1749 572 1958 617 Hieronymj

196 629 231 660 et
257 626 513 661 Vniuersitatis
547 627 583 660 in
610 626 838 661 Societatem.
888 627 1176 671 Interpretantur
1211 627 1304 660 enim
1331 626 1474 669 quidam
1509 625 1602 659 113110
1627 625 1898 660 translationem
1924 625 1960 659 in

194 680 289 714 hunc
314 691 470 720 sensum,
497 682 535 714 ut
555 679 715 714 Societas
742 680 821 714 Iesu
847 680 924 714 sola
950 679 1231 714 iurisdictionem
1257 691 1396 713 omnem
1423 679 1458 712 in
1477 678 1639 713 alumnos
1658 679 1958 723 Reuerendissimj

195 735 232 767 et
257 732 347 767 alios
365 733 606 767 Scholasticos
632 733 774 772 habeat,
800 745 866 767 nec
892 733 1073 776 integrum
1099 732 1253 777 amplius
1280 732 1328 766 sit
1354 732 1543 774 Ordinario
1561 732 1755 777 Fundatorj
1782 732 1875 766 hunc
1901 734 1959 767 uel

195 785 296 820 illum
322 798 362 820 eo
390 787 423 820 in
444 786 602 830 Collegio
628 787 735 827 alere,
761 786 820 820 uel
845 786 926 820 inde
953 798 1115 827 auocare,
1143 792 1178 820 et
1203 786 1239 819 111
1266 785 1348 831 alijs
1365 785 1633 820 Ecclesiasticis
1659 796 1833 830 occupare
1859 785 1958 819 mini-

194 839 327 884 sterijs.
363 839 496 874 Verum
514 839 770 874 alienissimam
797 851 817 873 a
843 842 961 873 mente
988 839 1178 874 Societatis
1205 842 1241 873 et
1265 839 1379 883 ipsius
1397 838 1709 880 Reuerendissimi,
1736 839 1819 872 dum
1845 841 1958 872 trans-

194 893 280 926 latio
315 893 412 927 facta
439 895 494 927 est
507 894 527 933 ¹,
562 893 675 926 fuisse
701 893 793 926 hanc
819 892 1046 934 sententiam,
1082 892 1188 926 facile
1214 892 1405 935 intelliget,
1442 892 1502 936 qui
1534 892 1569 925 in
1596 891 1800 934 germanico
1826 892 1959 925 Romae

196 945 354 989 Collegio
381 946 572 990 aliquando
598 946 678 987 fuit,
706 946 749 980 ad
777 947 878 980 cuius
903 957 1064 979 normam
1092 945 1289 988 Collegium
1317 956 1457 989 quoque
1484 945 1525 979 D.
1546 944 1755 990 Hieronymj
1783 945 1817 978 in
1843 948 1958 978 trans-

193 999 338 1033 lationis
363 999 603 1033 instrumento
630 998 760 1033 dicitur
786 1010 865 1033 esse
892 999 1225 1033 administrandum.
1272 998 1417 1032 Nullam
1436 998 1528 1032 euim
1556 998 1662 1032 aliam
1688 999 1721 1031 in
1742 1009 1782 1031 eo
1801 997 1958 1041 Collegio

193 1058 338 1086 exercet
372 1053 407 1086 in
440 1052 833 1086 Reuerendissimoruin
860 1052 1102 1086 Cardinalium
1138 1052 1301 1085 alumnos
1336 1051 1617 1086 iurisdictionem
1645 1051 1815 1093 Societas,
1851 1062 1957 1095 quam

195 1117 286 1149 quae
313 1106 517 1139 necessaria
545 1109 600 1139 est
626 1105 670 1139 ad
697 1117 768 1145 eos,
795 1106 963 1149 quamdiu
990 1106 1025 1138 in
1045 1105 1204 1148 Collegio
1230 1108 1315 1139 sunt
1340 1105 1376 1138 in
1395 1104 1513 1138 officio
1532 1105 1774 1145 continendos,
1800 1105 1866 1139 1100
1893 1107 1958 1140 est.

194 1161 233 1192 ut
251 1159 284 1192 in
304 1159 461 1192 moribus
485 1161 521 1192 et
539 1158 699 1193 doctrina
719 1158 917 1203 proficiant,
943 1170 1159 1202 suorumque
1178 1160 1406 1202 patronorum
1426 1157 1667 1202 expectationi
1684 1158 1921 1202 respondeant
1935 1158 1958 1191 Ξ.

193 1211 429 1246 Liberrimum
456 1212 598 1245 interim
624 1211 868 1255 relinquentes
902 1212 1062 1256 patronis
1088 1211 1187 1256 ipsis,
1219 1215 1259 1244 ut
1293 1211 1335 1244 de
1371 1211 1446 1244 suis
1472 1210 1626 1244 alumnis
1651 1210 1820 1254 quicquid
1847 1210 1957 1244 uelint

192 1265 338 1307 faciant,
374 1267 410 1298 et
443 1276 503 1299 003
537 1265 573 1298 111
609 1265 880 1308 quibuscunque
913 1265 1103 1301 noluerint.
1139 1267 1324 1308 occupent.
1376 1264 1463 1305 Quis
1498 1267 1618 1298 autem
1653 1275 1721 1298 non
1756 1264 1855 1297 uidet
1888 1275 1955 1298 non

193 1318 325 1352 nostris
350 1320 501 1358 tantum,
537 1318 599 1352 sed
627 1318 813 1361 quibusuis
839 1317 921 1363 alijs
946 1318 1142 1352 iuuentutis
1168 1317 1452 1351 moderatoribus
1479 1317 1651 1351 eiusmodi
1678 1317 1956 1366 iurisdictionem

192 1372 355 1416 inprimis
382 1383 460 1405 esse
486 1372 757 1405 necessariam‘.>
792 1371 977 1405 Neminem
1005 1383 1090 1405 uero
1116 1371 1283 1411 offendat,
1311 1371 1403 1414 quod
1430 1371 1472 1404 ad
1500 1382 1659 1404 normam
1678 1370 1827 1415 Romanj
1853 1371 1956 1404 semi-

192 1424 282 1470 narij
310 1424 515 1468 germanica
540 1424 709 1458 iuuentus
734 1424 955 1458 instituenda
981 1425 1132 1465 dicatur,
1164 1436 1233 1457 non
1260 1424 1353 1457 enim
1380 1436 1421 1457 ea
1447 1435 1547 1457 1110113
1574 1430 1639 1464 031,
1665 1427 1705 1457 ut
1731 1423 1775 1457 ad
1800 1435 1956 1466 vnguem

193 1478 249 1512 1110
275 1480 465 1512 seruentur
491 1478 618 1517 omnia,
655 1489 745 1522 quae
772 1478 917 1514 Romae,
953 1490 1035 1511 nam
1070 1482 1109 1511 ut
1144 1489 1253 1522 supra
1281 1477 1450 1518 diximus,
1486 1477 1731 1511 accommodat
1755 1488 1794 1511 se
1820 1488 1957 1521 suaque

192 1532 310 1565 omnia
337 1531 497 1565 Societas
523 1531 620 1572 locis,
647 1531 868 1575 temporibus
895 1534 930 1565 et
956 1531 1128 1575 personis,
1155 1533 1191 1565 et
1216 1530 1367 1564 subinde
1393 1542 1438 1564 ex
1455 1530 1670 1574 prudentum
1694 1530 1850 1564 virorum
1878 1542 1956 1565 con-

192 1584 271 1618 silio
306 1584 496 1629 plerasque
532 1597 576 1618 ex
612 1585 790 1629 prioribus
824 1584 965 1628 legibus
999 1587 1126 1618 mutat.
1178 1583 1310 1617 Verum
1342 1595 1421 1617 cum
1448 1583 1539 1617 ratio
1567 1583 1708 1628 uiuendj
1736 1584 1771 1617 in
1799 1583 1957 1628 Collegio

192 1638 398 1681 germanico
424 1638 690 1671 ordinatissima
726 1640 761 1671 et
787 1638 964 1672 iuuentuti
1002 1637 1371 1672 accommodatissima
1397 1648 1418 1670 a
1443 1636 1720 1681 sapientissimis
1747 1637 1957 1681 quibusque,

192 1690 253 1734 qui
279 1690 337 1724 uel
363 1703 407 1725 ex
436 1691 627 1725 Germania
662 1691 719 1724 uel
746 1691 888 1724 aliunde
914 1691 1061 1725 Romam
1090 1692 1264 1730 uenirent,
1301 1693 1337 1724 et
1361 1702 1437 1724 eam
1465 1690 1693 1734 inspicerent,
1728 1690 1956 1731 iudicaretur,

192 1746 228 1777 et
261 1746 450 1788 propterea
485 1744 696 1778 nobilissimi
733 1744 923 1789 Germanj‚
969 1744 1068 1789 ltalj,
1102 1744 1252 1788 Hispanj
1289 1746 1356 1778 etc.
1393 1755 1477 1777 suos
1518 1743 1609 1777 filios
1650 1744 1685 1777 in
1721 1755 1761 1777 eo
1797 1744 1955 1787 Collegio

192 1797 404 1832 erudiendos
438 1798 571 1831 nostris
606 1798 800 1837 traderent,
837 1798 972 1842 placuit
1003 1798 1316 1831 Reuerendissimo
1352 1796 1543 1835 0311110311,
1579 1796 1641 1840 qui
1675 1796 1824 1842 Collegij
1860 1798 1956 1831 illius

191 1853 373 1894 protector
398 1851 467 1884 fuit
492 1851 689 1893 singularis
702 1852 725 1891 3,
761 1854 799 1884 ut
835 1852 952 1895 ipsum
983 1851 1065 1896 alijs
1092 1862 1231 1894 quoque
1258 1851 1293 1883 in
1321 1850 1513 1884 Germania
1538 1850 1747 1884 extruendis
1774 1850 1955 1896 CollegiJ's‚

192 1903 305 1936 ueluti
332 1904 516 1948 exemplar
546 1904 722 1948 quoddam
751 1904 872 1938 uiuum
900 1908 1167 1948 proponeretur,
1203 1903 1328 1938 habita
1353 1906 1473 1937 tamen
1499 1914 1641 1947 semper
1665 1904 1860 1937 secundum
1887 1904 1955 1938 dis-

191 1957 359 1990 cretionis
392 1957 565 2000 regulam.
601 1957 668 1991 loci
704 1960 739 1991 et
774 1969 1007 2002 personarum
1042 1958 1191 1991 ratione.
1241 1956 1384 1990 Nullam
1420 1967 1505 1998 ergo
1539 1956 1646 1989 aliam
1673 1956 1952 1991 iurisdictionem

191 2009 329 2054 accepit
353 2009 411 2043 uel
438 2010 566 2054 petiuit
584 2010 754 2051 Societas,
782 2011 839 2044 uel
859 2012 1051 2044 etiamnum
1080 2011 1171 2055 petit
1188 2010 1223 2043 in
1243 2009 1440 2052 Collegium
1460 2009 1582 2044 Sancti
1600 2009 1820 2054 Hieronymj,
1848 2021 1953 2053 quam

191 2073 282 2106 quae
308 2074 328 2096 a
354 2074 492 2096 summo
519 2062 684 2107 pontifice
711 2064 745 2097 in
768 2063 882 2108 ipsius
902 2063 1138 2098 Seminarium
1164 2062 1308 2104 Romae,
1336 2067 1372 2096 et
1398 2075 1417 2095 a
1436 2062 1748 2096 Reuerendissimo
1767 2063 1955 2097 Cardinale

191 2115 405 2149 Borromaeo
430 2116 467 2149 in
493 2127 597 2149 suum
624 2116 816 2161 Mediolanj
844 2117 1074 2150 seminarium
1088 2119 1111 2158 4,
1145 2119 1181 2150 et
1206 2116 1250 2150 ab
1277 2115 1358 2160 alijs
1384 2116 1420 2148 in
1446 2127 1511 2149 sua
1536 2116 1728 2149 seminaria
1754 2116 1954 2161 Ordinarijs

191 2167 361 2203 Societati
387 2180 557 2202 concessa
583 2171 649 2210 est,
677 2172 712 2202 et
738 2181 828 2213 quae
855 2171 1058 2214 sapientum
1084 2169 1242 2203 virorum
1268 2168 1398 2202 iudicio
1425 2169 1469 2202 ad
1496 2168 1653 2202 officium
1678 2170 1839 2202 nostrum
1866 2169 1953 2203 bene

191 2222 398 2264 gerendum,
426 2221 629 2256 censebitur
655 2234 735 2256 esse
761 2223 976 2257 necessaria.
1019 2223 1152 2257 Eadem
1179 2234 1280 2256 mens
1307 2226 1362 2256 est
1387 2222 1483 2256 circa
1508 2221 1789 2255 iurisdictionem
1815 2222 1850 2255 in
1870 2222 1952 2256 Vni-

190 2275 409 2315 uersitatem,
436 2275 536 2309 cuius
561 2287 626 2309 nos
652 2275 791 2309 Domini
818 2287 887 2309 non
913 2287 1048 2315 sumus,
1081 2276 1143 2309 sed
1171 2275 1325 2309 ministri
1350 2277 1491 2309 tantum
1517 2275 1553 2308 in
1579 2274 1735 2308 moribus
1762 2277 1797 2308 et
1823 2275 1953 2320 studijs

190 2328 367 2361 curandis.
428 2327 527 2369 Quod
563 2331 683 2362 autem
721 2328 852 2362 dicitur
889 2329 926 2362 in
963 2329 1211 2363 translationis
1251 2329 1486 2362 instrumento
1523 2330 1635 2361 totam
1670 2327 1950 2362 Vniuersitatem

190 2380 272 2414 Sedi
287 2382 514 2426 Apostolicae
530 2381 735 2416 immediate
754 2382 882 2415 debere
900 2393 979 2415 esse
997 2383 1206 2422 subiectam,
1225 2384 1261 2416 et
1279 2382 1322 2415 ab
1341 2381 1435 2415 omni
1452 2381 1696 2415 iurisdictione
1715 2383 1750 2415 et
1764 2382 1951 2426 superiori-

190 2436 266 2467 tate
291 2437 365 2468 tam
384 2434 562 2479 Ordinarij
591 2445 697 2478 quam
724 2435 818 2468 omni
845 2435 916 2469 alia
942 2435 1070 2470 debere
1097 2436 1215 2476 eximi,
1243 2435 1398 2480 positum
1423 2434 1458 2468 id
1485 2437 1540 2468 est
1565 2446 1611 2468 ex
1636 2434 1821 2468 uoluntate
1840 2434 1951 2468 Rene<

191 2487 392 2532 rendissimj
421 2488 623 2522 Cardinalis
649 2487 872 2525 Fundatoris.
909 2489 969 2532 qui
1006 2489 1072 2522 hac
1107 2489 1334 2533 exemptione
1360 2487 1590 2521 celebriorem
1614 2490 1651 2521 et
1675 2488 1846 2521 studiosis
1872 2499 1950 2531 gra-

190 2540 315 2574 tiorem
341 2552 443 2575 suam
469 2541 546 2575 fore
572 2541 739 2585 sperabat
766 2542 1006 2583 Academiam,
1042 2554 1087 2576 ex
1123 2554 1191 2586 quo
1218 2541 1439 2575 Louaniense
1475 2542 1510 2574 et
1535 2540 1704 2585 pleraque
1730 2540 1800 2574 alia
1824 2540 1950 2575 floren-

190 2592 330 2627 tissima
363 2594 483 2628 studia
508 2594 737 2628 Vniuersalia
773 2594 839 2628 hoc
870 2595 1012 2629 nomine
1038 2594 1278 2639 commendarj
1304 2594 1539 2637 intelligebat.
1592 2593 1725 2627 Verum
1752 2605 1831 2627 cum
1858 2594 1950 2628 idem

190 2645 523 2681 Reuerendissimus
541 2648 576 2681 in
596 2646 823 2681 Germaniam
850 2659 1018 2682 reuersus
1043 2660 1064 2682 a
1089 2648 1270 2682 nonnullis
1295 2647 1387 2681 hanc
1406 2646 1661 2681 Vniuersitatis
1688 2647 1948 2690 exemptionem

313 2753 321 2772 ¹
348 2752 399 2786 De
426 2752 491 2787 1130
518 2754 754 2788 translatione
781 2754 862 2787 vide
892 2755 975 2788 Can.
1004 2754 1053 2787 IV
1080 2754 1278 2789 919—927.

309 2804 321 2824 ‘²
348 2804 506 2848 Collegio
539 2807 743 2849 germanico
779 2807 979 2841 cardinales
1014 2807 1152 2851 aliquot
1187 2808 1260 2841 dati
1296 2809 1399 2840 erant
1437 2806 1711 2851 „protectores“‚
1747 2807 1781 2839 et
1808 2805 1949 2849 collegii

191 2855 323 2889 alumni
349 2869 514 2901 magnam
542 2864 678 2903 partem
705 2861 1002 2894 sustentabantur
1028 2861 1132 2905 stipe,
1159 2871 1264 2904 quam
1292 2860 1492 2894 cardinales
1518 2859 1595 2892 sive
1613 2860 1843 2903 protectores,
1870 2859 1947 2893 sive

190 2907 317 2951 reliqui
344 2910 492 2953 collegio
518 2912 840 2947 subministrabant
868 2913 1096 2955 (Steinhuber
1120 2913 1143 2947 l.
1170 2925 1199 2947 0.
1227 2913 1258 2946 1”-’
1285 2913 1400 2947 9-12
1426 2912 1595 2954 45-47).

310 2962 322 2980 ³
347 2962 438 2996 Vide
465 2965 675 2999 Steinlmber
700 2966 724 3000 l.
751 2977 781 3000 0.
808 2966 839 2999 Ι2
866 2967 886 2999 6
913 2967 944 3000 9.

309 3015 321 3032 ⁴¹
348 3014 449 3048 Anno
470 3017 558 3050 1564
585 3018 670 3051 Pius
690 3018 748 3052 IV.
777 3019 920 3060 Romae,
947 3019 1100 3053 Sanctus
1119 3018 1267 3052 Carolus
1285 3015 1731 3052 BorromaeusMediolani
1757 3017 1947 3051 seminaria

191 3063 409 3108 clericorum,
442 3074 481 3101 ut
507 3069 659 3104 decretis
685 3072 826 3105 concilii
851 3071 1035 3106 tridentini
1061 3071 1324 3112 satisfacerent,
1350 3071 1602 3110 instituerunt;
1639 3080 1730 3113 quae
1755 3071 1946 3104 seminaria

192 3116 359 3151 Societati
377 3120 600 3155 tradiderunt
617 3124 773 3166 regenda
793 3124 1016 3168 (Sacc-hirtus,
1043 3125 1137 3158 Hist.
1156 3125 1189 3159 S.
1205 3125 1238 3158 J.
1253 3125 1296 3165 11,
1323 3124 1346 3159 l.
1361 3125 1393 3165 8,
1420 3136 1449 3158 0.
1465 3124 1485 3157 9
1512 3123 1555 3157 53
1583 3123 1638 3156 54.
1673 3125 1765 3166 Any.
1786 3123 1944 3165 Theiner,

192 3168 406 3205 Gesciiichte
432 3172 493 3205 der
519 3174 729 3214 geistlichen
757 3176 1124 3220 Bifflungsanstalten,
1151 3177 1268 3211 Mainz
1297 3178 1397 3217 1835,
1426 3176 1640 3219 106—107).
