2077 3461
233 200 286 241 70
407 200 506 236 1227.
535 202 700 238 Canisius
726 204 850 241 Ottoni
876 207 1075 244 Truchsess
1104 211 1146 246 de
1166 212 1376 258 Waldburg.
1414 216 1525 251 Roma
1554 218 1607 253 16.
1627 219 1718 254 Iunii
1739 221 1839 256 1565.

230 315 380 352 1227.
505 320 718 357 CANISIUS
787 325 1045 362 CARDINALI
1107 328 1366 367 ΟΤΤθΝῙ
1427 332 1825 375 TRUGHSESS
1888 340 1979 376 DE

394 371 808 420 1VALDBURG,
837 379 1002 426 episcopo
1029 382 1212 417 albanensi
1239 386 1274 418 et
1301 389 1512 428 augustano,
1540 389 1677 434 imperii
1702 392 1863 438 principi.

1491 441 1603 476 Roma
1631 444 1684 478 16.
1711 445 1802 479 Iunii
1830 447 1932 481 1565.

348 489 468 523 Huius
501 493 668 534 epistulae
706 495 781 529 Otto
817 498 853 530 in
888 499 1015 531 litteris
1050 502 1081 532 5.
1109 500 1314 535 Iulii1565
1348 504 1395 536 (td
1432 505 1612 539 Canisinm
1649 509 1742 543 datis
1774 514 1980 545 mentionem

225 540 337 582 facit;
362 542 437 575 vide
461 554 574 587 supra
593 558 633 588 J).
662 550 716 581 68.

345 611 508 656 Epistula
541 615 677 659 perisse
703 618 864 659 videtum
901 621 984 664 quid
1010 623 1130 656 autem
1156 622 1216 657 ille
1242 625 1436 670 scripserit,
1464 639 1508 661 ex
1535 628 1677 665 Ottonis
1703 632 1853 675 litteris,
1889 646 1978 679 quas

226 662 318 705 dixi,
355 665 516 700 conicere
550 667 643 703 licet.
695 670 853 705 Eandem
895 673 1086 717 epistulam
1127 677 1234 710 etiam
1270 677 1309 712 P.
1346 680 1583 715 Theodoricus
1620 683 1786 719 canisius
1819 687 1978 732 vicepro-

224 716 391 753 vincialis
415 719 619 763 significare
646 722 797 765 videtur,
825 736 904 759 cum
930 725 1075 770 Dilinga
1102 728 1157 763 26.
1185 729 1264 763 Iulii
1294 731 1383 765 1565
1410 732 1558 768 Romam
1585 736 1629 769 ad
1658 736 1802 773 Petrum
1828 739 1977 775 fratrem

223 770 367 805 scribit:
407 773 561 815 „Juuant
589 774 814 810 cardinalem
848 777 972 813 literae
1008 780 1292 817 beneuolentiam
1327 785 1592 830 significantes,
1629 791 1664 823 et
1695 802 1779 826 suos
1804 792 1977 828 habentes

224 823 397 859 aculeos.“

223 920 376 958 1228.
475 925 691 961 CANISIUS
726 926 970 965 IOANNI
1005 930 1264 970 IACOBO
1301 935 1543 975 KHUEN
1577 939 1669 976 DE
1706 942 1975 987 RELASL

388 977 654 1025 archiepiscopo
682 981 951 1026 salisburgensi,
978 985 1118 1030 imperii
1145 988 1307 1034 principi.
1486 993 1598 1028 Roma
1628 996 1680 1029 17.
1707 996 1799 1031 Iunii
1828 998 1927 1033 1565.

340 1047 393 1081 Ex
429 1049 650 1094 autographo
687 1052 740 1094 (2⁰
766 1053 869 1093 min.;
908 1056 973 1098 1¹s'2
1000 1067 1078 1101 pp.;
1112 1058 1147 1091 in
1184 1071 1216 1104 p.
1243 1061 1265 1093 4
1296 1060 1400 1097 inser.
1429 1066 1463 1097 et
1489 1076 1572 1108 pars
1597 1066 1701 1109 sig),
1738 1067 1830 1110 quod
1857 1071 1976 1103 exstat

220 1099 399 1134 Monaehii
426 1102 460 1135 in
488 1103 634 1137 archivo
660 1106 760 1148 regni
789 1106 957 1149 bavarici,
997 1110 1192 1151 „Jesuitica
1219 1114 1253 1147 in
1281 1126 1423 1157 genere,
1459 1116 1559 1151 Fasc.
1590 1119 1642 1158 13,
1668 1119 1721 1153 No
1748 1120 1857 1157 214“:
1894 1133 1975 1167 apo-

220 1152 395 1197 graphum
422 1156 564 1190 saeculo
590 1156 702 1192 XVII.
729 1160 902 1204 scriptum
930 1165 1050 1197 exstat
1075 1164 1110 1197 in
1138 1165 1295 1201 eiusdem
1326 1168 1447 1210 „Fasc.
1469 1170 1521 1211 13,
1549 1171 1602 1205 No
1629 1172 1716 1206 214“
1746 1173 1864 1208 libello
1891 1187 1974 1219 quo-

219 1205 298 1239 dam
328 1206 379 1249 (in
406 1208 458 1251 40)
488 1221 555 1243 uon
592 1211 856 1255 conglutinam,
894 1227 926 1259 p.
955 1216 1066 1252 4—5:
1104 1218 1258 1253 alterum
1293 1223 1538 1267 apographum
1574 1227 1695 1259 exstat
1724 1226 1903 1261 Monachii
1938 1230 1973 1263 in

218 1258 433 1294 bibliotheca
459 1263 570 1305 regia,
602 1263 685 1298 Cod.
716 1266 797 1307 „lat.
828 1268 937 1302 1606“
968 1270 991 1303 f.
1023 1270 1099 1305 101.
1150 1271 1351 1317 Epistulam
1378 1275 1566 1311 ediderunt
1591 1297 1637 1302 —-
1663 1290 1708 1312 ex
1734 1291 1802 1323 quo
1828 1280 1926 1315 fonte
1952 1294 1972 1316 a

217 1324 256 1346 se
282 1312 412 1347 hausta
448 1318 552 1357 esset,
588 1328 657 1351 non
684 1319 930 1362 significantes
957 1342 1002 1346 —
1030 1325 1104 1367 Jfflz.
1131 1336 1196 1358 von
1223 1328 1408 1371 Dollinyer
1433 1331 1469 1363 et
1494 1331 1559 1364 Fr.
1578 1332 1704 1366 Heinr.
1723 1334 1869 1377 Reuseh,
1906 1335 1972 1369 Ge—

218 1365 378 1400 schichte
405 1367 467 1401 der
492 1368 873 1415 Moralstreitigkeiten
910 1375 946 1409 in
973 1376 1034 1410 der
1059 1378 1481 1415 romisoh—katholischen
1508 1383 1640 1418 Kirche
1666 1385 1735 1419 seit
1768 1386 1847 1420 dem
1873 1387 1971 1422 sech-

216 1419 367 1453 zehnten
394 1420 672 1465 Jahrhunderff,
707 1425 927 1470 Nordlingen
966 1429 1063 1471 1889,
1101 1431 1132 1465 2.
1162 1432 1271 1471 Band,
1307 1445 1338 1478 p.
1367 1434 1454 1475 360;
1491 1436 1616 1471 deinde
1650 1438 1685 1471 in
1724 1439 1751 1473 1.
1780 1439 1879 1474 Band
1918 1441 1971 1484 (i),

217 1483 249 1516 p.
269 1472 336 1506 657
356 1473 494 1517 aliquas
521 1478 787 1513 emendationes
813 1480 1036 1516 addiderunt.
1079 1482 1177 1524 Quae
1204 1485 1310 1519 editio
1330 1498 1436 1530 quam
1463 1489 1632 1524 mendosa
1658 1491 1715 1532 sit,
1742 1503 1786 1525 ex
1812 1492 1971 1528 lectioni-

217 1525 282 1560 bus
308 1527 541 1570 variantibus,
570 1541 659 1573 quas
685 1532 908 1576 subjungam,
935 1536 1083 1579 patebit.

335 1592 459 1625 Ionam
486 1595 598 1628 Adler
632 1597 894 1640 archiepiscopo
929 1603 1144 1634 commendat
1170 1604 1454 1638 contionatorem.
1504 1607 1547 1639 In
1574 1608 1734 1642 Bavarm
1760 1610 1865 1644 bonos
1891 1623 1970 1645 eon-

214 1644 406 1678 tionatores
433 1657 502 1679 non
529 1653 675 1682 eoestare.
717 1651 768 1684 De
786 1652 909 1685 Melita
935 1664 956 1685 a
980 1654 1106 1688 thrcz's
1133 1662 1346 1699 oppuqnata.
1382 1659 1434 1691 De
1451 1661 1592 1693 concilii
1614 1662 1815 1697 Tridentini
1831 1666 1969 1698 ratione

214 1696 384 1731 habenda.
437 1701 481 1732 In
507 1702 616 1735 Italia
649 1704 779 1737 nobiles
813 1706 1047 1740 (adulescentes
1072 1710 1279 1751 provinciae
1309 1712 1578 1756 salisburyensc's
1602 1715 1749 1748 subinde
1773 1719 1969 1751 miserrime

207 1752 364 1792 perverti
390 1753 438 1785 vel
458 1765 526 1796 per
551 1756 660 1789 Italos
686 1758 866 1802 quosdam,
894 1761 944 1793 rel
964 1772 1031 1803 per
1051 1763 1275 1805 paedayoqos
1299 1764 1491 1799 haereticos
1516 1771 1545 1799 et
1570 1769 1706 1812 impios,
1734 1772 1796 1813 qui
1821 1771 1864 1803 ab
1884 1773 1968 1814 ipsis

210 1805 419 1845 parentibus
446 1808 490 1839 iis·
515 1809 769 1853 adiungsantzcr.

426 1883 519 1926 Pax
551 1885 709 1929 Christi
741 1888 1114 1933 Reuerendissime
1148 1892 1189 1934 in
1224 1894 1390 1937 Christo
1424 1896 1568 1939 Pater.

332 1953 506 1996 Gaudeo
540 1957 736 2009 equidem
768 1959 878 2002 hane
911 1961 1003 2003 dari
1035 1963 1303 2006 occasionem
1338 1966 1453 2017 mihi,
1488 1970 1535 2009 ut
1558 1968 1836 2022 Catholicum,
1870 1987 1966 2014 eru-

212 2016 346 2058 ditum
360 2023 386 2068 ὃ,
420 2020 691 2073 eloquentem
725 2026 769 2066 et
801 2028 969 2067 castum
1003 2028 1345 2071 contionatorem
1379 2033 1650 2085 amplitudini
1681 2037 1782 2077 tuae
1804 2037 1964 2090 possim

211 2084 511 2126 commendare
524 2086 551 2128 1.
615 2087 656 2128 Is
689 2092 756 2131 est
787 2090 843 2132 M.
867 2091 1003 2133 Jonas
1036 2091 1221 2135 Adlerus
1253 2095 1537 2147 Monacensis,
1572 2098 1643 2151 qui
1675 2101 1964 2154 superioribus

210 2147 334 2188 annis
367 2162 461 2190 cum
493 2150 620 2192 laude
653 2152 796 2196 docuit
828 2156 1005 2197 uerbum
1028 2157 1108 2199 Dei
1138 2158 1181 2199 in
1214 2159 1314 2200 aula
1336 2160 1659 2206 Treuerensib2.
1704 2164 1844 2214 Quare
1866 2181 1963 2208 sen-

210 2211 392 2254 tentiam
424 2213 538 2256 illius
571 2215 696 2258 facile
730 2219 922 2271 probaui,
967 2235 1061 2262 cum
1103 2223 1295 2265 audirem
1338 2226 1450 2277 quod
1490 2227 1645 2280 pietati
1685 2232 1799 2280 tuae,
1843 2232 1962 2273 cuius

209 2276 359 2318 laudes
391 2277 609 2332 intelligit,
651 2295 697 2323 se
737 2286 875 2325 totum
910 2286 1064 2328 offerre
1097 2291 1141 2330 et
1182 2291 1504 2333 accommodare
1536 2293 1680 2337 uellet.
1743 2295 1861 2337 Nihil
1896 2301 1961 2339 est

210 2343 498 2394 metuendum,
533 2359 586 2387 ne
617 2345 805 2389 fortasse
837 2348 880 2390 in
910 2351 998 2392 ulla
1020 2352 1257 2405 Religionis
1289 2358 1413 2407 parte
1445 2357 1641 2399 uacillet:
1674 2361 1766 2401 tum
1799 2361 1962 2415 cupidi-

208 2405 313 2447 tatis
346 2407 497 2449 uitium
530 2408 573 2450 in
605 2410 702 2452 illoc
733 2412 894 2454 nullum
929 2415 1301 2469 deprehendimus.
1346 2419 1478 2473 Spero
1512 2424 1629 2464 certe
1651 2422 1764 2465 illius
1787 2438 1959 2479 operam

207 2469 365 2523 insigni
405 2473 627 2517 Ecclesiae
667 2478 878 2529 uestrae&
918 2479 953 2520 si
985 2481 1192 2523 Dominus
1234 2483 1404 2534 fauerit,
1447 2486 1595 2528 multis
1635 2488 1772 2530 modis
1811 2490 1959 2543 profu-

207 2535 350 2577 turam
384 2551 492 2580 esse.
538 2540 711 2582 Vtinam
740 2542 886 2595 plures
917 2543 979 2585 illi
1002 2546 1284 2588 conferendos
1307 2548 1386 2590 hoc
1408 2552 1625 2603 temporee
1656 2552 1958 2604 inueniremus,

325 2623 352 2654 a)
375 2623 535 2650 candidum
555 2627 631 2651 Diill.
651 2628 697 2651 Bd
716 2629 741 2652 2.
816 2627 845 2660 b)
867 2628 1041 2656 Trevirensi
1062 2631 1139 2657 Aula
1160 2634 1211 2658 [m.
1234 2636 1247 2658 1
1268 2636 1292 2658 2.
1365 2637 1391 2665 c)
1412 2642 1446 2661 eo
1471 2637 1494 2661 D
1515 2639 1529 2661 1
1549 2639 1573 2661 2.
1658 2638 1687 2669 d)
1708 2638 1831 2665 nostrae
1852 2639 1879 2663 D
1898 2642 1913 2665 1
1934 2642 1957 2665 2.

206 2663 234 2687 θ)
256 2664 291 2687 In
310 2664 338 2688 D
358 2667 372 2688 1
392 2667 409 2689 2
429 2666 562 2691 additum
582 2671 624 2692 est
644 2667 711 2695 illic.

327 2759 337 2778 ¹
363 2760 660 2807 Archiepiscopus
695 2775 726 2798 a.
756 2765 846 2798 1564
879 2765 1014 2800 frustra
1040 2768 1210 2811 petierat,
1244 2772 1284 2803 ut
1310 2770 1349 2804 P.
1375 2771 1553 2806 Martinus
1579 2772 1834 2809 Stevordianus
1861 2774 1894 2809 S.
1922 2776 1955 2810 J.

206 2811 427 2846 contionator
461 2813 528 2848 sibi
563 2815 726 2857 daretur;
762 2817 807 2850 cf.
838 2818 922 2852 Can.
948 2818 999 2852 IV
1033 2820 1128 2854 525⁶.
1180 2820 1369 2856 Germania
1408 2836 1447 2858 eo
1482 2828 1640 2869 tempore
1674 2827 1955 2862 contionatorum

206 2862 458 2899 catholicorum
485 2866 604 2911 inopia
629 2868 735 2902 valde
760 2869 964 2912 laborabat;
993 2872 1036 2906 cf.
1059 2873 1178 2907 Can.1
1205 2874 1273 2909 289
1299 2875 1366 2910 317
1393 2876 1461 2911 394
1488 2877 1573 2917 54&
1602 2878 1652 2911 III
1679 2878 1746 2912 134
1771 2879 1839 2914 312
1866 2884 1952 2920 etc.;

205 2914 254 2948 IV
284 2917 466 2952 134-135
494 2920 561 2953 335
588 2923 654 2955 etc.

324 2969 336 2989 ²
361 2970 465 3005 Ionas
491 2971 600 3006 Adler
636 2974 693 3017 (de
729 2986 798 3018 quo
836 2977 922 3011 Can.
949 2977 1000 3010 III
1028 2979 1230 3019 174—176;
1266 2980 1316 3014 IV
1344 2982 1511 3025 796l797)
1548 2982 1652 3026 paulo
1687 2986 1770 3017 ante
1804 2984 1952 3020 Romam

204 3020 312 3064 pedes
337 3025 486 3057 venerat
511 3027 546 3058 et
571 3037 592 3059 a
618 3025 651 3060 S.
677 3026 868 3062 Francisco
894 3029 1024 3073 Borgia
1049 3032 1258 3076 suppliciter
1282 3034 1444 3078 petierat,
1471 3037 1510 3068 ut
1534 3034 1569 3068 in
1596 3035 1819 3078 Societatem,
1847 3050 1952 3082 quam

203 3073 314 3107 semel
350 3076 456 3119 atque
482 3077 610 3111 iterum
637 3079 862 3121 deseruerat,
899 3082 1013 3116 denuo
1040 3084 1301 3120 admitteretur.
1351 3086 1539 3120 Admissus
1565 3099 1634 3121 non
1660 3091 1725 3123 est.
1776 3089 1884 3124 Plura
1910 3092 1952 3125 de

203 3137 243 3159 eo
269 3126 350 3160 vide
376 3127 412 3160 in
429 3127 581 3172 Borgiae
607 3131 737 3166 litteris
763 3133 805 3166 ad
833 3134 1138 3180 archiepiscopum
1163 3139 1406 3172 treverensem
1432 3139 1534 3180 datis,
1562 3151 1652 3184 quae
1678 3141 1760 3175 huic
1779 3143 1951 3187 epistulae

202 3178 432 3214 subicientur.
