2077 3461
234 197 316 240 182
752 195 852 230 1282.
879 195 1029 230 Ioannes
1055 196 1097 230 de
1123 195 1278 231 Polanco
1305 196 1458 232 Canisio.

229 313 477 357 Paternitas
507 313 554 356 T.
589 326 699 366 quae
732 313 920 355 diuinam
951 314 1289 356 misericordiam
1323 315 1426 357 mihi
1458 317 1597 370 magis
1631 331 1680 359 ac
1713 318 1850 371 magis
1884 332 1983 360 con-

230 378 377 421 ciliare
409 377 623 430 dignetur.
685 378 937 432 Moguntiae
971 380 1040 421 .28
1063 379 1260 434 Januarij
1296 378 1488 434 1[566]².

1117 449 1276 492 Seruus
1308 450 1351 492 in
1384 450 1553 493 Christo
1586 452 1631 495 P.
1657 452 1863 496 Canisius.

347 518 591 560 Admodum
622 519 877 561 Reuerendo
918 518 961 560 in
1003 519 1171 561 Christo
1214 520 1335 563 Patri
1368 521 1432 564 .D.
1466 522 1499 563 F
1502 522 1696 564 rancisco
1725 522 1790 565 ¹de
1821 523 1982 578 Borgia

228 583 482 637 Praeposito
515 583 716 626 Generali
749 583 978 625 Societatis
1009 584 1162 628 JESV.
1225 585 1402 628 Romae.

346 663 423 698 Hac
457 664 611 709 epistula
649 664 703 707 (ut
730 676 774 698 ex
806 664 884 708 ipsa
910 665 1153 708 cognoscitur)
1183 665 1348 700 Canisius
1374 666 1543 710 Borgiarn
1578 667 1842 709 dehortabatur,
1877 680 1920 703 ne
1947 669 1980 703 in

227 719 410 760 posterum
443 720 589 761 urgeret
618 717 921 762 „expeditionem“
952 717 1086 759 Bullae,
1123 729 1193 762 qua
1228 730 1387 754 summus
1423 721 1584 765 pontifex
1614 723 1742 763 rogatu
1767 721 1936 755 Friderici
1963 734 1983 756 a

226 769 415 813 Wirsberg
433 771 589 816 episcopi
608 770 867 814 herbipolensis
881 771 1134 805 monasterium
1153 771 1400 816 herbipolense
1416 773 1448 807 S.
1464 773 1628 816 Agnetis,
1647 773 1780 808 ordinis
1795 773 1829 807 S.
1845 773 1981 816 Clarae,

227 823 483 866 exstinguebat
509 824 654 867 eiusque
680 823 771 857 bona
798 823 948 867 collegio
976 822 1165 858 Societatis
1190 825 1375 870 Herbipoli
1401 826 1620 860 instituendo
1639 827 1865 870 assignabat;
1892 839 1982 871 quae

226 876 370 920 quidem
388 876 493 910 Bulla
512 877 644 910 Romae
664 888 695 910 3.
717 876 806 910 1562
833 876 1035 921 conscripta
1061 879 1157 918 erat;
1184 879 1257 918 sed,
1285 879 1368 922 quia
1395 880 1520 921 „taxa“
1543 879 1606 913 illa
1632 880 1709 913 sive
1731 881 1978 924 „compositio“

227 928 270 962 ab
297 928 615 974 Herbipolensibus
641 941 709 962 non
736 929 953 970 solvebatur,
990 929 1095 964 Bulla
1120 942 1189 964 non
1216 933 1293 965 erat
1323 932 1531 977 „expedita“
1563 932 1624 975 (cf.
1647 934 1733 966 Can.
1760 933 1811 966 III
1837 933 1921 967 3652
1947 935 1983 967 et-

225 993 335 1026 supra
360 994 392 1026 p.
423 983 526 1025 121);
563 982 689 1024 grandi
725 984 845 1016 autem
880 982 941 1016 illa
980 983 1274 1028 „compositione“
1314 985 1379 1019 sub
1415 985 1551 1018 exitum
1577 997 1622 1019 111.
1649 985 1863 1020 Novembris
1892 986 1980 1021 1565

226 1046 290 1079 per
308 1035 411 1069 Pium
438 1035 498 1069 IV.
525 1036 676 1069 remissa
702 1038 899 1080 supererat,
925 1037 964 1069 ut
994 1037 1120 1078 „taxa“
1150 1037 1227 1071 sive
1253 1039 1404 1082 pecunia
1430 1038 1605 1081 quaedam
1631 1038 1746 1072 minor
1766 1039 1911 1073 daretur
1937 1039 1981 1073 ad

225 1088 367 1122 Bullam
395 1100 439 1122 ex
464 1088 617 1131 registro
645 1088 902 1122 extrahendam
941 1089 1038 1132 (vide
1073 1089 1167 1123 infra
1201 1102 1234 1124 11.
1265 1091 1392 1133 1282);
1424 1090 1492 1125 1130
1519 1103 1659 1135 quoque
1685 1092 1835 1136 pecunia
1865 1092 1980 1126 danda

225 1144 333 1184 atque
350 1141 401 1175 ita
419 1142 497 1186 ipsa
515 1141 620 1175 Bulla
638 1142 790 1186 petenda
809 1141 929 1176 Socios
947 1154 1112 1176 romanos
1131 1144 1364 1187 supersedere
1383 1144 1548 1178 Canisius
1566 1144 1728 1183 volebat3
1749 1144 1980 1189 impetratum

227 1194 319 1228 enim
346 1206 424 1228 esse
451 1206 662 1229 consensum
688 1195 867 1239 pontificis
895 1194 1013 1239 [quem
1041 1195 1127 1229 Pius
1145 1196 1206 1230 IV.
1233 1197 1269 1230 in
1296 1197 1403 1230 Brevi
1430 1196 1541 1231 Roma
1567 1197 1623 1231 20.
1642 1197 1862 1242 Septembris
1891 1199 1979 1233 1565

224 1248 267 1281 ad
294 1248 512 1281 Fridericum
540 1248 744 1292 episcopum
777 1249 859 1282 dato
886 1250 921 1282 et
952 1260 1014 1292 per
1041 1248 1222 1283 Canisium
1250 1249 1363 1283 eidem
1389 1250 1520 1284 tradito
1547 1251 1744 1294 expressim
1781 1251 1862 1285 vide
1888 1251 1981 1286 infra

224 1312 316 1334 mon.
336 1312 446 1344 germ.
465 1300 488 1334 l.
511 1300 588 1344 (7)],
616 1303 723 1344 atque
750 1300 844 1334 hunc
870 1301 1035 1345 episcopo
1061 1301 1150 1335 satis
1177 1313 1256 1336 esse
1274 1303 1447 1337 futurum.
1473 1302 1691 1337 Adhibuisse
1709 1303 1820 1346 igitur
1839 1303 1980 1337 videtur

224 1353 388 1387 Canisius
413 1354 496 1388 huic
521 1354 662 1397 negotio
698 1354 960 1388 distinctionem
996 1354 1094 1388 illam
1121 1354 1214 1388 inter
1243 1355 1378 1396 „forum
1404 1356 1601 1389 internnm“
1632 1356 1710 1389 sive
1739 1356 1874 1398 ,forum
1900 1368 1979 1391 con-

223 1407 413 1440 scientiae“
452 1409 487 1440 et
526 1408 658 1449 „forum
697 1408 920 1447 externum&
956 1418 1063 1451 quam
1098 1407 1193 1441 haud
1229 1408 1341 1442 multo
1378 1410 1459 1442 ante
1494 1409 1529 1442 in
1564 1408 1671 1442 simili
1698 1410 1840 1452 negotio
1867 1409 1979 1444 archi-

223 1460 379 1504 episcopi
414 1460 613 1503 moguntini
649 1462 726 1505 ipsa
762 1460 860 1494 curia
887 1471 1032 1494 romana
1058 1460 1219 1494 adhiberi
1246 1472 1351 1505 posse
1377 1461 1667 1504 significaverat;
1693 1461 1774 1495 vide
1805 1463 1890 1497 Can.
1918 1463 1978 1497 IV.

222 1513 411 1547 493—494
445 1514 641 1548 574—575.
692 1513 843 1547 Etiamsi
878 1516 996 1547 autem
1035 1525 1211 1548 consensu
1249 1514 1310 1547 illo
1348 1514 1529 1559 pontificio
1570 1514 1726 1559 episcopi
1762 1516 1979 1550 conscientia

222 1577 349 1600 secura
376 1566 589 1607 efficeretur,
620 1567 796 1600 fateamur
822 1569 943 1600 tamen
969 1569 1118 1611 oportet,
1154 1567 1349 1611 optandum
1376 1567 1497 1609 fuisse,
1533 1569 1572 1600 ut
1598 1567 1782 1610 negotium
1808 1568 1917 1602 etiam
1943 1570 1978 1603 in

226 1619 321 1660 „foro
341 1620 507 1653 exte1·no“
526 1619 689 1653 formulis
708 1621 743 1653 et
760 1619 1071 1661 sollemnitatibus,
1088 1631 1176 1663 quas
1194 1619 1290 1654 illius
1309 1621 1439 1654 aetatis
1456 1620 1511 1654 ius
1526 1620 1705 1663 exigebat,
1720 1620 1977 1663 absolveretur,

222 1672 328 1716 idque
347 1673 405 1706 vel
424 1684 475 1713 eo,
493 1674 533 1706 ut
551 1676 750 1713 caveretur,
774 1685 819 1706 110
837 1673 1002 1717 episcopo
1026 1675 1164 1707 mortuo
1184 1673 1259 1707 eius
1277 1684 1463 1707 successor
1481 1673 1539 1706 vel
1558 1673 1753 1717 capitulum
1773 1673 1977 1708 cathedrale

223 1725 468 1760 fundationem
494 1726 593 1759 illam
620 1726 758 1768 collegii
786 1726 821 1759 in
848 1726 1144 1770 disceptationem
1163 1737 1292 1760 vocare
1311 1728 1466 1770 possent.
1507 1725 1674 1759 Ceterum
1700 1726 1791 1768 vide,
1819 1738 1910 1770 quae
1936 1727 1977 1761 de

228 1779 382 1821 „regulis
401 1778 655 1813 cancellariae“
673 1779 804 1813 litteris
821 1780 874 1813 16.
890 1779 1011 1813 Martii
1029 1780 1118 1814 1566
1138 1791 1157 1813 a
1177 1779 1308 1821 Borgia
1328 1780 1372 1813 ad
1392 1778 1573 1813 Canisium
1592 1779 1684 1813 datis
1702 1779 1978 1814 adnotabuntur.

342 1834 437 1872 Quae
465 1831 629 1866 Canisius
656 1832 698 1865 de
725 1832 955 1875 collegiorum
981 1832 1186 1876 provinciae
1222 1832 1400 1866 rhenanae
1426 1832 1664 1876 prosperitate
1690 1832 1822 1873 scribit,
1858 1833 1978 1877 aliqua

223 1884 361 1918 ratione
387 1884 642 1919 confirmantur
669 1896 689 1918 3
714 1885 794 1918 libri
815 1884 1092 1929 „Martyrhncffl
1121 1896 1152 1918 a.
1174 1885 1262 1919 1591
1291 1884 1477 1918 Hei-bonae
1507 1884 1695 1927 fflerborn,
1721 1885 1757 1918 in
1783 1885 1975 1929 Nassovia)

225 1937 308 1970 editi
328 1940 472 1971 auctore
490 1949 665 1982 anonymo
692 1949 803 1981 eoque
830 1940 1063 1982 protestante.
1100 1937 1176 1979 Qui,
1204 1949 1335 1971 annum
1361 1937 1437 1971 fere
1462 1937 1672 1980 significans
1693 1938 1793 1979 1565,
1820 1938 1870 1971 ita
1896 1950 1977 1982 que-

222 1990 334 2024 ritur:
373 1990 484 2033 „Vmb
520 1990 616 2024 diese
651 1991 720 2024 zeit
755 1992 803 2025 ist
838 1991 900 2024 der
933 1991 1025 2025 lauff
1055 1991 1117 2025 des
1152 1990 1308 2034 heiligen
1335 1990 1522 2035 Euangelij
1559 1990 1651 2024 auch
1677 1990 1873 2025 mercklich
1899 2002 1976 2025 ver-

224 2043 366 2077 hindert
391 2044 533 2078 worden
559 2055 628 2077 von
655 2044 721 2077 den
748 2043 939 2085 Jesnitern,
975 2044 1110 2078 welche
1141 2043 1203 2077 der
1228 2043 1365 2077 Teuffel
1390 2055 1433 2077 zu
1460 2043 1581 2077 diesen
1608 2043 1738 2077 letzten
1765 2043 1889 2084 zeiten,
1924 2044 1978 2078 als

223 2097 299 2130 sein
326 2097 454 2130 letztes
480 2096 674 2139 gebrtstsal,
710 2108 753 2130 zu
778 2097 930 2130 verderb
957 2097 1053 2131 vnnd
1079 2097 1159 2140 gifft
1190 2096 1252 2130 der
1277 2096 1434 2131 Kirchen
1462 2096 1599 2138 Gottes,
1634 2095 1977 2140 aussgesessen'vnd

224 2148 465 2193 aussgebrutet
489 2149 570 2183 hat‘
604 2150 641 2188 (l.
669 2161 697 2184 c.
725 2149 822 2193 662).

342 2203 523 2237 Canisium
549 2203 585 2236 in
611 2203 678 2236 hac
704 2202 990 2247 peregrinatione
1016 2202 1199 2236 molestias
1217 2203 1350 2236 multas
1368 2202 1495 2236 tulisse
1513 2202 1735 2245 intellegitur
1752 2204 1828 2236 tum
1848 2213 1891 2236 ex
1910 2201 1976 2244 his,

223 2257 299 2289 tum
318 2267 363 2289 ex
381 2256 624 2300 superioribus
641 2255 792 2295 litteris;
818 2267 851 2289 v.
872 2267 980 2300 supra
1006 2267 1038 2300 p.
1057 2256 1134 2290 173.
1165 2255 1200 2289 Si
1221 2256 1300 2299 quis
1319 2258 1439 2289 tamen
1458 2267 1515 2289 res
1534 2255 1758 2298 germanicas
1775 2254 1872 2289 illius
1889 2257 1975 2289 tem-

224 2310 319 2353 poris
346 2311 382 2343 et
407 2321 452 2343 ex
471 2308 604 2343 Canisii
630 2308 863 2342 relationibus
890 2311 925 2342 et
951 2309 1094 2342 aliunde
1112 2308 1330 2352 cognoverit,
1357 2308 1473 2349 facile,
1499 2311 1596 2352 puto,
1622 2308 1768 2348 videbit,
1794 2307 1976 2342 molestias

224 2362 304 2396 illas
331 2373 351 2395 a
378 2363 490 2396 Boero
515 2361 663 2395 nimium
690 2363 924 2405 exasperatas
959 2373 1048 2402 esse,
1084 2361 1140 2396 his
1174 2372 1238 2395 uso
1264 2360 1403 2394 verbis:
1444 2361 1602 2403 „Furono
1627 2359 1825 2394 incredibili
1851 2360 1862 2393 i
1888 2361 1976 2404 pati-

224 2415 334 2449 menti
362 2426 380 2449 e
405 2415 416 2448 i
443 2414 567 2457 disagi,
604 2414 732 2458 ch'egli
759 2417 945 2448 sostenne:
981 2415 1092 2448 andar
1127 2426 1168 2448 su
1203 2426 1221 2447 e
1256 2414 1317 2457 giu
1352 2413 1447 2447 nella
1484 2414 1545 2458 piu
1580 2413 1688 2447 cruda
1722 2413 1884 2455 stagione
1919 2413 1976 2447 del

224 2479 344 2508 verno,
379 2467 471 2501 male
506 2468 541 2500 in
576 2479 702 2501 arnese
737 2467 771 2501 di
797 2467 916 2511 panni,
952 2479 970 2500 e
1005 2468 1135 2512 peggio
1163 2467 1385 2511 provveduto
1412 2466 1447 2500 di
1473 2468 1574 2507 vitto,
1611 2478 1673 2510 per
1698 2466 1755 2499 vie
1781 2466 1975 2499 incrostate

225 2520 258 2554 di
285 2520 424 2564 ghiacci
450 2532 469 2554 0
496 2523 638 2565 coperte
665 2520 699 2554 di
717 2520 891 2554 altissime
918 2520 1018 2554 nevi:
1045 2532 1114 2554 non
1132 2531 1239 2554 avere
1257 2531 1380 2564 spesso
1398 2519 1434 2553 la
1451 2522 1550 2553 notte
1568 2530 1634 2552 ove
1652 2518 1831 2563 ripararsi,
1850 2529 1888 2552 se
1906 2530 1974 2552 non

224 2574 346 2618 poveri
365 2573 515 2607 casolari
533 2585 552 2607 o
570 2585 670 2607 1οΖΖο
688 2584 858 2617 capanne,
877 2585 906 2615 0,
926 2574 1067 2617 (111311ᾶο
1084 2572 1215 2616 meglio
1234 2584 1278 2606 ne
1296 2574 1411 2614 stava,
1430 2573 1441 2606 i
1459 2572 1614 2617 pubblici
1632 2571 1788 2616 spedali:
1807 2582 1925 2605 essere
1940 2571 1974 2604 di

226 2626 390 2660 continuo
410 2628 551 2670 esposto
570 2626 627 2659 all'
640 2626 766 2660 insidie
786 2638 803 2659 e
822 2625 894 2668 agli
913 2627 1062 2669 agguati
1081 2626 1145 2660 che
1163 2625 1212 2668 gli
1230 2625 1430 2659 tendevano
1449 2624 1498 2668 gli
1518 2623 1655 2658 eretici“
1675 2626 1742 2658 etc.
1759 2622 1858 2666 (Can.
1875 2624 1973 2667 290).

342 2679 492 2722 Borgias
519 2678 661 2713 Canisio
688 2690 750 2723 per
775 2678 971 2712 Polaticum
996 2679 1180 2723 respondit
1207 2679 1261 2712 16.
1288 2677 1409 2711 Martii
1437 2678 1538 2712 1566.

226 2792 376 2829 1282.
484 2793 544 2830 P.
577 2794 874 2830 IOANNES
910 2793 1002 2829 DE
1037 2793 1376 2837 POLANCO,
1412 2792 1624 2828 secretarius
1659 2792 1847 2826 Societatis
1882 2793 1972 2834 Iesu,

388 2848 528 2881 nomine
554 2848 588 2882 S.
616 2847 796 2882 Francisci
823 2848 865 2881 de
892 2847 1031 2891 Borgia‚
1061 2847 1255 2892 praepositi
1281 2846 1469 2890 generalis,
1497 2844 1693 2881 CANISIO.

1416 2899 1527 2933 Roma
1553 2898 1585 2932 2.
1611 2897 1794 2931 Februarii
1822 2898 1923 2933 1566.

344 2968 398 3002 Ex
416 2970 619 3014 apographo
635 2970 744 3004 eiusd.
760 2972 887 3014 temp.;
908 2970 943 3003 in
956 2970 1127 3013 margine,
1143 2970 1219 3005 ead.
1234 2981 1358 3004 manu:
1380 2969 1514 3011 „Padre
1530 2967 1704 3001 Canisio“.
1732 2966 1814 3001 Cod.
1831 2967 1970 3008 ,Get-m.

227 3021 289 3054 65“
312 3021 336 3055 f.
356 3022 426 3055 59¹³.
463 3022 625 3066 Epistula
651 3034 736 3057 usus
762 3034 840 3057 sum
868 3023 1013 3067 eiusque
1039 3023 1253 3067 particulam
1279 3021 1480 3066 germanice
1497 3019 1599 3065 posui
1617 3020 1652 3053 in
1672 3019 1883 3063 „Ste'nz.7›2e›2“
1905 3022 1971 3054 etc.

226 3073 337 3107 LXXI
366 3074 408 3108 70
439 3074 516 3107 325.

344 3150 370 3179 a)
391 3149 469 3172 Haec
487 3149 649 3179 supplenda
675 3157 734 3174 esse
755 3150 880 3181 epis-{idn
901 3153 957 3175 tota
979 3150 1121 3179 ostendii,⁴
1146 3153 1229 3181 atque
1250 3150 1280 3174 in
1300 3149 1441 3180 epistulae
1463 3156 1531 3179 pass.
1552 3149 1566 3171 4
1593 3147 1712 3178 antiqua
1740 3155 1827 3171 mmm
1851 3154 1969 3172 romana

227 3189 389 3221 (Ροῑαηεῑὲ)
411 3192 536 3213 >uantum
559 3192 616 3213 est:
637 3189 713 3214 1566.
733 3189 888 3222 moguntia
908 3190 940 3216 P.
960 3190 1069 3215 Petrus
1090 3184 1237 3218 canisius,
1260 3190 1302 3215 es.
1322 3189 1410 3216 Janu.
