2077 3461
217 193 270 233 72
359 190 460 224 12:29.
489 190 652 225 Canisius
680 191 898 227 Theoderico
925 194 1077 228 Canisio.
1129 195 1230 230 1230.
1259 196 1500 231 Theodoricus
1528 197 1692 233 Canisius
1720 199 1873 234 Canisio.

213 307 336 341 sedulo
362 319 403 341 ac
422 307 548 341 deuote
566 309 719 352 rogauit.
758 308 929 351 Quamuis
947 313 1066 345 autem
1084 312 1137 345 sic
1155 312 1272 346 animo
1290 312 1484 357 dispositus
1502 313 1694 356 uideretur,
1720 317 1760 349 ut
1777 317 1970 351 Dominum

213 363 360 404 tete'yz'sse
386 362 469 394 cor¹
497 360 572 395 eius
598 361 743 396 minime
770 362 1025 404 dubitaremus,
1052 365 1324 408 profectumque
1349 366 1572 410 spiritualem
1599 367 1634 401 in
1660 370 1805 402 sanctae
1832 369 1970 403 humili-

212 414 318 456 tatis,
355 416 390 447 et
424 413 575 448 aliarum
609 414 783 449 uirtutum
819 419 1011 460 augmento
1046 417 1082 451 in
1118 429 1157 451 eo
1193 429 1507 462 cognosceremus:
1542 419 1620 454 Non
1655 423 1775 455 tamen
1802 423 1969 467 expedire

211 466 448 501 iudicauimus
482 469 523 501 ut
556 467 591 501 in
627 470 786 502 nostram
814 468 1029 503 Societatem
1055 470 1183 504 saltem
1210 471 1276 506 hoc
1302 473 1461 516 tempore
1487 472 1746 509 admitteretur.
1798 474 1969 517 Quamuis

212 519 306 553 enim
332 531 377 553 ex
404 520 561 554 eiusdem
587 521 704 563 fideli,
732 524 767 555 et
793 522 933 556 sincera
957 523 1162 557 narratione
1188 526 1388 565 constaret,
1414 525 1507 568 quod
1534 528 1634 570 peste
1658 526 1844 569 laborans,
1871 532 1906 563 et
1931 529 1968 563 in

212 572 375 606 delirium
410 573 488 617 ipsa
514 573 549 608 ui
574 575 687 609 morbi
713 574 892 616 incidens,
928 587 1055 609 manus
1081 576 1147 610 sibi
1174 578 1250 621 ipse
1277 577 1498 618 intulisset2;
1535 580 1629 613 vnde
1655 592 1720 614 nec
1746 581 1867 626 culpa,
1902 593 1968 616 nec

211 626 397 670 suspensio
423 629 486 660 aut
511 627 778 670 irregularitas,
814 631 877 662 aut
902 628 972 662 alia
998 640 1149 663 censura
1175 642 1212 664 re
1239 642 1324 665 uera
1350 634 1535 665 contracta
1560 633 1604 667 ab
1631 644 1670 666 eo
1696 634 1843 669 fuisset:
1877 633 1968 676 Quia

210 679 331 711 tamen
348 679 432 712 dum
456 679 601 714 morbus
628 680 796 720 caelatur,
824 681 882 724 qui
909 692 1017 716 causa
1043 682 1112 716 fuit
1137 683 1324 726 amentiae,
1352 685 1500 719 effectus
1525 685 1601 730 ipse
1619 686 1759 730 publice
1777 687 1968 731 euulgatus

212 732 275 770 est,
311 732 404 766 unde
429 733 597 767 infamiae
622 735 744 767 notam
778 746 846 767 non
882 734 1095 769 mediocrem
1132 736 1163 770 ei
1197 737 1354 771 inustam
1386 737 1672 773 intelleximus-³:
1708 740 1860 774 dandam
1887 753 1967 776 esse

211 783 262 817 illi
297 796 440 829 operam
476 785 732 826 iudicauimus,
771 789 811 820 ut
845 788 943 832 prius
977 787 1179 822 huiusmodi
1213 790 1382 824 infamiae
1416 794 1536 825 notam
1572 792 1749 833 aboleret,
1784 804 1888 837 quam
1924 795 1967 828 de

209 837 326 871 reditu
369 838 412 872 ad
454 841 613 872 nostram
651 839 865 874 Societatem
904 843 1083 884 ageretur.
1143 842 1210 877 Hic
1248 844 1388 887 quidem
1426 856 1504 878 cum
1544 845 1588 878 ad
1625 845 1822 888 Regentem
1861 848 1968 882 Sacre

211 889 510 925 Paenitentiariae
548 892 664 926 uirum
703 893 859 937 pietate,
898 896 934 927 et
972 894 1133 929 doctrina
1169 898 1413 940 praestantem
1451 898 1638 940 negocium
1676 899 1893 942 deferretur,
1932 903 1968 935 et

209 942 427 988 dispensatio
462 944 505 978 ad
541 945 661 978 diuina
696 945 908 980 celebranda
943 950 1144 992 peteretur;
1185 949 1382 983 affirmauit
1415 950 1476 984 ille
1510 951 1750 986 necessariam
1783 964 1853 986 non
1888 964 1966 987 esse

209 996 529 1040 dispensationem,
567 1000 602 1032 et
636 1000 775 1032 tantum
815 999 859 1033 ad
886 1000 1063 1035 cautelam
1091 1013 1169 1035 cum
1197 1014 1237 1036 eo
1263 1003 1346 1036 uiua
1372 1015 1458 1037 uoce
1484 1003 1717 1048 dispensauit.
1767 1005 1857 1047 Quia
1882 1018 1966 1041 uero

211 1061 276 1083 tlon
313 1055 450 1084 tantam
485 1062 605 1084 coram
631 1053 724 1095 Deo,
760 1054 819 1086 secl
845 1054 948 1086 etiam
974 1066 1093 1088 coram
1119 1056 1320 1090 hominibus
1346 1058 1435 1090 bona
1455 1059 1673 1100 prouidere*
1699 1061 1839 1103 oportet
1864 1059 1967 1094 iuxta

209 1103 371 1147 Apostoli
397 1104 622 1146 sententiam,
650 1108 813 1139 curatum
839 1109 894 1140 est
919 1107 1137 1142 authoritate
1163 1108 1265 1143 Sedis
1291 1110 1528 1154 Apostolicae‚
1565 1112 1604 1144 ut
1629 1111 1872 1146 declararetur
1896 1124 1965 1147 non

209 1155 374 1190 incidisse
399 1156 433 1190 in
461 1168 649 1199 censuras,
685 1160 721 1192 et
746 1161 865 1193 tamen
892 1162 1069 1204 quatenus
1096 1173 1184 1206 opus
1211 1164 1321 1203 esset,
1357 1163 1614 1203 absolueretur,
1648 1164 1780 1199 abolita
1806 1165 1965 1207 infamia,

209 1211 316 1252 atque
340 1209 472 1244 habilis
497 1211 706 1245 redderetur
731 1212 775 1246 ad
802 1212 1047 1247 ecclesiastica
1072 1226 1220 1249 munera
1246 1216 1418 1257 obeunda,
1451 1219 1490 1250 ut
1517 1216 1565 1251 .O.
1592 1217 1634 1251 V.
1662 1229 1707 1251 ex
1732 1218 1846 1252 literis
1872 1219 1964 1263 Apo-

208 1261 343 1296 stolicis
380 1263 501 1297 uidere
538 1264 681 1308 poterit.
731 1265 970 1300 Nihilominus
1008 1278 1088 1301 cum
1127 1268 1361 1302 affirmauerit
1398 1270 1602 1314 praedictus
1640 1270 1815 1314 Magister
1849 1272 1964 1313 Ionas,

208 1326 311 1358 posse
346 1327 384 1349 se
418 1327 481 1359 per
514 1318 627 1351 testes
662 1317 730 1351 fide
757 1318 884 1361 dignos
910 1319 1059 1363 probare
1084 1320 1256 1361 morbum,
1283 1333 1352 1365 quo
1378 1322 1564 1363 laborauit,
1600 1325 1636 1356 et
1661 1325 1871 1365 amentiam,
1906 1325 1964 1358 uel

208 1367 388 1410 delirium,
426 1369 462 1403 in
498 1370 591 1414 quod
627 1382 672 1404 ex
706 1371 828 1405 morbo
863 1371 1006 1413 incidit,
1042 1385 1194 1417 cumque
1228 1385 1426 1419 propensus
1453 1378 1548 1410 esset
1574 1376 1618 1410 ad
1645 1377 1678 1410 id
1706 1377 1964 1421 exequendum,

208 1421 434 1464 probauimus
460 1424 553 1467 quod
580 1424 623 1457 ad
650 1423 828 1458 Diocesim
854 1425 1112 1460 Treuerensem
1138 1427 1289 1469 rediret,
1324 1430 1365 1462 ut
1390 1429 1424 1462 in
1453 1429 1574 1463 eodem
1600 1429 1696 1471 loco,
1731 1430 1767 1463 in
1794 1441 1862 1474 quo
1888 1430 1964 1465 eius

207 1474 354 1508 infamia
380 1478 495 1510 ortum
522 1476 665 1518 habuit,
702 1480 737 1511 et
763 1489 783 1511 a
810 1490 879 1522 quo
905 1479 949 1512 ad
975 1479 1046 1513 alia
1072 1480 1149 1514 loca
1176 1481 1374 1523 emanauit,
1410 1493 1487 1516 eam
1515 1482 1726 1525 extinguere
1752 1486 1902 1525 curaret,
1930 1486 1966 1518 et

206 1530 331 1572 postea
365 1529 456 1563 bona
491 1541 571 1564 cum
606 1531 711 1564 uenia
736 1530 777 1564 D.
807 1532 850 1565 V.
878 1532 903 1565 I.
931 1532 1132 1575 recederet,
1168 1535 1453 1578 quandoquidem
1480 1535 1557 1570 eius
1582 1536 1779 1570 ministerio
1805 1537 1887 1571 istic
1911 1537 1965 1571 uti

206 1580 334 1622 nollet,
370 1593 412 1616 ac
443 1594 482 1615 se
517 1582 552 1616 in
588 1583 844 1618 ecclesiasticis
878 1585 1088 1631 ministerijs
1123 1587 1251 1621 alicubi
1290 1589 1504 1623 exerceret.·‘
1562 1588 1631 1632 (Ex
1657 1590 1862 1634 apographo
1889 1591 1964 1625 eod.

207 1636 312 1679 temp.
340 1635 484 1680 scripto.
538 1636 677 1678 „Ger-m.
705 1638 768 1671 61²
798 1638 823 1673 f.
850 1638 964 1681 29:3¹1.)

207 1777 358 1813 1229.
459 1778 673 1814 CANISIUS
700 1779 761 1815 P.
791 1780 1241 1819 THEODORICO
1273 1783 1549 1821 CANISIO
1579 1785 1632 1821 S.
1651 1786 1722 1824 J..
1750 1787 1962 1822 Germaniae

371 1832 565 1876 superioris
591 1833 897 1878 viceprovinciali.
1471 1839 1583 1873 Roma
1609 1840 1664 1875 30.
1692 1840 1782 1874 Iunii
1812 1842 1912 1875 1565.

323 1913 378 1947 Ex
405 1914 614 1949 Theodorici
641 1915 775 1950 Canisii
801 1917 956 1962 epistula
982 1920 1120 1961 autogr.
1153 1918 1214 1961 „Gn
1235 1919 1297 1964 Ep.
1316 1920 1384 1954 VN
1416 1922 1438 1955 f.
1460 1922 1530 1956 97³.

326 2003 363 2036 P.
396 2003 632 2037 Theodericus
669 2006 836 2038 Cam'sz'as
872 2006 906 2039 S.
934 2007 969 2039 J.
1006 2008 1155 2050 Dilinya
1194 2010 1246 2041 26.
1273 2009 1362 2041 Iulii
1390 2013 1480 2042 1565
1515 2011 1561 2043 (al
1596 2011 1739 2044 Petrum
1777 2011 1959 2044 canisium

203 2055 375 2099 fratrem,
415 2058 476 2099 qni
509 2057 641 2090 Romae
675 2061 898 2101 eonyregsate'o
930 2061 1089 2102 yenerali
1124 2062 1308 2094 Soc-[etatis
1344 2063 1533 2106 intererat,
1570 2065 1734 2107 scripsit:
1770 2065 1905 2107 „Binas
1938 2075 1961 2097 α

206 2108 247 2141 R.
280 2109 316 2141 T.
344 2111 472 2151 accepi,
507 2111 639 2143 alteras
663 2112 780 2144 vltimo
807 2113 922 2154 Janij,
959 2113 1091 2146 alteras
1117 2116 1153 2146 8⁰
1180 2115 1276 2157 Jnl1jj
1299 2116 1421 2158 datas,
1457 2121 1487 2148 et
1508 2118 1650 2159 priores
1675 2118 1810 2160 quidem
1837 2119 1961 2151 merito

207 2173 257 2194 me
283 2161 470 2205 obimryant
495 2163 536 2196 ob
561 2164 777 2207 se'nyalarem
803 2176 913 2198 meam
939 2167 977 2198 in
1003 2167 1186 2200 scribendo
1213 2168 1490 2211 neyliqentiam.“

322 2237 399 2271 Hae
426 2238 560 2272 Canisii
585 2238 729 2273 litterae
755 2241 891 2284 perisse
918 2242 1095 2276 videntur.

205 2374 359 2411 1230.
456 2375 518 2411 P.
546 2375 1036 2416 THEODORIGUS
1065 2379 1382 2418 CANISIUS
1420 2382 1473 2418 S.
1500 2382 1571 2426 J„
1609 2384 1821 2419 Germaniae
1855 2397 1956 2430 supe-

369 2430 473 2464 rioris
500 2430 822 2476 viceprovincialis,
851 2432 1051 2468 CANISIO.

910 2486 1055 2530 Dilinga
1081 2498 1126 2522 m.
1155 2488 1254 2522 Iunio
1281 2488 1340 2522 vel
1366 2488 1455 2522 Iulio
1484 2489 1582 2532 (ante
1609 2491 1778 2535 medium)
1809 2492 1909 2526 1565.

322 2559 376 2592 Ex
402 2559 637 2605 autographo,
664 2561 706 2594 de
733 2572 801 2604 quo
827 2561 920 2595 infra
946 2574 978 2606 p.
1007 2562 1062 2597 82.

326 2646 561 2680 leeodoricszts
582 2647 749 2680 Ccmz'sius
765 2649 1067 2691 rz'eeprovc'nee'alis
1088 2651 1302 2684 Germaniae
1318 2654 1515 2695 superioris
1529 2654 1676 2698 Dz'le'nya
1694 2656 1748 2688 26.
1764 2655 1852 2688 Iulii
1867 2658 1957 2689 1565

205 2698 306 2731 Petro
328 2700 471 2733 Cani-sio
487 2701 603 2741 fratri
619 2701 751 2733 Romae
768 2702 903 2744 deyenti
918 2703 1082 2744 scripsit:
1109 2703 1234 2746 „Quod
1260 2706 1307 2737 ad
1331 2709 1458 2738 statam
1489 2707 1718 2749 Colleyiorum
1743 2707 1851 2741 haias
1869 2719 1956 2751 pro-

208 2753 343 2785 uinciae
369 2754 501 2795 attinet,
527 2764 627 2796 spero
654 2754 901 2787 Reaerentiam
932 2755 965 2787 T
986 2767 1028 2788 ex
1047 2757 1307 2798 posterioribus
1332 2761 1415 2791 meis
1436 2760 1635 2801 plusculam
1663 2761 1751 2794 lucis
1776 2762 1955 2804 accepisse.

205 2804 367 2846 Repetam
393 2810 508 2838 tamen
534 2818 576 2839 ex
602 2808 650 2839 eis
675 2808 859 2851 quaedam,
885 2809 917 2840 sc*
940 2809 1033 2849 forte
1060 2809 1141 2842 illae
1167 2820 1236 2842 non
1261 2812 1332 2843 sint
1357 2811 1547 2846 redditae.“

325 2955 333 2974 ¹
407 2955 463 2988 Ro
490 2956 506 2989 1
537 2985 544 2992 .
571 2957 591 2990 2
621 2985 626 2990 .

321 3007 333 3028 2
359 2956 405 3041 llilt
430 2957 673 3054 sbioaoarrgpta
699 3013 735 3044 et
760 3011 855 3045 saltu
881 3013 917 3046 in
944 3013 1157 3057 profundum
1183 3014 1278 3049 facto
1304 3026 1341 3049 se
1368 3015 1527 3049 occidere
1553 3018 1700 3051 conatus
1727 3028 1805 3051 esse
1823 3018 1952 3059 fertur3

203 3059 284 3093 vide
314 3061 400 3094 Can.
427 3061 478 3094 ΙΙΙ
507 3062 583 3096 176.

322 3114 334 3132 ³
360 3112 413 3146 Cf.
441 3124 549 3157 supra
576 3127 607 3158 p.
632 3116 686 3150 10.

322 3167 334 3185 4
360 3164 448 3198 Rom
479 3166 530 3206 12,
560 3168 611 3201 17.
650 3168 670 3201 2
697 3168 764 3202 Cor
789 3169 820 3210 S,
848 3170 903 3203 21.
