<?xml version="1.0" encoding="UTF-8"?>
<!DOCTYPE html PUBLIC "-//W3C//DTD XHTML 1.0 Transitional//EN"
    "http://www.w3.org/TR/xhtml1/DTD/xhtml1-transitional.dtd">
<html xmlns="http://www.w3.org/1999/xhtml" xml:lang="en" lang="en">
 <head>
  <title>
</title>
<meta http-equiv="Content-Type" content="text/html;charset=utf-8" />
  <meta name='ocr-system' content='tesseract 3.04.00' />
  <meta name='ocr-capabilities' content='ocr_page ocr_carea ocr_par ocr_line ocrx_word'/>
</head>
<body>
  <div class='ocr_page' id='page_1' title='image "beatipetricanisi05cani_0739.png"; bbox 0 0 2045 3471; ppageno 0'>
   <div class='ocr_carea' id='block_1_1' title="bbox 413 206 1840 252">
    <p class='ocr_par' dir='ltr' id='par_1_1' title="bbox 413 206 1840 252">
     <span class='ocr_line' id='line_1_1' title="bbox 413 206 1840 252; baseline -0.003 -10"><span class='ocrx_word' id='word_1_1' title='bbox 413 209 507 244; x_wconf 84' lang='lat' dir='ltr'>Mon.</span> <span class='ocrx_word' id='word_1_2' title='bbox 527 209 596 244; x_wconf 86' lang='lat'>740</span> <span class='ocrx_word' id='word_1_3' title='bbox 621 208 699 243; x_wconf 87' lang='lat' dir='ltr'>sive</span> <span class='ocrx_word' id='word_1_4' title='bbox 725 220 837 252; x_wconf 84' lang='lat' dir='ltr'>germ.</span> <span class='ocrx_word' id='word_1_5' title='bbox 856 207 878 242; x_wconf 89' lang='grc'>1.</span> <span class='ocrx_word' id='word_1_6' title='bbox 901 208 991 251; x_wconf 88' lang='grc'><strong>(15).</strong></span> <span class='ocrx_word' id='word_1_7' title='bbox 1035 208 1198 242; x_wconf 80' lang='lat' dir='ltr'>Exeunte</span> <span class='ocrx_word' id='word_1_8' title='bbox 1224 218 1270 241; x_wconf 85' lang='lat' dir='ltr'>m.</span> <span class='ocrx_word' id='word_1_9' title='bbox 1289 206 1379 240; x_wconf 84' lang='lat' dir='ltr'>Nov.</span> <span class='ocrx_word' id='word_1_10' title='bbox 1402 206 1502 240; x_wconf 88' lang='grc'><strong>1565.</strong></span> <span class='ocrx_word' id='word_1_11' title='bbox 1759 206 1840 246; x_wconf 77' lang='lat'>651</span> 
     </span>
    </p>
   </div>
   <div class='ocr_carea' id='block_1_2' title="bbox 82 323 1853 1117">
    <p class='ocr_par' dir='ltr' id='par_1_2' title="bbox 82 323 1849 574">
     <span class='ocr_line' id='line_1_2' title="bbox 82 323 1847 381; baseline -0.003 -11"><span class='ocrx_word' id='word_1_12' title='bbox 82 329 236 371; x_wconf 87' lang='lat' dir='ltr'>literae</span> <span class='ocrx_word' id='word_1_13' title='bbox 279 327 568 381; x_wconf 77' lang='lat' dir='ltr'>expeditionis</span> <span class='ocrx_word' id='word_1_14' title='bbox 600 327 653 369; x_wconf 89' lang='lat' dir='ltr'>ad</span> <span class='ocrx_word' id='word_1_15' title='bbox 695 329 891 369; x_wconf 89' lang='lat' dir='ltr'>nostrum</span> <span class='ocrx_word' id='word_1_16' title='bbox 926 327 1131 369; x_wconf 79' lang='lat' dir='ltr'>Senatum</span> <span class='ocrx_word' id='word_1_17' title='bbox 1165 327 1378 367; x_wconf 85' lang='lat' dir='ltr'>venerant</span> <span class='ocrx_word' id='word_1_18' title='bbox 1418 324 1558 366; x_wconf 91' lang='lat' dir='ltr'>altera</span> <span class='ocrx_word' id='word_1_19' title='bbox 1591 323 1659 365; x_wconf 92' lang='lat' dir='ltr'>die</span> <span class='ocrx_word' id='word_1_20' title='bbox 1691 323 1742 365; x_wconf 91' lang='lat' dir='ltr'>D.</span> <span class='ocrx_word' id='word_1_21' title='bbox 1767 323 1847 364; x_wconf 88' lang='lat' dir='ltr'>Ca-</span> 
     </span>
     <span class='ocr_line' id='line_1_3' title="bbox 83 388 1848 446; baseline -0.003 -11"><span class='ocrx_word' id='word_1_22' title='bbox 83 393 218 435; x_wconf 89' lang='lat' dir='ltr'>nisius</span> <span class='ocrx_word' id='word_1_23' title='bbox 259 392 483 446; x_wconf 86' lang='lat' dir='ltr'>profectus</span> <span class='ocrx_word' id='word_1_24' title='bbox 526 394 594 434; x_wconf 91' lang='lat' dir='ltr'>est</span> <span class='ocrx_word' id='word_1_25' title='bbox 634 392 689 434; x_wconf 89' lang='lat' dir='ltr'>ad</span> <span class='ocrx_word' id='word_1_26' title='bbox 722 393 885 434; x_wconf 83' lang='lat' dir='ltr'>Ducem</span> <span class='ocrx_word' id='word_1_27' title='bbox 933 391 1098 434; x_wconf 89' lang='lat' dir='ltr'>Iuliael</span> <span class='ocrx_word' id='word_1_28' title='bbox 1131 393 1175 432; x_wconf 89' lang='lat' dir='ltr'>et</span> <span class='ocrx_word' id='word_1_29' title='bbox 1208 390 1262 432; x_wconf 89' lang='lat' dir='ltr'>ad</span> <span class='ocrx_word' id='word_1_30' title='bbox 1294 389 1483 442; x_wconf 88' lang='lat' dir='ltr'>reliquos</span> <span class='ocrx_word' id='word_1_31' title='bbox 1519 388 1749 442; x_wconf 83' lang='lat' dir='ltr'>principes,</span> <span class='ocrx_word' id='word_1_32' title='bbox 1793 388 1848 429; x_wconf 88' lang='lat' dir='ltr'>ad</span> 
     </span>
     <span class='ocr_line' id='line_1_4' title="bbox 84 452 1849 512; baseline -0.004 -12"><span class='ocrx_word' id='word_1_33' title='bbox 84 472 190 512; x_wconf 90' lang='lat' dir='ltr'>quos</span> <span class='ocrx_word' id='word_1_34' title='bbox 223 472 319 499; x_wconf 91' lang='lat' dir='ltr'>cum</span> <span class='ocrx_word' id='word_1_35' title='bbox 350 457 489 499; x_wconf 87' lang='lat' dir='ltr'>literis</span> <span class='ocrx_word' id='word_1_36' title='bbox 514 457 776 510; x_wconf 88' lang='lat' dir='ltr'>Apostolicis</span> <span class='ocrx_word' id='word_1_37' title='bbox 808 457 964 498; x_wconf 90' lang='lat' dir='ltr'>missus</span> <span class='ocrx_word' id='word_1_38' title='bbox 997 459 1107 499; x_wconf 89' lang='lat' dir='ltr'>erat.</span> <span class='ocrx_word' id='word_1_39' title='bbox 1153 457 1288 509; x_wconf 85' lang='lat' dir='ltr'>Spero</span> <span class='ocrx_word' id='word_1_40' title='bbox 1312 454 1425 507; x_wconf 89' lang='lat' dir='ltr'>quod</span> <span class='ocrx_word' id='word_1_41' title='bbox 1448 453 1653 495; x_wconf 78' lang='lat' dir='ltr'>Natalem</span> <span class='ocrx_word' id='word_1_42' title='bbox 1676 452 1849 494; x_wconf 89' lang='lat' dir='ltr'>Domini</span> 
     </span>
     <span class='ocr_line' id='line_1_5' title="bbox 83 518 1847 574; baseline -0.003 -9"><span class='ocrx_word' id='word_1_43' title='bbox 83 523 304 565; x_wconf 90' lang='lat' dir='ltr'>nobiscum</span> <span class='ocrx_word' id='word_1_44' title='bbox 328 521 530 564; x_wconf 86' lang='lat' dir='ltr'>Coloniae</span> <span class='ocrx_word' id='word_1_45' title='bbox 564 521 821 564; x_wconf 81' lang='lat' dir='ltr'>celebrabit:</span> <span class='ocrx_word' id='word_1_46' title='bbox 856 521 1035 564; x_wconf 88' lang='lat' dir='ltr'>Interim</span> <span class='ocrx_word' id='word_1_47' title='bbox 1065 521 1217 564; x_wconf 80' lang='lat' dir='ltr'>literas</span> <span class='ocrx_word' id='word_1_48' title='bbox 1240 518 1528 574; x_wconf 81' lang='lat' dir='ltr'>expeditionis</span> <span class='ocrx_word' id='word_1_49' title='bbox 1551 521 1847 572; x_wconf 61' lang='lat' dir='ltr'>expectamus</span> 
     </span>
    </p>

    <p class='ocr_par' dir='ltr' id='par_1_3' title="bbox 84 599 1853 1117">
     <span class='ocr_line' id='line_1_6' title="bbox 203 599 1850 646; baseline -0.003 -10"><span class='ocrx_word' id='word_1_50' title='bbox 203 602 424 646; x_wconf 82' lang='lat' dir='ltr'>Corrigenda</span> <span class='ocrx_word' id='word_1_51' title='bbox 459 602 571 645; x_wconf 82' lang='lat' dir='ltr'>igitur</span> <span class='ocrx_word' id='word_1_52' title='bbox 605 605 700 642; x_wconf 86' lang='lat' dir='ltr'>sunt,</span> <span class='ocrx_word' id='word_1_53' title='bbox 737 613 828 645; x_wconf 83' lang='lat' dir='ltr'>quae</span> <span class='ocrx_word' id='word_1_54' title='bbox 864 602 906 635; x_wconf 89' lang='lat' dir='ltr'>de</span> <span class='ocrx_word' id='word_1_55' title='bbox 942 602 1009 636; x_wconf 83' lang='lat' dir='ltr'>hac</span> <span class='ocrx_word' id='word_1_56' title='bbox 1037 601 1170 636; x_wconf 85' lang='lat' dir='ltr'>Canisii</span> <span class='ocrx_word' id='word_1_57' title='bbox 1197 600 1486 646; x_wconf 87' lang='lat' dir='ltr'>peregrinatione</span> <span class='ocrx_word' id='word_1_58' title='bbox 1513 599 1658 643; x_wconf 81' lang='lat' dir='ltr'>scripsit</span> <span class='ocrx_word' id='word_1_59' title='bbox 1685 600 1850 641; x_wconf 71' lang='lat' dir='ltr'>Doriywy</span> 
     </span>
     <span class='ocr_line' id='line_1_7' title="bbox 87 651 1850 700; baseline -0.003 -10"><span class='ocrx_word' id='word_1_60' title='bbox 87 656 125 700; x_wconf 89' lang='lat'>(1.</span> <span class='ocrx_word' id='word_1_61' title='bbox 153 668 181 691; x_wconf 86' lang='lat' dir='ltr'>c.</span> <span class='ocrx_word' id='word_1_62' title='bbox 209 656 315 699; x_wconf 77' lang='lat'>254):</span> <span class='ocrx_word' id='word_1_63' title='bbox 355 655 403 697; x_wconf 79' lang='lat'>„11</span> <span class='ocrx_word' id='word_1_64' title='bbox 439 655 519 689; x_wconf 90' lang='lat' dir='ltr'>vint</span> <span class='ocrx_word' id='word_1_65' title='bbox 545 657 565 689; x_wconf 76' lang='lat' dir='ltr'>a</span> <span class='ocrx_word' id='word_1_66' title='bbox 592 655 768 699; x_wconf 86' lang='lat' dir='ltr'>Cologne;</span> <span class='ocrx_word' id='word_1_67' title='bbox 806 667 846 688; x_wconf 82' lang='lat' dir='ltr'>ce</span> <span class='ocrx_word' id='word_1_68' title='bbox 880 655 937 689; x_wconf 89' lang='lat' dir='ltr'>fut</span> <span class='ocrx_word' id='word_1_69' title='bbox 971 667 1039 688; x_wconf 88' lang='lat' dir='ltr'>une</span> <span class='ocrx_word' id='word_1_70' title='bbox 1065 666 1178 698; x_wconf 76' lang='lat' dir='ltr'>vraye</span> <span class='ocrx_word' id='word_1_71' title='bbox 1201 654 1285 699; x_wconf 74' lang='lat' dir='ltr'>joye</span> <span class='ocrx_word' id='word_1_72' title='bbox 1312 665 1401 698; x_wconf 86' lang='lat' dir='ltr'>pour</span> <span class='ocrx_word' id='word_1_73' title='bbox 1426 655 1507 686; x_wconf 88' lang='lat' dir='ltr'>tous</span> <span class='ocrx_word' id='word_1_74' title='bbox 1534 652 1587 685; x_wconf 89' lang='lat' dir='ltr'>les</span> <span class='ocrx_word' id='word_1_75' title='bbox 1613 652 1780 685; x_wconf 85' lang='lat' dir='ltr'>habitans</span> <span class='ocrx_word' id='word_1_76' title='bbox 1807 651 1850 684; x_wconf 87' lang='lat' dir='ltr'>de</span> 
     </span>
     <span class='ocr_line' id='line_1_8' title="bbox 85 704 1850 752; baseline -0.003 -9"><span class='ocrx_word' id='word_1_77' title='bbox 85 712 179 744; x_wconf 89' lang='lat' dir='ltr'>cette</span> <span class='ocrx_word' id='word_1_78' title='bbox 206 709 342 752; x_wconf 87' lang='lat' dir='ltr'>grande</span> <span class='ocrx_word' id='word_1_79' title='bbox 369 708 465 750; x_wconf 85' lang='lat' dir='ltr'>ville,</span> <span class='ocrx_word' id='word_1_80' title='bbox 494 709 536 742; x_wconf 89' lang='lat' dir='ltr'>de</span> <span class='ocrx_word' id='word_1_81' title='bbox 562 709 682 742; x_wconf 86' lang='lat' dir='ltr'>revoir</span> <span class='ocrx_word' id='word_1_82' title='bbox 707 708 785 742; x_wconf 87' lang='lat' dir='ltr'>leur</span> <span class='ocrx_word' id='word_1_83' title='bbox 812 708 897 742; x_wconf 88' lang='lat' dir='ltr'>cher</span> <span class='ocrx_word' id='word_1_84' title='bbox 923 708 1024 749; x_wconf 80' lang='lat' dir='ltr'>Fere,</span> <span class='ocrx_word' id='word_1_85' title='bbox 1051 711 1088 742; x_wconf 85' lang='lat' dir='ltr'>et</span> <span class='ocrx_word' id='word_1_86' title='bbox 1114 708 1146 741; x_wconf 86' lang='lat' dir='ltr'>le</span> <span class='ocrx_word' id='word_1_87' title='bbox 1174 708 1440 742; x_wconf 85' lang='lat' dir='ltr'>Conservateur</span> <span class='ocrx_word' id='word_1_88' title='bbox 1466 706 1508 739; x_wconf 91' lang='lat' dir='ltr'>de</span> <span class='ocrx_word' id='word_1_89' title='bbox 1536 705 1613 739; x_wconf 79' lang='lat' dir='ltr'>leur</span> <span class='ocrx_word' id='word_1_90' title='bbox 1630 705 1724 749; x_wconf 74' lang='lat' dir='ltr'>Foy:</span> <span class='ocrx_word' id='word_1_91' title='bbox 1752 704 1850 744; x_wconf 62' lang='lat' dir='ltr'>dest,</span> 
     </span>
     <span class='ocr_line' id='line_1_9' title="bbox 84 757 1850 807; baseline -0.004 -10"><span class='ocrx_word' id='word_1_92' title='bbox 84 763 176 798; x_wconf 90' lang='lat' dir='ltr'>ainsi</span> <span class='ocrx_word' id='word_1_93' title='bbox 211 762 318 807; x_wconf 79' lang='lat' dir='ltr'>qu’ils</span> <span class='ocrx_word' id='word_1_94' title='bbox 352 762 608 807; x_wconf 84' lang='lat' dir='ltr'>l&#39;appelloient.</span> <span class='ocrx_word' id='word_1_95' title='bbox 661 762 690 795; x_wconf 95' lang='lat' dir='ltr'>A</span> <span class='ocrx_word' id='word_1_96' title='bbox 719 763 821 806; x_wconf 83' lang='lat' dir='ltr'>peine</span> <span class='ocrx_word' id='word_1_97' title='bbox 856 761 955 795; x_wconf 84' lang='lat' dir='ltr'>fut-il</span> <span class='ocrx_word' id='word_1_98' title='bbox 990 761 1119 801; x_wconf 86' lang='lat' dir='ltr'>arrive,</span> <span class='ocrx_word' id='word_1_99' title='bbox 1156 760 1262 804; x_wconf 71' lang='lat' dir='ltr'>qu&#39;on</span> <span class='ocrx_word' id='word_1_100' title='bbox 1298 759 1425 794; x_wconf 83' lang='lat' dir='ltr'>voulut</span> <span class='ocrx_word' id='word_1_101' title='bbox 1459 759 1657 793; x_wconf 71' lang='lat' dir='ltr'>l&#39;entendre</span> <span class='ocrx_word' id='word_1_102' title='bbox 1690 757 1850 802; x_wconf 73' lang='lat' dir='ltr'>precher.</span> 
     </span>
     <span class='ocr_line' id='line_1_10' title="bbox 85 810 1850 860; baseline -0.004 -10"><span class='ocrx_word' id='word_1_103' title='bbox 85 817 181 851; x_wconf 89' lang='lat' dir='ltr'>Pour</span> <span class='ocrx_word' id='word_1_104' title='bbox 206 818 394 850; x_wconf 88' lang='lat' dir='ltr'>contenter</span> <span class='ocrx_word' id='word_1_105' title='bbox 420 827 459 849; x_wconf 88' lang='lat' dir='ltr'>ce</span> <span class='ocrx_word' id='word_1_106' title='bbox 486 815 554 848; x_wconf 90' lang='lat' dir='ltr'>bon</span> <span class='ocrx_word' id='word_1_107' title='bbox 580 815 720 860; x_wconf 89' lang='lat' dir='ltr'>peuple,</span> <span class='ocrx_word' id='word_1_108' title='bbox 748 817 826 848; x_wconf 87' lang='lat' dir='ltr'>tout</span> <span class='ocrx_word' id='word_1_109' title='bbox 852 814 991 858; x_wconf 81' lang='lat' dir='ltr'>fatigue</span> <span class='ocrx_word' id='word_1_110' title='bbox 1017 814 1103 858; x_wconf 82' lang='lat' dir='ltr'>qu&#39;il</span> <span class='ocrx_word' id='word_1_111' title='bbox 1123 814 1219 856; x_wconf 79' lang='lat' dir='ltr'>e&#39;toit,</span> <span class='ocrx_word' id='word_1_112' title='bbox 1248 815 1284 847; x_wconf 84' lang='lat' dir='ltr'>et</span> <span class='ocrx_word' id='word_1_113' title='bbox 1303 813 1436 857; x_wconf 79' lang='lat' dir='ltr'>ajeun‚</span> <span class='ocrx_word' id='word_1_114' title='bbox 1463 812 1485 845; x_wconf 93' lang='lat' dir='ltr'>i]</span> <span class='ocrx_word' id='word_1_115' title='bbox 1505 815 1628 846; x_wconf 87' lang='lat' dir='ltr'>monta</span> <span class='ocrx_word' id='word_1_116' title='bbox 1647 823 1690 844; x_wconf 91' lang='lat' dir='ltr'>en</span> <span class='ocrx_word' id='word_1_117' title='bbox 1711 810 1850 850; x_wconf 88' lang='lat' dir='ltr'>Chaire,</span> 
     </span>
     <span class='ocr_line' id='line_1_11' title="bbox 85 864 1853 915; baseline -0.004 -12"><span class='ocrx_word' id='word_1_118' title='bbox 85 873 122 904; x_wconf 87' lang='lat' dir='ltr'>et</span> <span class='ocrx_word' id='word_1_119' title='bbox 146 869 249 915; x_wconf 87' lang='lat' dir='ltr'>parla</span> <span class='ocrx_word' id='word_1_120' title='bbox 274 880 364 903; x_wconf 89' lang='lat' dir='ltr'>avec</span> <span class='ocrx_word' id='word_1_121' title='bbox 390 880 454 902; x_wconf 86' lang='lat' dir='ltr'>son</span> <span class='ocrx_word' id='word_1_122' title='bbox 481 868 566 908; x_wconf 87' lang='lat' dir='ltr'>zele,</span> <span class='ocrx_word' id='word_1_123' title='bbox 594 871 630 902; x_wconf 87' lang='lat' dir='ltr'>et</span> <span class='ocrx_word' id='word_1_124' title='bbox 656 879 719 902; x_wconf 91' lang='lat' dir='ltr'>son</span> <span class='ocrx_word' id='word_1_125' title='bbox 746 868 941 911; x_wconf 76' lang='lat' dir='ltr'>eloquence</span> <span class='ocrx_word' id='word_1_126' title='bbox 967 868 1178 901; x_wconf 80' lang='lat' dir='ltr'>ordinaire.“</span> <span class='ocrx_word' id='word_1_127' title='bbox 1234 867 1288 900; x_wconf 82' lang='lat' dir='ltr'>Ex</span> <span class='ocrx_word' id='word_1_128' title='bbox 1316 865 1486 909; x_wconf 80' lang='lat' dir='ltr'>Dorignio</span> <span class='ocrx_word' id='word_1_129' title='bbox 1512 865 1602 899; x_wconf 86' lang='lat' dir='ltr'>haec</span> <span class='ocrx_word' id='word_1_130' title='bbox 1628 864 1853 898; x_wconf 83' lang='lat' dir='ltr'>transierunt</span> 
     </span>
     <span class='ocr_line' id='line_1_12' title="bbox 85 916 1853 966; baseline -0.005 -8"><span class='ocrx_word' id='word_1_131' title='bbox 85 924 129 958; x_wconf 88' lang='lat' dir='ltr'>ad</span> <span class='ocrx_word' id='word_1_132' title='bbox 156 923 256 963; x_wconf 86' lang='lat' dir='ltr'>alios,</span> <span class='ocrx_word' id='word_1_133' title='bbox 283 924 323 956; x_wconf 88' lang='lat' dir='ltr'>ut</span> <span class='ocrx_word' id='word_1_134' title='bbox 341 922 385 955; x_wconf 87' lang='lat' dir='ltr'>ad</span> <span class='ocrx_word' id='word_1_135' title='bbox 404 922 595 966; x_wconf 75' lang='lat' dir='ltr'>Pythonem</span> <span class='ocrx_word' id='word_1_136' title='bbox 617 921 655 964; x_wconf 92' lang='lat' dir='ltr'>(l.</span> <span class='ocrx_word' id='word_1_137' title='bbox 674 933 704 956; x_wconf 88' lang='lat' dir='ltr'>c.</span> <span class='ocrx_word' id='word_1_138' title='bbox 723 921 821 963; x_wconf 79' lang='grc'>220),</span> <span class='ocrx_word' id='word_1_139' title='bbox 849 921 892 955; x_wconf 85' lang='lat' dir='ltr'>ad</span> <span class='ocrx_word' id='word_1_140' title='bbox 913 922 1105 963; x_wconf 57' lang='lat' dir='ltr'>merium,-</span> <span class='ocrx_word' id='word_1_141' title='bbox 1131 921 1191 964; x_wconf 89' lang='lat' dir='ltr'>qui</span> <span class='ocrx_word' id='word_1_142' title='bbox 1215 920 1324 954; x_wconf 86' lang='lat' dir='ltr'>etiam</span> <span class='ocrx_word' id='word_1_143' title='bbox 1343 919 1479 959; x_wconf 81' lang='lat' dir='ltr'>scribit,</span> <span class='ocrx_word' id='word_1_144' title='bbox 1505 918 1688 952; x_wconf 88' lang='lat' dir='ltr'>Canisium</span> <span class='ocrx_word' id='word_1_145' title='bbox 1715 916 1853 960; x_wconf 89' lang='lat' dir='ltr'>aliquot</span> 
     </span>
     <span class='ocr_line' id='line_1_13' title="bbox 86 969 1851 1018; baseline -0.005 -8"><span class='ocrx_word' id='word_1_146' title='bbox 86 976 162 1010; x_wconf 89' lang='lat' dir='ltr'>dies</span> <span class='ocrx_word' id='word_1_147' title='bbox 189 975 356 1010; x_wconf 84' lang='lat' dir='ltr'>Coloniae</span> <span class='ocrx_word' id='word_1_148' title='bbox 382 975 571 1015; x_wconf 87' lang='lat' dir='ltr'>mansisse,</span> <span class='ocrx_word' id='word_1_149' title='bbox 598 976 792 1018; x_wconf 78' lang='lat' dir='ltr'>antequam</span> <span class='ocrx_word' id='word_1_150' title='bbox 818 974 1080 1017; x_wconf 85' lang='lat' dir='ltr'>Noviomagum</span> <span class='ocrx_word' id='word_1_151' title='bbox 1109 974 1225 1008; x_wconf 85' lang='lat' dir='ltr'>abiret</span> <span class='ocrx_word' id='word_1_152' title='bbox 1253 974 1356 1016; x_wconf 88' lang='lat' dir='ltr'>(Can.</span> <span class='ocrx_word' id='word_1_153' title='bbox 1383 972 1481 1015; x_wconf 80' lang='lat'>285),</span> <span class='ocrx_word' id='word_1_154' title='bbox 1515 971 1559 1005; x_wconf 86' lang='lat' dir='ltr'>ad</span> <span class='ocrx_word' id='word_1_155' title='bbox 1590 971 1726 1004; x_wconf 55' lang='lat' dir='ltr'>Gar-cia</span> <span class='ocrx_word' id='word_1_156' title='bbox 1756 969 1794 1012; x_wconf 90' lang='lat' dir='ltr'>(l.</span> <span class='ocrx_word' id='word_1_157' title='bbox 1822 980 1851 1003; x_wconf 88' lang='lat' dir='ltr'>c.</span> 
     </span>
     <span class='ocr_line' id='line_1_14' title="bbox 87 1022 1853 1072; baseline -0.005 -9"><span class='ocrx_word' id='word_1_158' title='bbox 87 1029 303 1072; x_wconf 78' lang='lat'>241—242),</span> <span class='ocrx_word' id='word_1_159' title='bbox 339 1028 381 1062; x_wconf 84' lang='lat' dir='ltr'>ad</span> <span class='ocrx_word' id='word_1_160' title='bbox 412 1029 543 1071; x_wconf 71' lang='lat' dir='ltr'>Se&#39;yuz&#39;n</span> <span class='ocrx_word' id='word_1_161' title='bbox 573 1028 611 1071; x_wconf 91' lang='lat' dir='ltr'>(l.</span> <span class='ocrx_word' id='word_1_162' title='bbox 639 1040 669 1062; x_wconf 86' lang='lat' dir='ltr'>c.</span> <span class='ocrx_word' id='word_1_163' title='bbox 699 1028 794 1071; x_wconf 84' lang='lat'>179),</span> <span class='ocrx_word' id='word_1_164' title='bbox 822 1027 882 1071; x_wconf 87' lang='lat' dir='ltr'>qui</span> <span class='ocrx_word' id='word_1_165' title='bbox 910 1028 1107 1061; x_wconf 81' lang='lat' dir='ltr'>orationem</span> <span class='ocrx_word' id='word_1_166' title='bbox 1136 1026 1234 1060; x_wconf 81' lang='lat' dir='ltr'>illam</span> <span class='ocrx_word' id='word_1_167' title='bbox 1262 1037 1403 1060; x_wconf 85' lang='lat' dir='ltr'>sacram</span> <span class='ocrx_word' id='word_1_168' title='bbox 1430 1025 1465 1059; x_wconf 90' lang='lat' dir='ltr'>in</span> <span class='ocrx_word' id='word_1_169' title='bbox 1491 1023 1627 1068; x_wconf 84' lang='lat' dir='ltr'>templo</span> <span class='ocrx_word' id='word_1_170' title='bbox 1653 1022 1853 1057; x_wconf 81' lang='lat' dir='ltr'>cathedrali</span> 
     </span>
     <span class='ocr_line' id='line_1_15' title="bbox 86 1081 519 1117; baseline -0.007 0"><span class='ocrx_word' id='word_1_171' title='bbox 86 1082 246 1117; x_wconf 86' lang='lat' dir='ltr'>habitam</span> <span class='ocrx_word' id='word_1_172' title='bbox 273 1094 352 1116; x_wconf 89' lang='lat' dir='ltr'>esse</span> <span class='ocrx_word' id='word_1_173' title='bbox 378 1081 519 1116; x_wconf 83' lang='lat' dir='ltr'>asserit.</span> 
     </span>
    </p>
   </div>
   <div class='ocr_carea' id='block_1_3' title="bbox 207 1129 1852 1176">
    <p class='ocr_par' dir='ltr' id='par_1_4' title="bbox 207 1129 1852 1176">
     <span class='ocr_line' id='line_1_16' title="bbox 207 1129 1852 1176; baseline -0.004 -7"><span class='ocrx_word' id='word_1_174' title='bbox 207 1135 356 1169; x_wconf 85' lang='lat' dir='ltr'>Labitur</span> <span class='ocrx_word' id='word_1_175' title='bbox 394 1135 502 1169; x_wconf 86' lang='lat' dir='ltr'>etiam</span> <span class='ocrx_word' id='word_1_176' title='bbox 542 1136 609 1168; x_wconf 84' lang='lat' dir='ltr'>Ios.</span> <span class='ocrx_word' id='word_1_177' title='bbox 637 1135 848 1168; x_wconf 66' lang='lat' dir='ltr'>Htw-i‘zheim</span> <span class='ocrx_word' id='word_1_178' title='bbox 884 1133 919 1168; x_wconf 87' lang='lat' dir='ltr'>S.</span> <span class='ocrx_word' id='word_1_179' title='bbox 945 1134 995 1175; x_wconf 85' lang='lat' dir='ltr'>J.,</span> <span class='ocrx_word' id='word_1_180' title='bbox 1034 1145 1113 1167; x_wconf 88' lang='lat' dir='ltr'>cum</span> <span class='ocrx_word' id='word_1_181' title='bbox 1153 1132 1337 1167; x_wconf 84' lang='lat' dir='ltr'>Canisium</span> <span class='ocrx_word' id='word_1_182' title='bbox 1375 1143 1421 1165; x_wconf 86' lang='lat' dir='ltr'>m.</span> <span class='ocrx_word' id='word_1_183' title='bbox 1458 1130 1660 1176; x_wconf 83' lang='lat' dir='ltr'>Septembri</span> <span class='ocrx_word' id='word_1_184' title='bbox 1696 1141 1727 1163; x_wconf 89' lang='lat' dir='ltr'>a.</span> <span class='ocrx_word' id='word_1_185' title='bbox 1763 1129 1852 1162; x_wconf 84' lang='lat'>1565</span> 
     </span>
    </p>
   </div>
   <div class='ocr_carea' id='block_1_4' title="bbox 87 1181 1853 1285">
    <p class='ocr_par' dir='ltr' id='par_1_5' title="bbox 87 1181 1853 1285">
     <span class='ocr_line' id='line_1_17' title="bbox 87 1181 1853 1230; baseline -0.005 -7"><span class='ocrx_word' id='word_1_186' title='bbox 87 1189 270 1224; x_wconf 89' lang='lat' dir='ltr'>Coloniam</span> <span class='ocrx_word' id='word_1_187' title='bbox 307 1188 498 1222; x_wconf 84' lang='lat' dir='ltr'>advenisse</span> <span class='ocrx_word' id='word_1_188' title='bbox 533 1188 692 1221; x_wconf 84' lang='lat' dir='ltr'>affirmat</span> <span class='ocrx_word' id='word_1_189' title='bbox 728 1187 961 1230; x_wconf 82' lang='lat' dir='ltr'>(Prodromus</span> <span class='ocrx_word' id='word_1_190' title='bbox 997 1187 1179 1220; x_wconf 81' lang='lat' dir='ltr'>Historiae</span> <span class='ocrx_word' id='word_1_191' title='bbox 1214 1184 1475 1220; x_wconf 81' lang='lat' dir='ltr'>Universitatis</span> <span class='ocrx_word' id='word_1_192' title='bbox 1512 1182 1752 1223; x_wconf 81' lang='lat' dir='ltr'>Coloniensis‚</span> <span class='ocrx_word' id='word_1_193' title='bbox 1790 1181 1853 1215; x_wconf 93' lang='lat' dir='ltr'>Co-</span> 
     </span>
     <span class='ocr_line' id='line_1_18' title="bbox 87 1241 434 1285; baseline -0.006 -8"><span class='ocrx_word' id='word_1_194' title='bbox 87 1243 203 1277; x_wconf 88' lang='lat' dir='ltr'>loniae</span> <span class='ocrx_word' id='word_1_195' title='bbox 231 1242 332 1281; x_wconf 81' lang='lat'>1759.</span> <span class='ocrx_word' id='word_1_196' title='bbox 360 1241 434 1285; x_wconf 82' lang='lat'><strong>33).</strong></span> 
     </span>
    </p>
   </div>
   <div class='ocr_carea' id='block_1_5' title="bbox 90 1360 1346 1409">
    <p class='ocr_par' dir='ltr' id='par_1_6' title="bbox 90 1360 1346 1409">
     <span class='ocr_line' id='line_1_19' title="bbox 90 1360 1346 1409; baseline -0.004 -9"><span class='ocrx_word' id='word_1_197' title='bbox 90 1363 196 1401; x_wconf 68' lang='lat'>740</span> <span class='ocrx_word' id='word_1_198' title='bbox 223 1365 302 1399; x_wconf 79' lang='lat' dir='ltr'>sive</span> <span class='ocrx_word' id='word_1_199' title='bbox 328 1373 496 1409; x_wconf 78' lang='lat' dir='ltr'>germ.</span> <span class='ocrx_word' id='word_1_200' title='bbox 516 1363 552 1399; x_wconf 89' lang='lat' dir='ltr'>l.</span> <span class='ocrx_word' id='word_1_201' title='bbox 573 1363 700 1408; x_wconf 87' lang='lat'>(15).</span> <span class='ocrx_word' id='word_1_202' title='bbox 776 1361 943 1398; x_wconf 83' lang='lat' dir='ltr'>Exeunte</span> <span class='ocrx_word' id='word_1_203' title='bbox 969 1372 1016 1397; x_wconf 88' lang='lat' dir='ltr'>ln.</span> <span class='ocrx_word' id='word_1_204' title='bbox 1034 1360 1228 1397; x_wconf 82' lang='lat' dir='ltr'>Novembri</span> <span class='ocrx_word' id='word_1_205' title='bbox 1253 1360 1346 1396; x_wconf 80' lang='lat'>1565.</span> 
     </span>
    </p>
   </div>
   <div class='ocr_carea' id='block_1_6' title="bbox 90 1436 1856 1645">
    <p class='ocr_par' dir='ltr' id='par_1_7' title="bbox 90 1436 1856 1645">
     <span class='ocr_line' id='line_1_20' title="bbox 208 1436 1855 1485; baseline -0.004 -10"><span class='ocrx_word' id='word_1_206' title='bbox 208 1443 253 1475; x_wconf 81' lang='lat' dir='ltr'>In</span> <span class='ocrx_word' id='word_1_207' title='bbox 287 1443 466 1475; x_wconf 71' lang='lat' dir='ltr'>chronicis</span> <span class='ocrx_word' id='word_1_208' title='bbox 500 1442 709 1485; x_wconf 73' lang='lat' dir='ltr'>quibusdam</span> <span class='ocrx_word' id='word_1_209' title='bbox 746 1441 884 1474; x_wconf 75' lang='lat' dir='ltr'>saeculo</span> <span class='ocrx_word' id='word_1_210' title='bbox 910 1440 1030 1473; x_wconf 87' lang='lat' dir='ltr'><em>XVII.</em></span> <span class='ocrx_word' id='word_1_211' title='bbox 1066 1440 1211 1482; x_wconf 77' lang='lat' dir='ltr'>scriptis</span> <span class='ocrx_word' id='word_1_212' title='bbox 1245 1443 1448 1471; x_wconf 71' lang='lat' dir='ltr'>narratur:</span> <span class='ocrx_word' id='word_1_213' title='bbox 1485 1437 1669 1471; x_wconf 71' lang='lat' dir='ltr'>Canisicmz</span> <span class='ocrx_word' id='word_1_214' title='bbox 1707 1436 1855 1469; x_wconf 76' lang='lat' dir='ltr'>Colonia</span> 
     </span>
     <span class='ocr_line' id='line_1_21' title="bbox 90 1489 1856 1538; baseline -0.005 -9"><span class='ocrx_word' id='word_1_215' title='bbox 90 1496 342 1538; x_wconf 68' lang='lat' dir='ltr'>Noviomafswn</span> <span class='ocrx_word' id='word_1_216' title='bbox 380 1500 513 1528; x_wconf 70' lang='lat' dir='ltr'>euntem</span> <span class='ocrx_word' id='word_1_217' title='bbox 546 1507 613 1538; x_wconf 76' lang='lat' dir='ltr'>per</span> <span class='ocrx_word' id='word_1_218' title='bbox 638 1495 947 1528; x_wconf 76' lang='lat' dir='ltr'>Mare&#39;aearborem</span> <span class='ocrx_word' id='word_1_219' title='bbox 987 1493 1279 1535; x_wconf 71' lang='lat' dir='ltr'>(Marienbamn.)</span> <span class='ocrx_word' id='word_1_220' title='bbox 1307 1493 1501 1532; x_wconf 77' lang='lat' dir='ltr'>transisse;</span> <span class='ocrx_word' id='word_1_221' title='bbox 1536 1491 1586 1523; x_wconf 72' lang='lat' dir='ltr'>ibi</span> <span class='ocrx_word' id='word_1_222' title='bbox 1620 1491 1651 1523; x_wconf 80' lang='lat' dir='ltr'>ei</span> <span class='ocrx_word' id='word_1_223' title='bbox 1679 1489 1856 1531; x_wconf 67' lang='lat' dir='ltr'>plurimos</span> 
     </span>
     <span class='ocr_line' id='line_1_22' title="bbox 91 1544 1856 1590; baseline -0.005 -8"><span class='ocrx_word' id='word_1_224' title='bbox 91 1551 182 1583; x_wconf 75' lang='lat' dir='ltr'>visos</span> <span class='ocrx_word' id='word_1_225' title='bbox 208 1560 276 1582; x_wconf 83' lang='lat' dir='ltr'>esse</span> <span class='ocrx_word' id='word_1_226' title='bbox 310 1550 494 1582; x_wconf 79' lang='lat' dir='ltr'>daemones</span> <span class='ocrx_word' id='word_1_227' title='bbox 528 1553 612 1581; x_wconf 79' lang='lat' dir='ltr'>tecto</span> <span class='ocrx_word' id='word_1_228' title='bbox 647 1549 855 1581; x_wconf 72' lang='lat' dir='ltr'>monasterii</span> <span class='ocrx_word' id='word_1_229' title='bbox 890 1548 1076 1590; x_wconf 63' lang='lat' dir='ltr'>bivyittani</span> <span class='ocrx_word' id='word_1_230' title='bbox 1109 1546 1309 1586; x_wconf 73' lang='lat' dir='ltr'>insidentes,</span> <span class='ocrx_word' id='word_1_231' title='bbox 1347 1549 1450 1588; x_wconf 73' lang='lat' dir='ltr'>atque</span> <span class='ocrx_word' id='word_1_232' title='bbox 1484 1555 1528 1577; x_wconf 76' lang='lat' dir='ltr'>ex</span> <span class='ocrx_word' id='word_1_233' title='bbox 1561 1555 1600 1577; x_wconf 83' lang='lat' dir='ltr'>ea</span> <span class='ocrx_word' id='word_1_234' title='bbox 1634 1544 1746 1586; x_wconf 69' lang='lat' dir='ltr'>speeie</span> <span class='ocrx_word' id='word_1_235' title='bbox 1779 1554 1856 1576; x_wconf 73' lang='lat' dir='ltr'>eum</span> 
     </span>
     <span class='ocr_line' id='line_1_23' title="bbox 90 1602 900 1645; baseline -0.002 -10"><span class='ocrx_word' id='word_1_236' title='bbox 90 1603 298 1636; x_wconf 75' lang='lat' dir='ltr'>monasterii</span> <span class='ocrx_word' id='word_1_237' title='bbox 322 1603 423 1635; x_wconf 71' lang='lat' dir='ltr'>illius</span> <span class='ocrx_word' id='word_1_238' title='bbox 447 1603 667 1635; x_wconf 70' lang='lat' dir='ltr'>sanctitatem</span> <span class='ocrx_word' id='word_1_239' title='bbox 695 1602 900 1645; x_wconf 66' lang='lat' dir='ltr'>eoqnovisse.</span> 
     </span>
    </p>
   </div>
   <div class='ocr_carea' id='block_1_7' title="bbox 90 1674 1862 2967">
    <p class='ocr_par' dir='ltr' id='par_1_8' title="bbox 90 1674 1860 2251">
     <span class='ocr_line' id='line_1_24' title="bbox 213 1674 1858 1732; baseline -0.005 -10"><span class='ocrx_word' id='word_1_240' title='bbox 213 1680 367 1722; x_wconf 68' lang='lat' dir='ltr'>Exstat</span> <span class='ocrx_word' id='word_1_241' title='bbox 411 1680 551 1720; x_wconf 64' lang='lat' dir='ltr'>Codex</span> <span class='ocrx_word' id='word_1_242' title='bbox 596 1681 639 1720; x_wconf 77' lang='lat' dir='ltr'>in</span> <span class='ocrx_word' id='word_1_243' title='bbox 684 1681 739 1731; x_wconf 71' lang='lat'>4⁰,</span> <span class='ocrx_word' id='word_1_244' title='bbox 788 1680 847 1720; x_wconf 79' lang='lat' dir='ltr'>sie</span> <span class='ocrx_word' id='word_1_245' title='bbox 891 1679 1145 1732; x_wconf 58' lang='lat' dir='ltr'>inscriptus:</span> <span class='ocrx_word' id='word_1_246' title='bbox 1192 1677 1352 1729; x_wconf 75' lang='lat' dir='ltr'>„Breve</span> <span class='ocrx_word' id='word_1_247' title='bbox 1398 1677 1631 1717; x_wconf 75' lang='lat' dir='ltr'>Chronicon</span> <span class='ocrx_word' id='word_1_248' title='bbox 1681 1674 1858 1716; x_wconf 64' lang='lat' dir='ltr'>Ordinis</span> 
     </span>
     <span class='ocr_line' id='line_1_25' title="bbox 92 1740 1859 1799; baseline -0.004 -12"><span class='ocrx_word' id='word_1_249' title='bbox 92 1747 350 1787; x_wconf 72' lang='lat' dir='ltr'>sanctissimi</span> <span class='ocrx_word' id='word_1_250' title='bbox 391 1746 628 1787; x_wconf 70' lang='lat' dir='ltr'>Salvatoris</span> <span class='ocrx_word' id='word_1_251' title='bbox 668 1746 786 1799; x_wconf 33' lang='lat' dir='ltr'>vztlnqo</span> <span class='ocrx_word' id='word_1_252' title='bbox 829 1745 1009 1785; x_wconf 75' lang='lat' dir='ltr'>Sanctae</span> <span class='ocrx_word' id='word_1_253' title='bbox 1051 1742 1318 1797; x_wconf 58' lang='lat' dir='ltr'>Bit-yittae“;</span> <span class='ocrx_word' id='word_1_254' title='bbox 1357 1742 1430 1796; x_wconf 73' lang='lat' dir='ltr'>qui</span> <span class='ocrx_word' id='word_1_255' title='bbox 1464 1741 1603 1782; x_wconf 74' lang='lat' dir='ltr'>Codex</span> <span class='ocrx_word' id='word_1_256' title='bbox 1637 1740 1859 1781; x_wconf 79' lang='lat' dir='ltr'>Calcariae</span> 
     </span>
     <span class='ocr_line' id='line_1_26' title="bbox 94 1804 1859 1864; baseline -0.004 -12"><span class='ocrx_word' id='word_1_257' title='bbox 94 1810 282 1864; x_wconf 72' lang='lat' dir='ltr'>(calcar,</span> <span class='ocrx_word' id='word_1_258' title='bbox 326 1812 368 1851; x_wconf 46' lang='lat' dir='ltr'>‘in</span> <span class='ocrx_word' id='word_1_259' title='bbox 405 1810 614 1851; x_wconf 53' lang='lat' dir='ltr'>Boi-assia</span> <span class='ocrx_word' id='word_1_260' title='bbox 657 1809 871 1860; x_wconf 58' lang='lat' dir='ltr'>rhenano)</span> <span class='ocrx_word' id='word_1_261' title='bbox 913 1810 957 1849; x_wconf 76' lang='lat' dir='ltr'>in</span> <span class='ocrx_word' id='word_1_262' title='bbox 999 1808 1251 1849; x_wconf 76' lang='lat' dir='ltr'>monasterio</span> <span class='ocrx_word' id='word_1_263' title='bbox 1290 1807 1517 1860; x_wconf 70' lang='lat' dir='ltr'>biryittano</span> <span class='ocrx_word' id='word_1_264' title='bbox 1562 1805 1759 1857; x_wconf 71' lang='lat' dir='ltr'>„Mariae</span> <span class='ocrx_word' id='word_1_265' title='bbox 1801 1804 1859 1845; x_wconf 83' lang='lat' dir='ltr'>ad</span> 
     </span>
     <span class='ocr_line' id='line_1_27' title="bbox 90 1870 1859 1929; baseline -0.003 -12"><span class='ocrx_word' id='word_1_266' title='bbox 90 1874 262 1929; x_wconf 76' lang='lat' dir='ltr'>florem“</span> <span class='ocrx_word' id='word_1_267' title='bbox 307 1877 391 1916; x_wconf 75' lang='lat' dir='ltr'>sive</span> <span class='ocrx_word' id='word_1_268' title='bbox 432 1875 574 1916; x_wconf 79' lang='lat' dir='ltr'>Floris</span> <span class='ocrx_word' id='word_1_269' title='bbox 615 1875 785 1916; x_wconf 71' lang='lat' dir='ltr'>Mariae</span> <span class='ocrx_word' id='word_1_270' title='bbox 827 1872 1173 1925; x_wconf 52' lang='lat' dir='ltr'>(Mai-ienbloem)</span> <span class='ocrx_word' id='word_1_271' title='bbox 1216 1886 1241 1912; x_wconf 82' lang='grc' dir='ltr'><em>α</em></span> <span class='ocrx_word' id='word_1_272' title='bbox 1281 1871 1497 1912; x_wconf 71' lang='lat' dir='ltr'>monachis</span> <span class='ocrx_word' id='word_1_273' title='bbox 1538 1872 1651 1912; x_wconf 69' lang='lat' dir='ltr'>illius</span> <span class='ocrx_word' id='word_1_274' title='bbox 1692 1870 1859 1911; x_wconf 71' lang='lat' dir='ltr'>ordinis</span> 
     </span>
     <span class='ocr_line' id='line_1_28' title="bbox 92 1933 1858 1990; baseline -0.005 -8"><span class='ocrx_word' id='word_1_275' title='bbox 92 1941 256 1982; x_wconf 75' lang='lat' dir='ltr'>saeculo</span> <span class='ocrx_word' id='word_1_276' title='bbox 289 1939 432 1982; x_wconf 86' lang='lat' dir='ltr'><em>XVII.</em></span> <span class='ocrx_word' id='word_1_277' title='bbox 467 1940 685 1981; x_wconf 72' lang='lat' dir='ltr'>incohatas</span> <span class='ocrx_word' id='word_1_278' title='bbox 729 1943 798 1980; x_wconf 77' lang='lat' dir='ltr'>est.</span> <span class='ocrx_word' id='word_1_279' title='bbox 861 1939 914 1979; x_wconf 76' lang='lat' dir='ltr'>In</span> <span class='ocrx_word' id='word_1_280' title='bbox 957 1952 998 1979; x_wconf 81' lang='lat' dir='ltr'>eo</span> <span class='ocrx_word' id='word_1_281' title='bbox 1034 1938 1180 1979; x_wconf 77' lang='lat' dir='ltr'>Codice</span> <span class='ocrx_word' id='word_1_282' title='bbox 1210 1936 1263 1989; x_wconf 84' lang='lat' dir='ltr'>(f.</span> <span class='ocrx_word' id='word_1_283' title='bbox 1298 1951 1380 1978; x_wconf 67' lang='lat' dir='ltr'>ozon</span> <span class='ocrx_word' id='word_1_284' title='bbox 1413 1937 1535 1990; x_wconf 68' lang='lat' dir='ltr'>siqu.7</span> <span class='ocrx_word' id='word_1_285' title='bbox 1579 1936 1624 1976; x_wconf 73' lang='lat' dir='ltr'>in</span> <span class='ocrx_word' id='word_1_286' title='bbox 1656 1933 1858 1983; x_wconf 76' lang='lat' dir='ltr'>a.1565)</span> 
     </span>
     <span class='ocr_line' id='line_1_29' title="bbox 96 2001 1859 2060; baseline -0.004 -13"><span class='ocrx_word' id='word_1_287' title='bbox 96 2006 146 2047; x_wconf 80' lang='lat' dir='ltr'>ab</span> <span class='ocrx_word' id='word_1_288' title='bbox 179 2007 401 2060; x_wconf 69' lang='lat' dir='ltr'>Anonymo</span> <span class='ocrx_word' id='word_1_289' title='bbox 442 2006 525 2053; x_wconf 70' lang='lat' dir='ltr'>illo,</span> <span class='ocrx_word' id='word_1_290' title='bbox 569 2006 642 2059; x_wconf 71' lang='lat' dir='ltr'>(sui</span> <span class='ocrx_word' id='word_1_291' title='bbox 682 2004 782 2045; x_wconf 75' lang='lat' dir='ltr'>libri</span> <span class='ocrx_word' id='word_1_292' title='bbox 823 2004 1019 2045; x_wconf 62' lang='lat' dir='ltr'>titulzmst</span> <span class='ocrx_word' id='word_1_293' title='bbox 1050 2004 1219 2057; x_wconf 69' lang='lat' dir='ltr'>scripsit</span> <span class='ocrx_word' id='word_1_294' title='bbox 1260 2007 1295 2043; x_wconf 75' lang='lat' dir='ltr'>et</span> <span class='ocrx_word' id='word_1_295' title='bbox 1336 2002 1504 2042; x_wconf 75' lang='lat' dir='ltr'>ordinis</span> <span class='ocrx_word' id='word_1_296' title='bbox 1545 2001 1779 2052; x_wconf 70' lang='lat' dir='ltr'>historiam,</span> <span class='ocrx_word' id='word_1_297' title='bbox 1821 2001 1859 2040; x_wconf 85' lang='lat' dir='ltr'>si</span> 
     </span>
     <span class='ocr_line' id='line_1_30' title="bbox 93 2065 1860 2125; baseline -0.005 -13"><span class='ocrx_word' id='word_1_298' title='bbox 93 2085 178 2112; x_wconf 73' lang='lat' dir='ltr'>non</span> <span class='ocrx_word' id='word_1_299' title='bbox 219 2072 404 2125; x_wconf 69' lang='lat' dir='ltr'>Zonqius,</span> <span class='ocrx_word' id='word_1_300' title='bbox 449 2075 554 2110; x_wconf 76' lang='lat' dir='ltr'>certe</span> <span class='ocrx_word' id='word_1_301' title='bbox 594 2083 725 2124; x_wconf 71' lang='lat' dir='ltr'>usque</span> <span class='ocrx_word' id='word_1_302' title='bbox 767 2069 824 2109; x_wconf 79' lang='lat' dir='ltr'>ad</span> <span class='ocrx_word' id='word_1_303' title='bbox 867 2083 906 2110; x_wconf 82' lang='grc' dir='ltr'>α.</span> <span class='ocrx_word' id='word_1_304' title='bbox 939 2069 1053 2109; x_wconf 78' lang='grc'>1689</span> <span class='ocrx_word' id='word_1_305' title='bbox 1091 2068 1299 2122; x_wconf 75' lang='lat' dir='ltr'>provexit,</span> <span class='ocrx_word' id='word_1_306' title='bbox 1342 2067 1443 2108; x_wconf 76' lang='lat' dir='ltr'>haee</span> <span class='ocrx_word' id='word_1_307' title='bbox 1484 2070 1628 2107; x_wconf 70' lang='lat' dir='ltr'>notata</span> <span class='ocrx_word' id='word_1_308' title='bbox 1669 2069 1766 2105; x_wconf 73' lang='lat' dir='ltr'>sunt</span> <span class='ocrx_word' id='word_1_309' title='bbox 1808 2065 1860 2105; x_wconf 80' lang='lat' dir='ltr'>de</span> 
     </span>
     <span class='ocr_line' id='line_1_31' title="bbox 94 2129 1857 2188; baseline -0.004 -11"><span class='ocrx_word' id='word_1_310' title='bbox 94 2137 347 2177; x_wconf 74' lang='lat' dir='ltr'>monasterio</span> <span class='ocrx_word' id='word_1_311' title='bbox 381 2135 606 2188; x_wconf 65' lang='lat' dir='ltr'>biiyz&#39;ttfflzo</span> <span class='ocrx_word' id='word_1_312' title='bbox 628 2135 808 2175; x_wconf 70' lang='lat' dir='ltr'>Arboris</span> <span class='ocrx_word' id='word_1_313' title='bbox 832 2134 1063 2175; x_wconf 71' lang='lat' dir='ltr'>Marianae</span> <span class='ocrx_word' id='word_1_314' title='bbox 1094 2134 1179 2174; x_wconf 77' lang='lat' dir='ltr'>sive</span> <span class='ocrx_word' id='word_1_315' title='bbox 1202 2132 1489 2173; x_wconf 71' lang='lat' dir='ltr'>Morienboom</span> <span class='ocrx_word' id='word_1_316' title='bbox 1521 2129 1857 2181; x_wconf 73' lang='lat' dir='ltr'>(Mare&#39;enbaum,</span> 
     </span>
     <span class='ocr_line' id='line_1_32' title="bbox 93 2200 907 2251; baseline -0.002 -9"><span class='ocrx_word' id='word_1_317' title='bbox 93 2215 207 2242; x_wconf 70' lang='lat' dir='ltr'>manc</span> <span class='ocrx_word' id='word_1_318' title='bbox 239 2202 353 2242; x_wconf 77' lang='lat' dir='ltr'>vicus</span> <span class='ocrx_word' id='word_1_319' title='bbox 385 2200 617 2241; x_wconf 79' lang='lat' dir='ltr'>Borussiae</span> <span class='ocrx_word' id='word_1_320' title='bbox 650 2200 907 2251; x_wconf 74' lang='lat' dir='ltr'>rhenanae).-</span> 
     </span>
    </p>

    <p class='ocr_par' dir='ltr' id='par_1_9' title="bbox 94 2259 1859 2449">
     <span class='ocr_line' id='line_1_33' title="bbox 214 2259 1858 2318; baseline -0.004 -12"><span class='ocrx_word' id='word_1_321' title='bbox 214 2264 340 2306; x_wconf 91' lang='lat' dir='ltr'>Anno</span> <span class='ocrx_word' id='word_1_322' title='bbox 385 2266 497 2305; x_wconf 80' lang='lat'>1565</span> <span class='ocrx_word' id='word_1_323' title='bbox 523 2299 530 2306; x_wconf 93' lang='lat'>.</span> <span class='ocrx_word' id='word_1_324' title='bbox 555 2267 705 2318; x_wconf 88' lang='lat' dir='ltr'>petrus</span> <span class='ocrx_word' id='word_1_325' title='bbox 746 2263 943 2305; x_wconf 87' lang='lat' dir='ltr'>Canisius</span> <span class='ocrx_word' id='word_1_326' title='bbox 985 2277 1007 2304; x_wconf 92' lang='lat' dir='ltr'>e</span> <span class='ocrx_word' id='word_1_327' title='bbox 1050 2263 1090 2305; x_wconf 76' lang='lat' dir='ltr'>S.</span> <span class='ocrx_word' id='word_1_328' title='bbox 1120 2262 1160 2304; x_wconf 82' lang='lat' dir='ltr'>J.</span> <span class='ocrx_word' id='word_1_329' title='bbox 1193 2262 1420 2313; x_wconf 85' lang='lat' dir='ltr'>Neomago</span> <span class='ocrx_word' id='word_1_330' title='bbox 1461 2260 1680 2302; x_wconf 90' lang='lat' dir='ltr'>Coloniam</span> <span class='ocrx_word' id='word_1_331' title='bbox 1722 2259 1858 2301; x_wconf 81' lang='lat' dir='ltr'>redux</span> 
     </span>
     <span class='ocr_line' id='line_1_34' title="bbox 94 2324 1859 2382; baseline -0.004 -10"><span class='ocrx_word' id='word_1_332' title='bbox 94 2333 260 2373; x_wconf 86' lang='lat' dir='ltr'>tectum</span> <span class='ocrx_word' id='word_1_333' title='bbox 293 2329 515 2372; x_wconf 84' lang='lat' dir='ltr'>Marianae</span> <span class='ocrx_word' id='word_1_334' title='bbox 548 2328 728 2370; x_wconf 86' lang='lat' dir='ltr'>Arboris</span> <span class='ocrx_word' id='word_1_335' title='bbox 769 2329 942 2382; x_wconf 90' lang='lat' dir='ltr'>plenum</span> <span class='ocrx_word' id='word_1_336' title='bbox 986 2327 1265 2370; x_wconf 85' lang='lat' dir='ltr'>daemonibus</span> <span class='ocrx_word' id='word_1_337' title='bbox 1298 2326 1462 2376; x_wconf 88' lang='lat' dir='ltr'>videns,</span> <span class='ocrx_word' id='word_1_338' title='bbox 1505 2325 1547 2366; x_wconf 90' lang='lat' dir='ltr'>id</span> <span class='ocrx_word' id='word_1_339' title='bbox 1585 2324 1676 2366; x_wconf 89' lang='lat' dir='ltr'>eius</span> <span class='ocrx_word' id='word_1_340' title='bbox 1707 2325 1859 2366; x_wconf 91' lang='lat' dir='ltr'>Mona-</span> 
     </span>
     <span class='ocr_line' id='line_1_35' title="bbox 95 2391 1509 2449; baseline -0.003 -12"><span class='ocrx_word' id='word_1_341' title='bbox 95 2395 216 2449; x_wconf 85' lang='lat' dir='ltr'>sterij</span> <span class='ocrx_word' id='word_1_342' title='bbox 250 2394 475 2436; x_wconf 85' lang='lat' dir='ltr'>sanctitati</span> <span class='ocrx_word' id='word_1_343' title='bbox 507 2393 728 2443; x_wconf 88' lang='lat' dir='ltr'>adscribit,</span> <span class='ocrx_word' id='word_1_344' title='bbox 763 2393 876 2446; x_wconf 88' lang='lat' dir='ltr'>quod</span> <span class='ocrx_word' id='word_1_345' title='bbox 907 2395 975 2435; x_wconf 89' lang='lat' dir='ltr'>tot</span> <span class='ocrx_word' id='word_1_346' title='bbox 1006 2393 1188 2434; x_wconf 90' lang='lat' dir='ltr'>haberet</span> <span class='ocrx_word' id='word_1_347' title='bbox 1219 2391 1509 2433; x_wconf 63' lang='lat' dir='ltr'>insidiatores</span> 
     </span>
    </p>

    <p class='ocr_par' dir='ltr' id='par_1_10' title="bbox 96 2456 1862 2967">
     <span class='ocr_line' id='line_1_36' title="bbox 214 2456 1859 2514; baseline -0.004 -13"><span class='ocrx_word' id='word_1_348' title='bbox 214 2461 392 2513; x_wconf 76' lang='lat' dir='ltr'>Eadem,</span> <span class='ocrx_word' id='word_1_349' title='bbox 434 2461 569 2514; x_wconf 69' lang='lat' dir='ltr'>maqis</span> <span class='ocrx_word' id='word_1_350' title='bbox 609 2464 748 2501; x_wconf 74' lang='lat' dir='ltr'>tamen</span> <span class='ocrx_word' id='word_1_351' title='bbox 789 2460 1048 2513; x_wconf 68' lang='lat' dir='ltr'>sinqillatim,</span> <span class='ocrx_word' id='word_1_352' title='bbox 1091 2457 1338 2511; x_wconf 73' lang='lat' dir='ltr'>referuntur</span> <span class='ocrx_word' id='word_1_353' title='bbox 1380 2458 1425 2497; x_wconf 74' lang='lat' dir='ltr'>in</span> <span class='ocrx_word' id='word_1_354' title='bbox 1467 2456 1601 2497; x_wconf 72' lang='lat' dir='ltr'>libello</span> <span class='ocrx_word' id='word_1_355' title='bbox 1642 2456 1751 2509; x_wconf 74' lang='lat' dir='ltr'>typis</span> <span class='ocrx_word' id='word_1_356' title='bbox 1793 2468 1859 2495; x_wconf 76' lang='lat' dir='ltr'>ex-</span> 
     </span>
     <span class='ocr_line' id='line_1_37' title="bbox 96 2520 1861 2581; baseline -0.005 -14"><span class='ocrx_word' id='word_1_357' title='bbox 96 2528 274 2581; x_wconf 72' lang='lat' dir='ltr'>scripto:</span> <span class='ocrx_word' id='word_1_358' title='bbox 310 2526 527 2577; x_wconf 70' lang='lat' dir='ltr'>„Historie</span> <span class='ocrx_word' id='word_1_359' title='bbox 558 2539 641 2566; x_wconf 72' lang='lat' dir='ltr'>vcm</span> <span class='ocrx_word' id='word_1_360' title='bbox 665 2524 991 2566; x_wconf 74' lang='grc' dir='ltr'><em>Μανῖεη-Βοωη</em></span> <span class='ocrx_word' id='word_1_361' title='bbox 1016 2557 1024 2565; x_wconf 94' lang='grc'><strong>.</strong></span> <span class='ocrx_word' id='word_1_362' title='bbox 1052 2558 1059 2565; x_wconf 92' lang='grc'><em>.</em></span> <span class='ocrx_word' id='word_1_363' title='bbox 1086 2558 1094 2565; x_wconf 93' lang='grc'><strong>.</strong></span> <span class='ocrx_word' id='word_1_364' title='bbox 1123 2522 1347 2577; x_wconf 67' lang='lat' dir='ltr'>Opyesoclzt</span> <span class='ocrx_word' id='word_1_365' title='bbox 1378 2536 1428 2563; x_wconf 72' lang='lat' dir='ltr'>en</span> <span class='ocrx_word' id='word_1_366' title='bbox 1461 2522 1607 2576; x_wconf 70' lang='lat' dir='ltr'>by-een.</span> <span class='ocrx_word' id='word_1_367' title='bbox 1632 2520 1861 2573; x_wconf 72' lang='lat' dir='ltr'>I&#39;e›·9adert</span> 
     </span>
     <span class='ocr_line' id='line_1_38' title="bbox 99 2585 1860 2639; baseline -0.005 -6"><span class='ocrx_word' id='word_1_368' title='bbox 99 2593 202 2633; x_wconf 74' lang='lat' dir='ltr'>door</span> <span class='ocrx_word' id='word_1_369' title='bbox 244 2592 294 2633; x_wconf 85' lang='lat' dir='ltr'>P:</span> <span class='ocrx_word' id='word_1_370' title='bbox 325 2591 376 2632; x_wconf 75' lang='lat' dir='ltr'>F.-</span> <span class='ocrx_word' id='word_1_371' title='bbox 409 2592 461 2632; x_wconf 79' lang='lat' dir='ltr'>G:</span> <span class='ocrx_word' id='word_1_372' title='bbox 500 2604 580 2631; x_wconf 68' lang='lat' dir='ltr'>vau</span> <span class='ocrx_word' id='word_1_373' title='bbox 625 2590 829 2631; x_wconf 79' lang='lat' dir='ltr'>Glzerwen</span> <span class='ocrx_word' id='word_1_374' title='bbox 874 2589 976 2631; x_wconf 74' lang='lat' dir='ltr'>Ord.</span> <span class='ocrx_word' id='word_1_375' title='bbox 1011 2590 1087 2631; x_wconf 84' lang='lat' dir='ltr'>SS.</span> <span class='ocrx_word' id='word_1_376' title='bbox 1123 2588 1377 2638; x_wconf 47' lang='lat' dir='ltr'>salvatoris,</span> <span class='ocrx_word' id='word_1_377' title='bbox 1423 2588 1533 2627; x_wconf 70' lang='lat' dir='ltr'>alias</span> <span class='ocrx_word' id='word_1_378' title='bbox 1575 2586 1618 2627; x_wconf 80' lang='lat' dir='ltr'>S.</span> <span class='ocrx_word' id='word_1_379' title='bbox 1652 2585 1860 2639; x_wconf 66' lang='lat' dir='ltr'>Biryittae</span> 
     </span>
     <span class='ocr_line' id='line_1_39' title="bbox 97 2649 1859 2709; baseline -0.005 -11"><span class='ocrx_word' id='word_1_380' title='bbox 97 2657 295 2698; x_wconf 75' lang='lat' dir='ltr'>Priester.</span> <span class='ocrx_word' id='word_1_381' title='bbox 351 2656 399 2696; x_wconf 81' lang='lat' dir='ltr'>In</span> <span class='ocrx_word' id='word_1_382' title='bbox 435 2656 499 2696; x_wconf 70' lang='lat' dir='ltr'>leet</span> <span class='ocrx_word' id='word_1_383' title='bbox 531 2655 663 2708; x_wconf 82' lang='lat' dir='ltr'>selfde</span> <span class='ocrx_word' id='word_1_384' title='bbox 698 2654 892 2695; x_wconf 81' lang='lat' dir='ltr'>Klooster</span> <span class='ocrx_word' id='word_1_385' title='bbox 922 2654 1191 2709; x_wconf 71' lang='lat' dir='ltr'>yeprofessyt.</span> <span class='ocrx_word' id='word_1_386' title='bbox 1251 2653 1324 2694; x_wconf 76' lang='lat' dir='ltr'>Tot</span> <span class='ocrx_word' id='word_1_387' title='bbox 1356 2651 1548 2703; x_wconf 67' lang='lat' dir='ltr'>Embrilr,</span> <span class='ocrx_word' id='word_1_388' title='bbox 1586 2649 1739 2691; x_wconf 55' lang='lat' dir='ltr'><strong><em>1711ss</em></strong></span> <span class='ocrx_word' id='word_1_389' title='bbox 1794 2649 1859 2690; x_wconf 73' lang='lat' dir='ltr'>Ita</span> 
     </span>
     <span class='ocr_line' id='line_1_40' title="bbox 98 2717 1860 2776; baseline -0.005 -13"><span class='ocrx_word' id='word_1_390' title='bbox 98 2723 229 2776; x_wconf 71' lang='lat' dir='ltr'>iyitur</span> <span class='ocrx_word' id='word_1_391' title='bbox 252 2722 299 2762; x_wconf 77' lang='lat' dir='ltr'>P.</span> <span class='ocrx_word' id='word_1_392' title='bbox 326 2721 577 2762; x_wconf 71' lang='lat' dir='ltr'>Guile&#39;elmus</span> <span class='ocrx_word' id='word_1_393' title='bbox 610 2734 690 2760; x_wconf 77' lang='lat' dir='ltr'>van</span> <span class='ocrx_word' id='word_1_394' title='bbox 716 2719 917 2761; x_wconf 77' lang='lat' dir='ltr'>Gherwen</span> <span class='ocrx_word' id='word_1_395' title='bbox 951 2719 1022 2768; x_wconf 81' lang='lat' dir='ltr'>(P.</span> <span class='ocrx_word' id='word_1_396' title='bbox 1046 2722 1085 2760; x_wconf 64' lang='lat'>2.</span> <span class='ocrx_word' id='word_1_397' title='bbox 1114 2732 1205 2772; x_wconf 80' lang='lat' dir='ltr'>cap.</span> <span class='ocrx_word' id='word_1_398' title='bbox 1232 2717 1307 2762; x_wconf 82' lang='lat'>13)</span> <span class='ocrx_word' id='word_1_399' title='bbox 1341 2717 1391 2758; x_wconf 83' lang='lat' dir='ltr'>de</span> <span class='ocrx_word' id='word_1_400' title='bbox 1425 2717 1584 2771; x_wconf 62' lang='lat' dir='ltr'>duplice?</span> <span class='ocrx_word' id='word_1_401' title='bbox 1619 2717 1685 2757; x_wconf 75' lang='lat' dir='ltr'>illo</span> <span class='ocrx_word' id='word_1_402' title='bbox 1717 2729 1860 2755; x_wconf 80' lang='lat' dir='ltr'>mona-</span> 
     </span>
     <span class='ocr_line' id='line_1_41' title="bbox 98 2780 1861 2837; baseline -0.004 -10"><span class='ocrx_word' id='word_1_403' title='bbox 98 2788 222 2828; x_wconf 71' lang='lat' dir='ltr'>sterio</span> <span class='ocrx_word' id='word_1_404' title='bbox 245 2786 424 2827; x_wconf 72' lang='lat' dir='ltr'>Arboris</span> <span class='ocrx_word' id='word_1_405' title='bbox 448 2786 633 2836; x_wconf 73' lang='lat' dir='ltr'>Mariae,</span> <span class='ocrx_word' id='word_1_406' title='bbox 668 2785 788 2825; x_wconf 73' lang='lat' dir='ltr'>euius</span> <span class='ocrx_word' id='word_1_407' title='bbox 815 2789 905 2825; x_wconf 80' lang='lat' dir='ltr'>erat</span> <span class='ocrx_word' id='word_1_408' title='bbox 930 2782 1197 2837; x_wconf 71' lang='lat' dir='ltr'>,‚l)rofessus“</span> <span class='ocrx_word' id='word_1_409' title='bbox 1223 2781 1295 2832; x_wconf 72' lang='lat' dir='ltr'>(esc</span> <span class='ocrx_word' id='word_1_410' title='bbox 1319 2783 1506 2823; x_wconf 74' lang='lat' dir='ltr'>instituto</span> <span class='ocrx_word' id='word_1_411' title='bbox 1530 2781 1755 2835; x_wconf 72' lang='lat' dir='ltr'>birqe&#39;ttano</span> <span class='ocrx_word' id='word_1_412' title='bbox 1779 2780 1861 2821; x_wconf 85' lang='lat' dir='ltr'>duo</span> 
     </span>
     <span class='ocr_line' id='line_1_42' title="bbox 98 2843 1862 2902; baseline -0.004 -10"><span class='ocrx_word' id='word_1_413' title='bbox 98 2851 158 2892; x_wconf 77' lang='lat' dir='ltr'>ibi</span> <span class='ocrx_word' id='word_1_414' title='bbox 180 2856 301 2892; x_wconf 73' lang='lat' dir='ltr'>erant</span> <span class='ocrx_word' id='word_1_415' title='bbox 323 2851 593 2902; x_wconf 62' lang='lat' dir='ltr'>monasteria,</span> <span class='ocrx_word' id='word_1_416' title='bbox 626 2863 759 2890; x_wconf 60' lang='lat' dir='ltr'>imum</span> <span class='ocrx_word' id='word_1_417' title='bbox 781 2850 982 2902; x_wconf 72' lang='lat' dir='ltr'>virorum,</span> <span class='ocrx_word' id='word_1_418' title='bbox 1016 2849 1238 2889; x_wconf 75' lang='lat' dir='ltr'>mulierum</span> <span class='ocrx_word' id='word_1_419' title='bbox 1263 2847 1483 2898; x_wconf 75' lang='lat' dir='ltr'>altermn):</span> <span class='ocrx_word' id='word_1_420' title='bbox 1516 2845 1624 2887; x_wconf 90' lang='lat' dir='ltr'>Dien</span> <span class='ocrx_word' id='word_1_421' title='bbox 1656 2843 1862 2886; x_wconf 88' lang='lat' dir='ltr'>helschen</span> 
     </span>
     <span class='ocr_line' id='line_1_43' title="bbox 99 2911 1860 2967; baseline -0.003 -11"><span class='ocrx_word' id='word_1_422' title='bbox 99 2915 270 2956; x_wconf 85' lang='lat' dir='ltr'>Draeck</span> <span class='ocrx_word' id='word_1_423' title='bbox 416 2914 565 2956; x_wconf 90' lang='lat' dir='ltr'>sochte</span> <span class='ocrx_word' id='word_1_424' title='bbox 607 2927 660 2967; x_wconf 92' lang='lat' dir='ltr'>op</span> <span class='ocrx_word' id='word_1_425' title='bbox 703 2913 885 2966; x_wconf 86' lang='lat' dir='ltr'>allerley</span> <span class='ocrx_word' id='word_1_426' title='bbox 926 2911 1146 2954; x_wconf 89' lang='lat' dir='ltr'>manieren</span> <span class='ocrx_word' id='word_1_427' title='bbox 1190 2911 1272 2953; x_wconf 87' lang='lat' dir='ltr'>den</span> <span class='ocrx_word' id='word_1_428' title='bbox 1315 2912 1448 2952; x_wconf 91' lang='lat' dir='ltr'>Boom</span> <span class='ocrx_word' id='word_1_429' title='bbox 1493 2924 1560 2951; x_wconf 90' lang='lat' dir='ltr'>om</span> <span class='ocrx_word' id='word_1_430' title='bbox 1601 2913 1646 2952; x_wconf 89' lang='lat' dir='ltr'>te</span> <span class='ocrx_word' id='word_1_431' title='bbox 1687 2922 1860 2963; x_wconf 87' lang='lat' dir='ltr'>werpen</span> 
     </span>
    </p>
   </div>
   <div class='ocr_carea' id='block_1_8' title="bbox 105 3003 302 3006">
    <p class='ocr_par' dir='ltr' id='par_1_11' title="bbox 105 3003 302 3006">
     <span class='ocr_line' id='line_1_44' title="bbox 105 3003 302 3006; baseline 0 0"><span class='ocrx_word' id='word_1_432' title='bbox 105 3003 302 3006; x_wconf 95' lang='lat' dir='ltr'> </span> 
     </span>
    </p>
   </div>
   <div class='ocr_carea' id='block_1_9' title="bbox 99 3041 1862 3243">
    <p class='ocr_par' dir='ltr' id='par_1_12' title="bbox 222 3041 501 3076">
     <span class='ocr_line' id='line_1_45' title="bbox 222 3041 501 3076; baseline -0.007 0"><span class='ocrx_word' id='word_1_433' title='bbox 222 3043 232 3062; x_wconf 94' lang='lat'><strong>¹</strong></span> <span class='ocrx_word' id='word_1_434' title='bbox 259 3041 501 3076; x_wconf 82' lang='lat' dir='ltr'>Guilielmum.</span> 
     </span>
    </p>

    <p class='ocr_par' dir='ltr' id='par_1_13' title="bbox 99 3088 1862 3243">
     <span class='ocr_line' id='line_1_46' title="bbox 218 3088 1861 3137; baseline -0.004 -9"><span class='ocrx_word' id='word_1_435' title='bbox 218 3095 232 3115; x_wconf 76' lang='lat'><strong><em>2</em></strong></span> <span class='ocrx_word' id='word_1_436' title='bbox 259 3094 355 3128; x_wconf 89' lang='lat' dir='ltr'>Libri</span> <span class='ocrx_word' id='word_1_437' title='bbox 382 3094 521 3135; x_wconf 82' lang='lat' dir='ltr'>titulus,</span> <span class='ocrx_word' id='word_1_438' title='bbox 549 3104 654 3137; x_wconf 88' lang='lat' dir='ltr'>quem</span> <span class='ocrx_word' id='word_1_439' title='bbox 681 3104 789 3137; x_wconf 84' lang='lat' dir='ltr'>supra</span> <span class='ocrx_word' id='word_1_440' title='bbox 816 3092 929 3137; x_wconf 92' lang='lat' dir='ltr'>posui,</span> <span class='ocrx_word' id='word_1_441' title='bbox 961 3093 995 3125; x_wconf 91' lang='lat' dir='ltr'>in</span> <span class='ocrx_word' id='word_1_442' title='bbox 1022 3091 1106 3125; x_wconf 88' lang='lat' dir='ltr'>folio</span> <span class='ocrx_word' id='word_1_443' title='bbox 1133 3091 1193 3125; x_wconf 91' lang='lat' dir='ltr'>illo</span> <span class='ocrx_word' id='word_1_444' title='bbox 1220 3092 1412 3135; x_wconf 79' lang='lat' dir='ltr'>comparet,</span> <span class='ocrx_word' id='word_1_445' title='bbox 1447 3089 1539 3134; x_wconf 88' lang='lat' dir='ltr'>quod</span> <span class='ocrx_word' id='word_1_446' title='bbox 1565 3100 1659 3123; x_wconf 88' lang='lat' dir='ltr'>nunc</span> <span class='ocrx_word' id='word_1_447' title='bbox 1685 3088 1861 3122; x_wconf 86' lang='lat' dir='ltr'>decimum</span> 
     </span>
     <span class='ocr_line' id='line_1_47' title="bbox 99 3141 1862 3191; baseline -0.003 -10"><span class='ocrx_word' id='word_1_448' title='bbox 99 3147 263 3191; x_wconf 85' lang='lat' dir='ltr'>quintum</span> <span class='ocrx_word' id='word_1_449' title='bbox 292 3148 479 3191; x_wconf 85' lang='lat' dir='ltr'>(numerus</span> <span class='ocrx_word' id='word_1_450' title='bbox 514 3147 545 3180; x_wconf 91' lang='lat' dir='ltr'>ei</span> <span class='ocrx_word' id='word_1_451' title='bbox 580 3158 650 3180; x_wconf 85' lang='lat' dir='ltr'>nou</span> <span class='ocrx_word' id='word_1_452' title='bbox 686 3148 741 3180; x_wconf 87' lang='lat' dir='ltr'>est</span> <span class='ocrx_word' id='word_1_453' title='bbox 768 3146 962 3190; x_wconf 87' lang='lat' dir='ltr'>ascriptus)</span> <span class='ocrx_word' id='word_1_454' title='bbox 992 3147 1057 3186; x_wconf 76' lang='lat' dir='ltr'>est,</span> <span class='ocrx_word' id='word_1_455' title='bbox 1095 3144 1180 3178; x_wconf 87' lang='lat' dir='ltr'>olim</span> <span class='ocrx_word' id='word_1_456' title='bbox 1217 3156 1302 3177; x_wconf 80' lang='lat' dir='ltr'>vero</span> <span class='ocrx_word' id='word_1_457' title='bbox 1338 3143 1491 3188; x_wconf 86' lang='lat' dir='ltr'>primum</span> <span class='ocrx_word' id='word_1_458' title='bbox 1518 3144 1615 3183; x_wconf 82' lang='lat' dir='ltr'>erat3</span> <span class='ocrx_word' id='word_1_459' title='bbox 1650 3153 1742 3186; x_wconf 85' lang='lat' dir='ltr'>quae</span> <span class='ocrx_word' id='word_1_460' title='bbox 1769 3141 1862 3175; x_wconf 88' lang='lat' dir='ltr'>enim</span> 
     </span>
     <span class='ocr_line' id='line_1_48' title="bbox 100 3197 1420 3243; baseline -0.004 -8"><span class='ocrx_word' id='word_1_461' title='bbox 100 3212 194 3235; x_wconf 89' lang='lat' dir='ltr'>nunc</span> <span class='ocrx_word' id='word_1_462' title='bbox 220 3203 304 3235; x_wconf 86' lang='lat' dir='ltr'>sunt</span> <span class='ocrx_word' id='word_1_463' title='bbox 330 3200 389 3234; x_wconf 86' lang='lat' dir='ltr'>fol.</span> <span class='ocrx_word' id='word_1_464' title='bbox 412 3201 535 3240; x_wconf 90' lang='lat'>1—14,</span> <span class='ocrx_word' id='word_1_465' title='bbox 564 3199 758 3243; x_wconf 83' lang='lat' dir='ltr'>posteriore</span> <span class='ocrx_word' id='word_1_466' title='bbox 786 3201 946 3243; x_wconf 85' lang='lat' dir='ltr'>tempore</span> <span class='ocrx_word' id='word_1_467' title='bbox 972 3198 1007 3232; x_wconf 86' lang='lat' dir='ltr'>in</span> <span class='ocrx_word' id='word_1_468' title='bbox 1035 3197 1156 3232; x_wconf 89' lang='lat' dir='ltr'>codice</span> <span class='ocrx_word' id='word_1_469' title='bbox 1183 3198 1300 3242; x_wconf 84' lang='lat' dir='ltr'>posita</span> <span class='ocrx_word' id='word_1_470' title='bbox 1326 3201 1420 3230; x_wconf 87' lang='lat' dir='ltr'>sunt.</span> 
     </span>
    </p>
   </div>
  </div>
 </body>
</html>
