2045 3471
524 192 618 226 Mon.
639 191 707 226 692
733 191 812 226 sive
838 203 919 235 aug.
941 192 976 235 (c
991 191 1064 235 28).
1104 192 1159 226 26.
1178 191 1266 226 Maii
1287 191 1387 226 1566.
1752 192 1835 232 595

189 312 293 353 Cum
316 313 533 367 Azcyustae
564 313 610 353 in
642 312 819 352 comitiis
850 312 1020 365 imperii
1052 312 1220 353 ordines
1250 315 1524 365 protestantes
1559 311 1601 351 in
1635 311 1836 351 relatione

69 378 138 419 19.
163 376 275 418 Mati
304 378 419 419 1566
451 376 752 419 Maximiliano
775 376 834 418 II.
869 377 1115 431 imperatori
1146 376 1311 417 tradita
1343 376 1563 417 catholicos
1595 388 1753 430 quoque
1787 375 1837 415 de

68 443 249 484 hominis
282 442 575 495 iustificatione
605 442 716 482 inter
747 454 790 482 se
822 441 1044 482 dissentire
1076 440 1377 495 affirmassent,
1412 442 1642 495 imperator
1674 441 1716 481 in
1749 454 1836 491 „re-

65 505 205 561 phcffl
231 508 301 549 23.
325 507 437 548 Maia·
470 507 528 548 ad
551 520 616 548 eos
638 506 768 547 missa
791 520 832 547 se
857 507 945 547 eius
964 507 1131 559 ‚qenai-is
1154 507 1455 548 dissensionem
1477 506 1595 560 apud
1617 505 1837 547 catholicos

71 576 282 626 expertum
318 585 402 613 esse
433 572 623 626 neqavit;
662 571 700 612 si
730 571 835 625 quid
867 575 1003 612 tamen
1042 572 1113 622 „in
1145 569 1301 625 speoie“
1340 572 1398 612 ad
1430 585 1471 612 se
1505 571 1690 612 delatum
1723 574 1837 620 esset,

69 651 111 678 se
128 640 237 678 serio
254 644 527 690 provz‘surum
549 640 755 690 promisit,
779 650 831 677 ne
854 639 1107 687 discor-(ttae,
1132 650 1221 677 cum
1241 650 1347 690 pace
1365 639 1580 689 retz'qtonz's
1597 642 1838 690 anqustanu.

66 705 317 757 puynantes,
342 703 388 743 in
410 702 588 743 ecclesiis
611 701 823 742 catholicis
847 702 1131 742 tolerarentur
1147 698 1381 752 (Donawer
1403 701 1427 741 l.
1443 715 1473 741 e.
1489 702 1545 741 99
1568 699 1834 748 10'7—103).

70 765 358 808 Protestantes
381 767 512 820 iyitur
534 767 578 808 in
602 779 812 820 responSO,
837 765 946 820 quod
961 767 1031 809 26.
1046 765 1158 806 Maii
1175 766 1477 807 Maximillam
1495 765 1554 807 ΙΙ.
1580 766 1765 806 tradend
1772 779 1835 805 mn

69 835 290 883 curarunt,
320 836 491 886 praeter
514 831 602 872 alia
637 845 763 885 eaque
791 832 1010 884 „aenei-alia
1039 832 1193 885 potius7
1227 845 1352 886 qnam
1385 831 1625 886 sinyularia
1658 831 1732 871 hoe
1767 832 1835 882 „in

71 894 227 950 specie“
253 901 482 937 notarunt:
512 894 611 936 Wie
644 908 690 936 es
723 894 832 936 auch
863 894 907 936 in
940 895 1081 937 dieser
1105 895 1225 938 Statt
1246 895 1564 948 vnverborgen,
1597 908 1689 936 was
1712 894 1837 936 Cani-

70 959 159 1002 sius
187 960 559 1014 J'etztwehrenden
593 959 864 1013 Reichstags,
899 974 984 1002 von
1017 960 1114 1001 dem
1148 960 1401 1001 ffirnehmen
1434 959 1730 1014 hauptspruch
1763 959 1839 1000 der

70 1025 339 1079 promission,
374 1025 529 1067 Semen
562 1024 753 1066 mulieris
787 1027 1048 1067 conteret
1081 1026 1273 1079 caput1
1307 1025 1532 1079 serpentis,
1567 1023 1837 1079 geprediget,

70 1090 157 1132 vnd
182 1090 261 1132 wie
293 1104 340 1132 er
371 1090 547 1132 solchen
573 1089 733 1144 spruch
754 1089 874 1132 nicht
896 1090 987 1132 auff
1006 1089 1236 1140 Christum,
1270 1090 1456 1131 sondern
1490 1090 1580 1131 auff
1609 1089 1677 1131 die
1699 1089 1838 1142 Jung-

70 1154 181 1197 fraw
212 1155 396 1197 Mariam
437 1154 585 1196 ziehen
627 1154 795 1205 wellen,
840 1155 1027 1197 welches
1069 1154 1197 1204 dann,
1240 1154 1316 1196 der
1359 1154 1521 1196 Stande
1562 1154 1639 1196 der
1671 1155 1836 1207 Augsp.

71 1219 323 1262 Confession
357 1219 603 1270 versehens,
649 1219 759 1261 viele
791 1220 928 1262 vnder
970 1220 1065 1261 dem
1100 1219 1365 1261 Pabsthumb
1402 1219 1589 1273 jetziger
1619 1219 1716 1269 zeit‚
1761 1219 1838 1260 mit

67 1284 186 1338 jhme
217 1284 338 1327 nicht
370 1285 485 1338 einig
517 1299 624 1338 seyn
657 1285 846 1326 werden.

190 1364 373 1399 Contionis
399 1365 455 1399 die
481 1366 575 1399 festo
598 1365 910 1406 „Annuntiationis
928 1366 1063 1399 Beatae
1082 1365 1218 1399 Mariae
1236 1365 1412 1408 Virginis“
1436 1365 1513 1399 sive
1533 1365 1589 1399 25.
1605 1364 1726 1398 Martii
1747 1364 1837 1398 1566

72 1420 258 1460 Augustae
284 1419 320 1452 in
338 1419 472 1463 templo
490 1418 689 1452 cathedrali
707 1430 727 1453 a
747 1418 888 1452 Canisio
914 1419 1059 1453 habitae
1086 1420 1207 1452 exstat
1232 1430 1346 1462 usque
1372 1418 1488 1452 adhuc
1514 1417 1836 1452 *commentarium

71 1483 92 1505 a
119 1472 261 1506 Canisio
295 1471 469 1506 dictatum
505 1473 613 1515 atque
650 1472 762 1516 ipsius
788 1483 896 1505 manu
923 1472 1147 1514 recognitum
1184 1474 1220 1505 et
1247 1472 1473 1505 emendatum
1503 1471 1603 1515 (Cod.
1636 1471 1740 1512 „Can
1769 1470 1833 1503 27⁶

71 1524 95 1559 f.
115 1524 316 1569 44b-492).
351 1526 391 1559 In
418 1537 487 1569 quo
507 1524 690 1559 Canisius:
723 1525 863 1566 „deus“,
890 1525 1016 1569 inquit,
1048 1526 1102 1567 „in
1130 1525 1294 1569 paradiso
1321 1525 1501 1569 praedixit
1526 1524 1709 1569 serpentia
1735 1534 1837 1557 suam

72 1577 370 1612 maledictionem.
421 1578 726 1612 Jnimicitias
768 1590 932 1623 ponam
974 1578 1103 1612 inter
1145 1581 1189 1612 te
1228 1580 1273 1612 et
1311 1577 1558 1611 mulierem
1598 1579 1641 1610 et
1679 1588 1836 1610 semen

71 1636 197 1665 tuum
226 1633 270 1665 et
295 1643 451 1665 semen
479 1631 631 1665 illius.
684 1631 739 1665 Et
770 1634 819 1665 tu
845 1632 1168 1666 insidiaberis
1195 1631 1423 1665 calcaneo
1450 1631 1590 1664 eius2.
1642 1630 1697 1664 Du
1724 1637 1838 1675 wyrst

70 1684 141 1718 irer
167 1684 342 1719 verschen
370 1684 604 1728 geheischent
629 1696 718 1729 seyn
730 1685 754 1726 Ι),
781 1685 846 1719 auf
868 1685 920 1719 ire
947 1697 1075 1719 versen
1101 1684 1236 1719 lauren.
1279 1684 1371 1718 Nam
1397 1696 1441 1718 ex
1468 1684 1628 1729 historijs
1654 1683 1838 1717 Ecclesiae

71 1740 222 1779 constat,
258 1737 427 1772 Satanan]
463 1749 526 1782 per
560 1749 644 1772 suos
671 1737 854 1773 ministros
886 1741 1012 1772 contra
1040 1738 1189 1772 Mariam
1217 1749 1398 1782 pugnasse
1424 1739 1464 1771 ut
1489 1737 1587 1771 illius
1613 1737 1837 1781 dignitatem,

71 1791 322 1825 excellentiam
349 1794 386 1825 et
411 1792 584 1825 virtutem
610 1791 840 1825 obscuraretc
866 1794 901 1825 et
927 1792 1185 1825 i1nminueret.“
1233 1791 1367 1825 Deinde
1395 1791 1559 1825 Canisius
1585 1793 1719 1831 narrat,
1746 1801 1838 1834 quae

71 1844 114 1879 ab
141 1844 300 1888 antiquis
326 1844 528 1885 haereticis,
563 1846 603 1878 ut
628 1843 864 1886 Nestorianis‚
892 1845 1070 1886 Helvidio,
1106 1844 1341 1885 Marcionitis,
1379 1844 1458 1878 aliis
1485 1844 1659 1877 adversus
1685 1843 1836 1876 Mariam

71 1897 167 1932 dicta
184 1898 268 1932 sint.
304 1897 454 1932 Postea:
486 1899 541 1939 „45³
561 1897 753 1938 Fuerunt“,
780 1898 906 1942 inquit,
939 1900 994 1939 „et
1011 1900 1095 1932 sunt
1114 1900 1235 1932 nostro
1253 1900 1413 1942 tempore
1440 1897 1553 1938 multi,
1581 1897 1641 1941 qui
1652 1897 1666 1917 d
1684 1896 1836 1930 Mariam

71 1958 163 1985 none
198 1955 367 1985 maiorem
404 1950 542 1985 faciunt
576 1962 684 1996 quam
720 1951 827 1985 aliam
863 1952 1054 1985 foeminam
1091 1954 1126 1985 et
1152 1951 1290 1996 seipsos
1322 1951 1374 1985 illi
1402 1951 1592 1985 conferunt
1618 1952 1654 1984 5⁰
1681 1949 1739 1994 alij
1767 1961 1836 1983 non

71 2005 268 2039 concedunt
304 2004 452 2038 liberam
489 2016 509 2038 a
544 2007 692 2049 peccato
728 2004 870 2045 fuisses,
914 2005 984 2049 Alij
1012 2008 1148 2048 negant
1174 2007 1396 2049 assumptam
1424 2016 1503 2038 esse
1529 2004 1564 2037 in
1591 2003 1728 2037 coelum
1756 2014 1836 2036 cum

71 2058 189 2092 anima
215 2060 252 2091 et
277 2069 433 2102 corpore.
484 2058 520 2092 6Ο
546 2057 649 2091 multi
676 2059 908 2092 contemnunt
935 2058 1232 2092 consuetudinem
1258 2058 1451 2099 Ecclesiae,
1487 2058 1579 2101 quod
1607 2056 1836 2099 adiungimus

71 2112 148 2145 Aue
170 2111 286 2145 Maria
313 2111 509 2145 dominicae
535 2111 750 2156 precationi:
778 2112 877 2146 Haec
903 2114 938 2145 et
964 2111 1035 2146 alia
1061 2111 1184 2152 multa,
1211 2123 1359 2156 serpens
1386 2113 1491 2154 urget
1517 2112 1641 2144 contra
1668 2109 1835 2143 honorem

71 2164 205 2199 Beatae
230 2164 403 2208 Virginis.
455 2164 500 2198 Et
533 2164 665 2198 multos
700 2165 788 2198 facit
822 2165 947 2199 dubios
983 2177 1028 2199 an
1057 2164 1252 2199 Christiani
1289 2168 1430 2198 veteres
1466 2164 1665 2197 errauerint
1701 2163 1735 2196 in
1770 2173 1835 2196 sua

72 2217 140 2251 fide
167 2220 203 2251 et
220 2218 487 2252 consuetudine.
524 2218 646 2261 Jgitur
669 2220 768 2251 tanto
796 2218 911 2262 magis
937 2220 1079 2263 tempus
1106 2220 1226 2252 monet
1251 2219 1291 2251 ut
1308 2229 1429 2251 ueram
1449 2218 1554 2251 fidem
1573 2216 1835 2256 confirmemus,

72 2270 194 2314 Neque
221 2270 337 2304 locum
360 2271 484 2304 demus
503 2270 702 2305 Suermeris
720 2272 779 2314 qui
801 2271 835 2304 in
854 2271 999 2305 dubium
1026 2283 1121 2305 nunc
1148 2271 1264 2305 onmia
1291 2273 1470 2311 reuocant,
1498 2272 1534 2304 et
1559 2270 1675 2312 magis
1701 2268 1836 2303 uellent

70 2324 217 2358 laudare
243 2335 328 2358 suos
353 2324 547 2366 magistros
573 2326 609 2357 et
634 2324 822 2358 damnatos
850 2324 1050 2358 haereticos
1076 2335 1184 2368 quam
1212 2335 1315 2357 ueros
1342 2327 1377 2357 ct
1404 2323 1538 2357 electos
1564 2325 1719 2356 sanctos.
1762 2322 1835 2357 Nos

72 2376 247 2411 Catholici
273 2376 430 2410 breuiter
456 2377 721 2420 respondemus,
748 2377 861 2420 qu0d“
892 2380 959 2411 etc.

191 2429 258 2463 Hic
294 2429 405 2472 igitur
439 2429 642 2462 maledictio
678 2429 739 2462 illa
773 2430 893 2463 divina
920 2431 954 2463 in
980 2433 1183 2474 serpentem
1213 2430 1352 2474 prolata
1380 2429 1451 2472 (Gn
1480 2430 1510 2469 3,
1541 2430 1598 2471 15)
1628 2428 1834 2462 enuntiatur

70 2483 212 2527 quidem
240 2482 361 2516 verbis
387 2481 563 2516 versionis
593 2482 827 2525 „Vulgatae“,
854 2483 904 2517 ita
930 2487 1061 2524 tamen,
1097 2485 1136 2516 ut
1162 2483 1373 2516 omittantur
1401 2482 1509 2516 verba
1540 2481 1600 2515 illa
1630 2482 1727 2526 „ipsa
1755 2493 1833 2515 con-

70 2538 163 2570 teret
195 2537 303 2580 caput
328 2537 464 2569 tumn&
515 2534 612 2576 Quae
641 2536 749 2569 verba
785 2538 881 2569 certe
916 2536 959 2569 ad
987 2536 1031 2576 id,
1068 2536 1160 2579 quod
1189 2535 1353 2569 Canisius
1380 2536 1414 2568 in
1442 2535 1503 2568 illa
1530 2535 1705 2568 contionis
1732 2537 1833 2578 parte

71 2588 388 2624 demonstrandum
415 2588 481 2622 sibi
508 2590 752 2632 proposuerat,
779 2588 1095 2622 demonstrandum
1123 2600 1191 2621 non
1218 2587 1398 2621 valebant.
1449 2587 1572 2631 Neque
1605 2588 1637 2621 in
1665 2587 1737 2621 ulla
1763 2587 1833 2621 alia

70 2642 176 2676 huius
203 2641 446 2675 commentarii
484 2643 585 2685 parte
620 2641 730 2674 verba
770 2641 866 2685 „ipsa
901 2642 1080 2675 conteret“
1111 2643 1178 2674 etc.
1206 2640 1263 2674 vel
1302 2652 1421 2674 eorum
1458 2641 1705 2685 interpretatio
1742 2651 1832 2673 com-

72 2699 216 2740 parent,
251 2706 365 2738 neque
401 2694 544 2727 memini
584 2694 706 2727 eadem
742 2694 828 2727 mihi
866 2695 899 2728 in
936 2694 1010 2728 ulla
1036 2706 1081 2728 ex
1108 2694 1342 2734 contionibus,
1380 2705 1471 2737 quae
1503 2694 1644 2738 quidem
1681 2705 1712 2727 a.
1743 2693 1832 2728 1566

71 2751 230 2792 tempore
265 2748 490 2782 comitiorum
516 2758 536 2781 a
563 2746 704 2780 Canisio
740 2747 883 2781 habitae
918 2749 1012 2788 sunt,
1049 2747 1256 2781 occurrisse.
1308 2746 1382 2780 Nec
1417 2749 1535 2780 tamen
1568 2747 1741 2790 negarim,
1769 2746 1832 2780 Ca-

70 2801 199 2835 nisium
226 2813 268 2834 ea
303 2801 357 2834 die
384 2812 486 2835 sacro
513 2800 807 2834 Annuntiationis
844 2804 879 2834 et
904 2800 1096 2844 protulisse
1128 2803 1163 2834 et
1189 2801 1231 2833 dc
1259 2800 1372 2833 Maria
1399 2803 1494 2834 recte
1522 2800 1588 2834 dici
1617 2800 1829 2834 affirmasse.

71 2853 160 2888 Nam
187 2854 247 2887 ille
273 2854 367 2887 haud
396 2865 474 2887 raro
500 2854 603 2897 plura
629 2864 674 2886 ex
700 2855 875 2895 suggestu
902 2865 1003 2887 sacro
1031 2853 1181 2890 dicebat,
1218 2864 1324 2896 quam
1356 2864 1446 2896 quae
1477 2854 1512 2887 in
1539 2853 1713 2887 contionis
1740 2864 1830 2887 con]-

190 2929 218 2959 a)
239 2930 303 2954 Duo
325 2937 365 2954 rr.
386 2938 443 2960 sqq.
465 2930 558 2960 ipsius
579 2930 606 2953 1).
629 2936 715 2952 manu
737 2929 839 2953 addita
860 2932 936 2952 sunl.
1028 2927 1057 2954 b)
1088 2931 1230 2958 Quattuor
1258 2937 1297 2952 rr.
1317 2936 1376 2959 sqq.
1396 2929 1431 2952 ab
1459 2929 1521 2959 ipso
1543 2937 1547 2951 ι
1566 2948 1570 2952 .
1597 2937 1689 2960 supra
1717 2936 1828 2953 versum

68 2970 179 3001 scripta
198 2974 274 2995 sunt.
348 2975 372 2995 c!
396 2972 458 2995 Duo
480 2978 520 2995 vr.
541 2979 599 3001 sqq.
621 2978 638 2993 (ι
659 2972 687 2994 C.
707 2978 800 3001 supra
823 2978 936 2994 versum
955 2970 1068 3001 scripta
1087 2973 1154 2994 sient
1175 2970 1229 2999 (ita
1238 2978 1246 2993 :
1266 2971 1297 2993 et
1316 2969 1520 3001 imminuere).
1614 2970 1644 2996 d)
1666 2976 1742 3002 quac
1763 2970 1830 2994 libr.

71 3012 98 3041 e)
120 3012 153 3035 In
175 3020 270 3036 comm.
291 3013 424 3043 sequitur
444 3011 542 3042 aliter,
562 3012 651 3035 oblitt.
727 3010 756 3042 f)
778 3012 823 3035 lta
846 3013 872 3036 C.
896 3012 956 3042 ipsc
976 3011 1096 3042 scripsit
1116 3019 1206 3042 supet·
1228 3019 1268 3035 ιἰ·.
1290 3020 1305 3035 (ι
1327 3011 1392 3035 libr.
1408 3012 1535 3042 scripta:
1555 3011 1605 3043 allj
1627 3011 1739 3042 negant
1758 3017 1827 3036 eon-

71 3052 188 3084 ceptam
210 3052 273 3077 sino
295 3054 416 3085 peceato
439 3051 594 3084 originali3
617 3053 730 3077 ridetur
752 3053 843 3083 initui·
862 3053 930 3077 liam:
953 3060 992 3077 (Ψ,
1013 3053 1181 3077 oblitterare
1204 3053 1333 3077 voluis-su.

194 3181 201 3199 ¹
229 3183 283 3214 Gn
311 3182 342 3216 3.
372 3183 424 3215 15.
571 3181 584 3202 ²
614 3182 658 3215 [b.
