2045 3471
683 198 830 243 Dilinga
856 199 911 234 22.
938 198 1030 232 Iunii
1058 198 1158 232 1567.
1709 198 1792 239 497

33 323 101 363 est
123 318 276 361 Comiti
299 318 354 361 ad
372 318 720 361 Catholicismum
754 331 929 359 reuerso
945 319 958 344 1
982 316 1323 359 contionatorem
1348 316 1402 358 ad
1425 315 1590 368 aliquot
1611 329 1796 357 menses.

34 385 98 427 Ac
129 384 182 426 de
205 383 450 426 Schorichio
479 383 661 436 quidem,
697 383 816 424 cuius
849 382 1062 424 desiderio
1095 381 1232 423 nostri
1264 395 1349 422 non
1381 383 1634 434 tanguntur,
1668 394 1798 434 saepe

33 449 186 503 scripsi
208 463 258 490 ac
280 448 424 490 monui
440 449 468 491 2.
522 449 616 490 Hoc
648 448 802 490 addam
828 447 879 489 de
902 447 1113 501 Principe,
1148 446 1223 487 uix
1254 460 1442 499 unquam
1474 446 1594 487 illum
1626 447 1799 487 nostros

35 514 279 563 admittere,
322 516 367 555 et
407 512 499 554 eius
541 527 637 554 esse
675 512 851 566 ingenij,
895 514 944 554 vt
975 525 1060 553 non
1093 511 1220 553 facile
1253 510 1369 553 sinat
1401 510 1532 552 eximi
1564 510 1644 551 sibi
1676 524 1798 552 suam

34 593 163 632 quam
195 578 328 620 semel
362 578 587 631 amplexus
620 580 699 627 est,
734 577 1153 631 opinionem.eoque
1175 575 1310 617 metui
1330 575 1448 617 illum
1473 589 1498 616 a
1521 574 1798 629 Consiliarijs,

35 643 106 697 qui
148 642 238 684 eius
270 642 485 684 voluntati
528 656 613 683 non
655 641 799 684 ausint
840 654 1097 695 repugnare,
1141 642 1185 682 et
1226 639 1296 692 qui
1338 641 1516 681 monent
1557 639 1701 690 etiam,
1744 653 1799 680 ne

34 708 162 750 facile
193 721 271 749 nos
297 720 540 760 repugnare
563 706 757 757 uelimus,
791 706 980 748 molliter
1011 705 1131 747 illum
1165 718 1259 747 esse
1291 704 1581 754 tractandum,
1616 707 1697 746 ete.

155 771 402 814 Celebrauit
435 771 654 824 synodum
687 785 808 813 suam
842 769 1244 812 Reuerendissimus
1276 769 1357 811 hac
1389 770 1483 811 tota
1517 769 1608 810 fere
1639 768 1801 810 hebdo-

36 838 175 888 mada,
210 839 255 879 et
286 851 370 878 non
402 836 494 878 sine
527 849 685 889 magno
718 836 866 877 labore
898 838 989 877 tum
1023 849 1113 885 suo,
1147 838 1239 877 tum
1272 837 1420 876 nostro
1454 833 1640 876 confecit
1672 847 1801 888 prae-

36 903 161 957 cipua
202 915 420 955 quaeque,
464 903 512 943 ut
553 914 775 955 speremus
817 914 872 942 ex
914 915 965 943 ea
1006 901 1194 942 fructum
1237 899 1422 952 aliquem
1464 898 1800 948 reformationis,

36 982 165 1021 quam
198 967 310 1008 idem
333 965 736 1008 Reuerendissimus
767 965 809 1007 111
843 980 889 1007 se
922 979 1090 1018 quoque
1122 964 1208 1007 iam
1240 964 1372 1006 ordiri
1405 963 1598 1005 decreuit
1612 964 1641 1006 3.
1694 963 1801 1005 Pro-

36 1032 267 1075 fectionem
300 1045 439 1073 meam
472 1031 580 1073 haec
611 1030 801 1083 synodus
834 1033 1055 1072 remorata
1087 1032 1176 1071 est:
1216 1043 1342 1083 spero
1375 1031 1519 1071 autem
1552 1043 1620 1070 me
1651 1028 1802 1082 paucis

37 1101 136 1152 post
168 1097 340 1138 diebus⁸
372 1096 456 1137 imo
490 1096 570 1137 hoc
601 1095 694 1149 ipso
728 1095 796 1136 die
830 1095 1095 1149 Herbipolim
1140 1098 1184 1137 et
1216 1094 1270 1136 ad
1303 1093 1668 1146 Argentinensem
1700 1093 1801 1147 Epi-

37 1177 212 1217 scopum
227 1163 255 1212 4,
289 1165 337 1204 ut
368 1163 587 1215 postremo
620 1160 786 1214 scripsi,
820 1160 988 1202 Christo
1022 1160 1129 1201 duce
1161 1159 1458 1213 profecturum
1491 1172 1600 1201 esse.

156 1227 259 1269 Cum
300 1226 521 1279 hucusque
562 1225 846 1279 scripsissem,
890 1225 936 1267 P.
971 1225 1019 1268 T.
1053 1225 1204 1266 literas
1238 1225 1278 1265 7⁰
1310 1223 1426 1277 Junij
1474 1223 1600 1266 datas
1638 1222 1800 1276 accepi,

39 1296 84 1336 et
124 1306 218 1334 cum
260 1291 326 1333 his
366 1305 620 1344 responsum
663 1290 981 1343 Theologorum
1023 1290 1075 1331 de
1117 1288 1314 1331 usurario
1357 1290 1607 1338 contractu,
1654 1301 1800 1340 quem-

40 1357 268 1400 admodum
300 1357 380 1398 hoc
414 1356 483 1397 diu
518 1370 544 1397 a
575 1355 738 1398 nostris
771 1354 1063 1397 desideratum
1096 1357 1175 1397 est.
1232 1355 1323 1395 Deo
1357 1353 1414 1395 sit
1445 1352 1602 1405 gratia.
1666 1353 1803 1394 Caue-

40 1423 156 1465 bitur
187 1424 346 1469 autem,
381 1434 435 1462 ne
464 1420 714 1462 Pontificis5
746 1419 916 1461 nomine
948 1419 1155 1473 scriptum
1187 1418 1267 1460 hoc
1299 1418 1541 1472 publicetur
1573 1417 1641 1459 uel
1675 1416 1803 1459 alicui

45 1487 382 1530 commendetur.

160 1551 384 1594 Admoniti
405 1554 506 1593 sunt
528 1550 751 1600 Rectores,
785 1551 834 1591 vt
857 1563 979 1591 suam
1002 1548 1182 1602 quisque
1205 1547 1466 1590 sententiam
1488 1546 1630 1588 isthuc
1656 1546 1805 1588 mittat

43 1618 95 1660 de
127 1617 296 1660 ratione
328 1615 541 1659 uestiendi
573 1617 747 1657 nostros
761 1615 788 1657 6.

160 1682 281 1732 Quod
302 1695 477 1736 paucos,
512 1683 557 1722 et
585 1679 815 1732 aliquando
849 1679 989 1720 nullos
1020 1677 1317 1732 philosophiae
1349 1677 1618 1731 professores
1650 1676 1692 1717 in
1725 1675 1805 1717 hac

44 1747 261 1802 prouintia
289 1746 569 1800 reperiamus,
603 1759 697 1787 011111
730 1744 826 1786 11105
858 1743 1046 1785 maxime
1069 1742 1375 1792 desideramus,
1409 1756 1493 1783 non
1516 1756 1601 1783 una
1634 1740 1804 1794 quidem

47 1827 179 1855 causa
209 1814 355 1866 potest
387 1810 614 1864 assignari.
672 1808 996 1863 Superioribusb
1029 1807 1152 1850 annis
1183 1809 1310 1849 tanta
1342 1810 1386 1848 et
1417 1809 1507 1849 tam
1542 1807 1693 1848 crebra
1724 1805 1807 1847 fuit

47 1892 193 1919 eorum
226 1877 426 1930 Dilingae
467 1875 665 1926 mutatio,
708 1879 756 1917 vt
797 1874 834 1915 si
875 1875 947 1926 qui
988 1887 1011 1914 e
1049 1872 1210 1915 nostris
1243 1871 1463 1914 auditores
1496 1874 1643 1913 essent
1674 1873 1806 1923 atque

47 1942 255 1996 discipuli,
296 1942 340 1983 in
380 1942 460 1982 1100
501 1940 630 1994 studij
669 1953 830 1992 genere
861 1938 1047 1980 minores
1079 1938 1276 1980 facerent
1308 1951 1577 1991 progressus.
1641 1935 1806 1977 Deinde

45 2021 205 2061 paucos
228 2007 282 2048 ad
315 2007 425 2048 hanc
447 2006 675 2048 lectionem
708 2004 873 2046 habiles
895 2003 1103 2054 uidemus,
1137 2006 1181 2045 et
1212 2003 1246 2044 si
1281 2002 1352 2055 qui
1385 2005 1498 2052 sunt,
1531 2002 1574 2044 in
1597 2001 1806 2043 classibus

45 2071 319 2114 inferioribus
350 2071 639 2112 necessarios⁰
670 2070 855 2112 lectores
887 2071 1036 2122 agunt,
1071 2082 1206 2121 eoque
1239 2067 1399 2110 diutius
1431 2067 1517 2108 11110
1549 2066 1805 2114 retinentur,

47 2138 159 2190 quod
181 2136 384 2189 frequens
405 2136 525 2177 facta
547 2135 604 2178 sit
636 2137 681 2176 et
703 2134 908 2188 grauibus
931 2134 983 2175 de
1007 2133 1147 2175 causis
1173 2134 1250 2174 fiat
1281 2131 1465 2174 mutatio
1498 2132 1805 2185 professorum,

47 2206 91 2245 et
123 2216 178 2244 ex
210 2201 386 2255 nouitijs
419 2198 659 2254 quide[m]⁰¹
690 2213 863 2254 paucos,
906 2198 988 2240 nisi
1029 2198 1375 2240 adolescentulos
1414 2196 1658 2238 educamus.
1722 2196 1806 2236 Ac·

46 2268 160 2310 cedit
192 2267 304 2320 quod
326 2266 433 2308 haec
455 2266 672 2308 docendae
703 2264 1000 2319 philosophiae
1022 2263 1148 2314 ratio,
1184 2277 1294 2316 quae
1319 2261 1543 2304 Germanis
1566 2274 1806 2302 accommo-

47 2333 187 2382 datur,
221 2329 435 2385 nostro[s]
469 2331 609 2372 minus
641 2330 801 2372 solidos
833 2330 874 2370 in
908 2329 988 2371 hoc
1020 2328 1161 2371 studio
1191 2327 1358 2377 reddat,
1393 2340 1550 2379 eosque
1574 2340 1657 2367 non
1680 2325 1808 2366 facile

166 2419 193 2450 a)
217 2420 346 2449 Quacum·
359 2426 402 2443 vv.
415 2425 473 2449 sqq.
488 2426 504 2442 α
521 2419 589 2443 Can.
604 2417 635 2441 in
656 2417 787 2447 maraine
807 2417 910 2441 addita
930 2419 1006 2441 sunt.
1064 2414 1093 2446 b)
1115 2415 1253 2446 Sequitur
1268 2414 1433 2443 mensibus,
1453 2413 1656 2437 oblitteratum.
1712 2414 1738 2439 c)
1762 2413 1807 2437 Ita

48 2462 76 2488 C.
97 2461 224 2485 norrea-it
243 2468 278 2484 ελ·
297 2458 492 2484 inferioribus
513 2457 678 2489 necessarij
698 2458 779 2484 sunt.
864 2457 893 2487 (1)
918 2460 994 2488 Quae
1015 2457 1060 2481 hir:
1080 2459 1105 2481 et
1126 2457 1207 2487 infra
1231 2456 1311 2480 uncis
1331 2455 1486 2486 quadratis
1506 2458 1666 2478 cernuntur
1686 2454 1808 2485 inclusa,

47 2503 182 2533 suppleta
201 2505 268 2526 sunt
289 2501 360 2529 (nisi
381 2501 463 2525 aliud
485 2504 610 2527 notetur)
631 2508 667 2524 ea?
687 2501 730 2530 R‚·
753 2500 783 2523 in
798 2500 833 2529 A,
853 2499 922 2530 qnia
943 2499 973 2523 rin
994 2498 1134 2523 arm-emis
1153 2497 1329 2528 ttic!11117·aplii
1351 2496 1480 2520 versibus
1497 2495 1593 2526 posim
1614 2498 1690 2525 sunt,
1707 2496 1806 2526 photo-

45 2543 185 2574 graphice
204 2543 332 2574 exprimi
352 2550 406 2566 non
424 2545 568 2573 poterant.

170 2648 374 2683 ¹Udalrico
410 2648 454 2682 ab
490 2646 716 2681 Helfenstein
744 2646 842 2690 (vide
869 2657 977 2690 supra
1004 2657 1036 2689 p.
1065 2645 1162 2687 452),
1199 2643 1259 2687 qui
1295 2643 1360 2676 sub
1396 2642 1550 2675 medium
1586 2653 1630 2674 m.
1668 2641 1808 2674 Iunium

49 2701 215 2745 Dilingae
241 2702 465 2741 morabatur;
494 2701 576 2734 vide
602 2700 696 2733 infra
722 2712 814 2733 mon.
842 2699 917 2733 wis.
949 2698 1014 2740 (4).

168 2755 181 2775 ²
206 2756 373 2789 Albertus
399 2756 435 2788 V.
475 2753 608 2787 litteris
645 2752 834 2786 Monachio
871 2753 924 2785 19.
960 2750 1050 2785 Iunii
1090 2750 1178 2784 1567
1219 2749 1311 2783 datis
1351 2761 1370 2782 a
1409 2748 1540 2790 Borgia
1578 2746 1810 2781 vehementer

49 2808 161 2853 petiit,
197 2811 237 2841 ut
262 2808 375 2841 Roma
409 2807 452 2841 ad
489 2818 527 2840 se
562 2806 763 2840 remitteret
797 2805 836 2839 P.
865 2804 1058 2847 Georgium
1086 2802 1342 2842 Schorichium,
1383 2801 1461 2844 „qui
1498 2801 1643 2843 linguae
1669 2801 1808 2845 peritia,

50 2862 231 2895 doctrinae
259 2864 294 2895 et
320 2861 492 2895 scientiae
519 2859 710 2903 gravitate,
738 2870 873 2892 morum
901 2860 1020 2891 autem
1047 2856 1228 2889 suavitate
1255 2857 1291 2889 et
1317 2853 1529 2893 innocentia,
1568 2853 1723 2898 itemque
1751 2854 1810 2888 110-

50 2914 183 2948 minum
218 2916 420 2948 nostrorum
456 2914 659 2947 inveterata
690 2911 764 2956 jam
801 2910 964 2955 opinione
1000 2912 1073 2942 tam
1110 2908 1260 2942 celebris
1296 2909 1351 2941 est
1377 2907 1485 2941 etiam
1512 2906 1677 2941 absens“.
1730 2907 1809 2952 Epi-

50 2966 182 3001 stulam
208 2967 386 3009 integram
412 2966 532 3011 posuit
555 2966 717 3008 leez'mfty
746 2963 941 2998 Schwcden
968 2963 1000 2996 11
1030 2962 1226 2996 171—-172.

169 3021 182 3040 ⁸
208 3019 408 3054 Cardinalis
435 3019 634 3053 Truehsess
670 3017 858 3061 episcopus
890 3017 1114 3059 augustanus
1141 3014 1317 3058 synodum
1358 3012 1451 3046 hanc
1478 3012 1724 3047 dioecesanam
1752 3014 1810 3047 Di-

51 3072 169 3116 lingae
195 3073 319 3106 habuit
347 3073 507 3107 15.—20.
535 3071 625 3105 Iunii
654 3071 763 3111 1567;
791 3070 894 3114 plura
920 3069 1003 3102 vide
1029 3068 1122 3101 infra
1149 3079 1239 3101 mon.
1269 3067 1327 3100 dil.
1358 3066 1434 3109 (28)
1466 3066 1555 3109 (29).

170 3127 182 3146 ‘¹
210 3126 396 3160 Erasmum
423 3137 443 3159 a
470 3126 651 3167 Limburg.
797 3125 809 3143 5
836 3124 868 3156 S.
902 3122 950 3155 1¹ii
971 3121 1032 3161 V.;
1062 3120 1143 3154 vide
1169 3132 1277 3164 supra
1305 3132 1335 3164 p.
1364 3119 1560 3154 486—457.

171 3179 183 3198 ⁰
208 3178 308 3220 Vide,
336 3190 426 3222 quae
460 3179 525 3212 sub
552 3178 648 3222 ipsas
674 3177 739 3210 has
764 3176 904 3209 litteras
932 3175 1103 3208 dicentur.

123 3241 430 3274 Braunsberger,
454 3241 565 3267 Canisii
586 3240 738 3274 Epistulae
760 3240 791 3265 et
809 3240 892 3265 Acta.
918 3239 951 3265 V.
1483 3231 1527 3265 32
