2045 3471
719 199 831 233 Roma
858 199 914 233 31.
932 199 1018 233 Maii
1047 199 1149 234 1567.
1731 203 1813 243 481

52 317 305 360 mostrando
338 317 380 359 la
413 332 521 371 poca
553 317 721 360 1161113α
753 321 797 360 et
827 318 978 360 fidelta
1010 331 1090 359 con
1123 317 1200 359 che
1233 317 1324 359 loro
1358 318 1614 372 procedano,
1655 321 1678 360 6
1711 319 1817 361 3116-

51 382 194 436 gando
235 382 345 424 false
386 382 587 433 historie,
637 397 660 424 0
701 382 1019 437 producendole
1060 382 1258 424 mutilate
1301 383 1371 424 etb
1412 382 1632 425 lasciando
1674 384 1816 436 quello

52 447 130 489 che
164 447 209 489 fa
241 450 394 489 contra
415 447 446 489 11
468 448 559 489 loro
582 447 682 489 falsi
705 447 862 501 dogmi,
897 450 941 490 et
962 447 1212 489 finalmente
1236 448 1559 489 conuincendoli
1583 451 1735 491 contra
1755 447 1815 503 [P]

51 512 203 554 alcune
245 512 585 562 contradittioni,
629 515 652 554 ὸ
686 512 787 555 altri
828 511 1004 554 absurdi
1045 511 1123 553 che
1164 511 1199 553 si
1243 514 1428 554 trouano
1467 512 1551 554 neli
1582 513 1681 555 libri
1711 514 1816 563 loro,

51 578 96 619 et
127 591 211 618 non
243 576 279 618 si
305 579 444 619 tratta
467 577 538 630 qui
562 577 602 618 di
625 578 694 619 far
716 577 906 631 risposta
937 577 992 619 ad
1025 576 1125 629 ogni
1159 590 1273 627 cosa,
1307 590 1360 618 ne
1393 591 1545 618 manco
1579 577 1620 618 di
1652 580 1817 620 trattar

50 641 93 683 di
123 641 346 696 proposito
379 641 409 683 li
442 642 585 694 dogmi
619 642 900 692 controuersi,
934 656 1005 683 ma
1038 641 1079 682 di
1111 644 1300 683 mostrar
1332 655 1452 683 come
1485 642 1539 683 ho
1574 642 1717 684 dettoc
1749 643 1813 685 al-

51 705 150 748 cuni
182 706 358 748 absurdi
391 721 469 760 per
500 707 654 748 leuarli
685 708 728 748 13
760 707 858 748 fede
891 707 961 748 nel
994 708 1124 749 resto.

169 771 212 812 Jl
253 771 380 812 modo
424 771 464 812 di
502 771 572 813 far
604 775 755 824 questo
788 771 911 822 libro,
955 770 1048 812 dice
1080 771 1262 813 sarebbe
1295 773 1461 823 questo,
1506 770 1584 812 che
1617 770 1647 812 li
1673 771 1817 814 ,nostri

51 835 129 877 che
170 837 326 878 stanno
366 835 410 877 in
452 836 621 878 diuerse
663 836 804 878 bande
846 836 885 878 di
921 835 1167 885 Germania,
1212 849 1332 877 come
1370 849 1474 877 sono
1508 836 1537 876 li
1570 836 1743 878 Dottori
1775 836 1817 877 di

50 899 238 953 Dilinga,
271 901 561 953 Jnglostadio,
593 901 837 951 Monachio,
870 904 915 943 et
947 901 1047 944 altri
1080 901 1120 942 di
1153 900 1343 951 Colonia,
1377 903 1401 942 ὸ
1434 900 1535 942 altri
1567 900 1714 953 luoghi
1748 901 1816 942 del

50 965 201 1007 Rheno
243 967 287 1007 et
318 965 455 1007 Jnfer.
492 966 723 1008 Germania
764 965 986 1008 notassino
1029 966 1170 1019 quello
1213 965 1291 1007 che
1332 965 1552 1019 potessino
1595 967 1621 1007 a
1663 967 1816 1018 questo

51 1029 272 1084 proposito
315 1033 360 1073 et
397 1030 674 1072 mandassino
715 1044 801 1072 una
842 1030 953 1072 silua
997 1033 1022 1072 3
1055 1031 1107 1073 V.
1141 1030 1191 1072 R.
1225 1030 1270 1072 la
1311 1030 1436 1083 quale
1477 1030 1549 1084 poi
1590 1030 1658 1071 del
1699 1033 1816 1073 tutto

51 1094 194 1147 potria
235 1095 436 1136 ordinare
477 1109 533 1136 un
574 1095 766 1145 libretto,
810 1097 903 1138 atto
941 1109 1019 1149 per
1052 1098 1203 1148 questo
1236 1095 1457 1149 proposito
1491 1094 1564 1148 gia
1596 1095 1729 1143 detto,
1773 1096 1817 1136 et

51 1160 104 1201 de
135 1160 262 1202 alano
296 1160 440 1214 copo⁶²‚
484 1164 528 1202 et
561 1160 602 1201 di
644 1160 841 1213 qualcun’
861 1161 974 1202 altro
1017 1160 1094 1201 che
1134 1159 1293 1202 habbia
1325 1159 1478 1202 scritto
1511 1163 1663 1201 contra
1697 1160 1817 1202 dette

52 1225 255 1275 centurie,
299 1227 344 1267 et
376 1225 414 1266 d'
434 1225 546 1268 altre
587 1225 727 1266 bande
768 1225 804 1266 si
842 1225 1051 1279 potrebbe
1084 1228 1237 1267 notare
1270 1225 1412 1266 alcuni
1443 1224 1556 1266 106111
1588 1224 1632 1265 (11
1662 1227 1816 1277 questa

51 1290 229 1342 qualita‚
271 1289 307 1331 si
348 1289 489 1332 scriue
532 1290 690 1332 etiam⁰
722 1304 800 1344 per
831 1293 957 1343 parte
990 1289 1032 1331 di
1065 1291 1107 1333 S.
1141 1290 1314 1332 Santita
1346 1289 1421 1331 alli
1452 1289 1627 1331 Dottori
1659 1289 1700 1330 di
1732 1289 1815 1330 Lo-

51 1354 206 1396 11311101
237 1354 434 1397 facciano
466 1355 495 1396 il
528 1354 680 1404 simile,
713 1369 784 1396 ma
816 1368 920 1408 pare
953 1354 1030 1396 che
1063 1355 1117 1396 da
1150 1354 1198 1397 V.
1224 1355 1273 1397 R.
1308 1354 1344 1396 si
1377 1357 1551 1408 aspetta
1584 1368 1662 1395 con
1695 1354 1814 1395 aiuto

51 1418 136 1460 deli
177 1419 314 1461 nostri
355 1419 537 1473 qualche
580 1419 772 1474 speditof
809 1419 1001 1470 rimedio,
1045 1422 1089 1461 et
1129 1419 1166 1461 si
1208 1419 1249 1461 di
1291 1421 1375 1472 qua
1416 1433 1463 1460 se
1503 1418 1533 1460 li
1576 1422 1704 1473 potra
1737 1418 1816 1460 dar

49 1484 235 1537 qualche
267 1484 437 1526 ricordo
471 1485 607 1526 anche
640 1498 686 1526 se
719 1484 748 1525 li
782 1485 900 1527 dara.

168 1549 396 1591 Vorriamo
439 1549 570 1592 etiam
613 1563 766 1603 sapere
807 1563 853 1591 se
896 1551 996 1591 sara
1036 1549 1159 1591 finita
1190 1549 1233 1591 13
1265 1549 1553 1592 translatione
1587 1549 1654 1590 del
1687 1548 1814 1590 Cate-

53 1613 227 1665 chismo,
261 1614 339 1656 che
371 1615 401 1656 il
434 1615 574 1656 Padre
607 1615 740 1656 Paulo
774 1619 932 1657 tenena
964 1615 1076 1656 nelle
1109 1614 1224 1656 mani
1238 1616 1266 1656 2.

169 1679 264 1721 Hor
295 1680 490 1722 uenendo
523 1680 594 1721 ala
625 1679 814 1734 risposta
847 1680 945 1721 dela
982 1680 1155 1729 lettera,
1199 1679 1234 1721 si
1268 1682 1290 1720 6
1322 1678 1461 1721 inteso
1494 1679 1521 1720 l’
1546 1679 1740 1720 arriuata
1773 1678 1814 1719 di

52 1744 243 1786 Maestro
277 1744 410 1786 Paulo
425 1746 452 1794 3,
495 1744 554 1785 lui
587 1747 610 1786 e
642 1745 753 1786 bono
786 1747 831 1786 et
863 1744 999 1795 dotto,
1042 1758 1112 1785 ma
1145 1744 1352 1786 conuiene
1391 1743 1614 1794 animarlo,
1657 1744 1815 1797 perche

53 1810 75 1850 6
108 1809 314 1862 alquanto
348 1809 634 1863 pusillanime,
678 1810 792 1852 oltra
823 1809 852 1850 il
885 1814 1010 1852 tener
1042 1811 1170 1851 conto
1204 1823 1282 1851 con
1314 1809 1357 1851 la
1389 1809 1533 1851 sanita
1566 1809 1606 1850 di
1641 1823 1750 1859 6660,
1785 1809 1813 1850 11

52 1874 130 1916 6116
161 1874 294 1916 etiam
325 1875 361 1916 61
393 1875 681 1916 raccomanda
704 1878 865 1928 quanto
899 1877 925 1916 3
956 1874 1061 1917 tutti
1093 1874 1124 1916 li
1157 1874 1271 1924 altri,
1305 1874 1509 1916 massime
1541 1874 1554 1915 i
1581 1873 1813 1925 bisognosi‚

52 1953 123 1981 1113
154 1940 312 1993 perche
344 1939 373 1981 il
400 1939 537 1981 Padre
561 1940 746 1993 Georgio
778 1953 863 1981 non
896 1939 1102 1981 conuiene
1132 1939 1197 1982 sia
1219 1942 1430 1993 occupato
1453 1939 1496 1980 in
1518 1939 1630 1981 tanti
1655 1938 1815 1992 officij4

170 2025 199 2055 a)
218 2026 255 2050 In
275 2034 322 2056 ap.
342 2028 504 2056 sequnntur
524 2033 565 2049 rc.
587 2032 641 2049 6011
663 2024 716 2050 6116
736 2023 812 2055 loro,
832 2025 920 2049 oblite.
1000 2023 1030 2056 b)
1052 2026 1112 2049 Hoc
1132 2033 1156 2049 v.
1175 2033 1268 2056 supra
1292 2033 1402 2049 versum
1423 2025 1564 2056 scriptum
1585 2028 1635 2050 est.
1717 2027 1743 2050 6)
1766 2026 1813 2049 Se-

52 2070 182 2098 quuntur
203 2075 243 2091 cv.
258 2073 311 2099 per
324 2065 424 2097 modo,
444 2067 533 2091 omitt.
590 2065 620 2097 d)
642 2073 713 2092 coco
734 2075 800 2097 ap.;
822 2066 884 2090 vide
904 2074 997 2098 supra
1013 2075 1045 2097 p.
1061 2068 1113 2091 460
1123 2066 1141 2091 ².
1197 2069 1223 2098 e)
1245 2067 1383 2097 Sequitur
1403 2066 1463 2097 alli,
1483 2067 1570 2090 oblitt.
1627 2065 1654 2095 s)
1676 2067 1814 2097 Sequitur

52 2108 187 2140 negocio,
206 2109 295 2133 oblitt.

52 2240 112 2263 eos
138 2230 297 2263 refutare
323 2231 501 2263 statuerat
527 2229 586 2273 (L.
614 2230 761 2274 Pfleyer,
787 2228 961 2262 Wilhelm
989 2229 1210 2272 Eisengrein,
1246 2229 1283 2263 in
1314 2229 1579 2272 „Histoi-isches
1606 2227 1809 2263 Jahrbuch“

51 2281 153 2316 XXV
180 2282 396 2328 782—783).
447 2282 578 2316 Eodem
615 2294 706 2316 anno
742 2282 965 2327 Antverpiae
1000 2284 1149 2316 curante
1183 2282 1298 2316 Alano
1325 2283 1420 2327 Copo
1449 2282 1576 2326 (Cope)
1612 2281 1812 2315 londinensi

55 2334 131 2378 (qui
149 2335 282 2369 Romae
309 2336 500 2369 canonicus
526 2335 696 2369 basilicae
714 2336 748 2370 S.
768 2335 866 2369 Petri
893 2334 987 2379 erat)
1017 2336 1140 2369 excusi
1160 2339 1244 2369 sunt
1267 2336 1427 2378 „Dialogi
1450 2347 1516 2368 sex
1535 2339 1657 2368 contra
1676 2334 1813 2368 Summi

51 2387 298 2430 Pontificatus,
334 2388 556 2422 Monasticae
582 2389 700 2430 Vitae,
736 2388 958 2428 Sanctorum,
995 2388 1184 2423 Sacrarum
1221 2388 1422 2431 lmaginuin
1456 2387 1741 2432 OppiigmitoreS‚
1778 2390 1813 2420 et

51 2439 407 2486 Pseudomartyres“,
434 2453 524 2486 quos
550 2442 725 2476 adversus
753 2441 1021 2476 Centuriatores
1049 2441 1209 2485 aliosque
1236 2441 1410 2475 sectarios
1437 2444 1684 2485 composuerat
1709 2439 1811 2474 Nico-

51 2492 132 2528 laus
157 2494 410 2539 Harpsfeldius
439 2494 676 2539 (Harpsfield)
713 2494 944 2535 londinensis,
980 2494 1022 2528 ob
1059 2494 1142 2528 fidei
1178 2494 1376 2528 catholicae
1413 2493 1672 2527 confessionem
1699 2492 1812 2526 archi-

53 2547 244 2581 diaconatu
271 2547 512 2582 cantuariensi
538 2548 714 2593 spoliatus
741 2550 777 2582 et
802 2549 838 2581 in
852 2547 958 2581 Turri
979 2547 1137 2591 (Tower)
1164 2547 1365 2580 londinensi
1383 2546 1543 2580 inclusus
1563 2546 1652 2589 (Jos.
1673 2547 1810 2589 Ge'llou·‚

52 2599 356 2645 Bibliographical
374 2601 583 2646 Dictionary
602 2601 641 2635 of
663 2601 724 2635 the
751 2600 901 2643 English
923 2600 1104 2634 Catholics
1121 2601 1148 2641 1,
1176 2600 1320 2633 London
1341 2600 1442 2639 1885,
1462 2600 1550 2640 .561;
1578 2599 1638 2639 Ill,
1666 2598 1810 2633 London

55 2652 156 2694 1887,
185 2654 398 2698 134—136).
449 2654 583 2688 Romae
618 2654 662 2688 ab
688 2654 824 2698 aliquot
859 2654 962 2687 annis
988 2653 1242 2687 refutationem
1271 2653 1518 2687 Centuriarum
1546 2652 1811 2685 meditabantur

53 2706 146 2747 (JOS.
183 2707 327 2741 Schmid
363 2708 400 2741 in
442 2707 706 2748 „Historisches
746 2706 951 2741 ι131111111611“
981 2706 1083 2739 XVll
1119 2706 1295 2748 79m87);
1336 2705 1499 2749 inprimis
1536 2704 1576 2738 P.
1604 2705 1810 2749 Onuplirius

53 2757 250 2793 Panvinius
278 2759 318 2794 O.
346 2760 405 2795 Er.
432 2760 466 2794 S.
492 2762 597 2804 Aug„
632 2760 785 2803 insignis
812 2759 871 2793 ille
897 2759 1099 2799 historicus,
1135 2759 1269 2801 grande
1307 2770 1394 2802 opus
1426 2760 1548 2791 contra
1575 2769 1635 2791 eas
1662 2758 1812 2801 parabat

57 2810 161 2855 (Dav.
181 2815 272 2846 Aur.
292 2813 471 2847 I’e›·1·m·O.
489 2813 521 2847 S.
538 2814 642 2856 Aug,
669 2812 815 2846 Onofrio
834 2812 1008 2846 panvinio
1028 2824 1045 2845 e
1064 2812 1096 2845 le
1114 2823 1177 2845 sue
1198 2823 1313 2855 opere,
1341 2811 1453 2844 Roma
1474 2811 1573 2852 1899,
1596 2811 1809 2854 125—138).

176 2866 185 2885 ¹
210 2866 265 2900 Ad
293 2878 362 2907 eos,
391 2867 451 2910 qui
478 2866 513 2899 in
540 2866 777 2899 universitate
803 2865 1002 2898 lovaniensi
1029 2864 1246 2907 theologiam
1274 2864 1474 2897 tradebant.

173 2919 186 2938 ²
210 2919 249 2953 P.
289 2919 425 2953 Paulus
474 2918 645 2953 Hoffaeus
688 2918 954 2953 catechismum
997 2917 1196 2951 Romanum
1244 2917 1447 2959 germanice
1497 2916 1685 2960 reddebat3
1728 2917 1810 2951 vide

53 2981 162 3015 supra
187 2983 219 3016 p.
247 2972 433 3006 361—362
459 2972 658 3006 400—401.

173 3027 186 3044 ³
212 3025 267 3059 Fr.
286 3025 423 3059 Paulus
434 3025 592 3058 Vizanus
612 3024 829 3068 (Veggiano)
852 3023 886 3056 in
905 3023 1141 3057 universitate
1160 3022 1342 3066 dilingana
1360 3022 1619 3067 philosophiam
1639 3023 1808 3064 docebat:

54 3075 136 3109 vide
161 3088 269 3122 supra
294 3090 327 3122 p.
354 3079 435 3112 457.

174 3132 185 3149 ⁴
212 3130 252 3164 P.
279 3131 455 3174 Georgius
481 3131 598 3164 Bader
632 3130 739 3165 simul
775 3129 916 3171 collegii
952 3128 1154 3162 ministrum
1181 3128 1238 3162 vel
1266 3128 1521 3162 vicerectorem
1547 3129 1677 3172 agebat
1712 3132 1747 3163 et
1774 3130 1807 3162 in

55 3180 290 3217 universitate
315 3183 577 3228 philosophiam
603 3183 785 3223 tradebat;
814 3183 895 3216 vide
922 3193 1030 3226 supra
1055 3193 1089 3226 p.
1112 3182 1311 3216 456—457.

125 3244 438 3279 Braunsberger,
459 3247 568 3273 Canisii
589 3247 743 3281 Epistulae
764 3248 794 3272 et
815 3246 899 3273 Acta.
919 3245 953 3272 V.
1480 3241 1521 3275 31
