2045 3471
220 195 305 236 850
716 187 811 221 Mon.
830 186 898 221 907
926 186 1004 219 sive
1030 195 1105 217 var.
1128 182 1218 225 (27).
1255 182 1360 216 Anno
1380 181 1480 215 1566.

220 325 299 353 con
332 312 499 363 questa.
553 309 609 350 Et
643 310 683 349 in
719 307 863 348 alteris
894 305 1044 346 litteris
1078 302 1218 344 eodem
1253 301 1322 342 die
1353 300 1410 341 ad
1443 299 1618 341 eundem
1654 299 1779 349 datis,
1810 302 1982 353 praeter

222 378 322 429 alia,
357 376 459 417 haec
492 375 543 415 cle
573 373 659 414 PF.
683 371 918 413 Laurentio
952 368 1095 422 Maqio
1129 371 1165 407 el
1197 366 1322 407 Petro
1352 365 1535 416 Camsio,
1572 364 1774 405 Austriae
1806 368 1843 404 el
1876 363 1979 404 Ger-

222 441 390 483 maniae
423 439 655 494 superioris
682 434 1028 491 provincialibus,
1063 432 1245 472 notavit:
1286 429 1379 479 Qua
1410 443 1495 470 non
1535 428 1590 470 ho
1622 428 1772 470 uoluto
1809 429 1981 470 mutare

220 518 349 547 senza
381 503 628 546 consultare
662 501 738 542 6116
771 500 814 541 13
845 511 990 539 1116ΖΖ3
1012 496 1120 537 hora
1152 496 1191 536 d'
1211 494 1407 537 oratione
1440 493 1518 535 che
1550 493 1683 534 fanno
1716 492 1826 546 dopo
1859 505 1980 541 cena,

220 583 267 612 se
300 569 444 611 diuida
466 568 509 608 in
532 581 589 608 vn
612 567 767 618 quarto
791 562 943 605 auanti
965 575 1083 611 cena,
1119 563 1163 601 et
1184 559 1228 601 in
1250 561 1322 600 vn'
1347 559 1460 601 altro
1484 557 1599 612 dipoi
1620 571 1697 611 per
1718 557 1746 598 l'
1765 561 1979 598 essame⁸.

221 637 376 688 questa
406 631 648 675 mutatione
688 628 774 670 mib
806 628 946 669 disero
988 626 1017 667 li
1051 624 1311 667 Prouinciali
1346 624 1397 665 de
1429 624 1457 665 l’
1482 623 1594 665 altre
1626 622 1708 663 due
1741 620 1981 671 Prouincie,

221 701 353 741 esser'
378 695 636 744 necessaria,
670 693 829 748 perche
853 691 1220 734 ordinariamente
1243 689 1366 742 quasi
1388 688 1494 731 tutti
1526 687 1555 729 li
1577 687 1741 729 fratelli
1764 686 1799 728 si
1822 700 1980 740 graua-

220 777 331 806 uano
365 766 409 804 et
442 760 694 803 dormiuano
727 759 770 800 in
802 758 883 799 far’
908 756 1075 809 quella⁶
1106 769 1253 796 mezza
1284 755 1392 796 hora
1415 753 1453 794 d'
1478 753 1687 802 oratione,
1721 752 1830 794 etio
1852 764 1982 805 posso

221 829 311 870 dire
344 828 421 869 che
453 827 493 868 10
527 828 573 867 so
608 838 727 867 esser
750 823 837 865 cosi
863 857 871 865 .
897 825 940 864 et
963 821 1072 862 uedo
1107 821 1185 862 che
1208 820 1251 862 la
1274 819 1319 861 P.
1344 819 1397 862 V.
1421 819 1449 859 l’
1474 818 1530 860 ha
1553 818 1736 859 hauutto
1758 830 1837 871 per
1857 817 1980 865 bene,

220 892 478 936 hauendomi
521 888 764 932 confirmati
805 887 865 941 gli
907 886 1044 940 ordinj
1089 885 1166 927 6116
1207 886 1262 926 ho
1296 883 1405 933 dati,
1448 883 1521 936 gia
1558 897 1636 937 per
1668 882 1749 924 due
1782 882 1981 929 lettere1‚

222 958 292 1012 qui
324 972 410 998 non
441 957 468 997 l’
491 956 545 996 110
579 955 727 996 11011110
759 955 929 994 mutare
961 965 1039 1005 per
1070 951 1112 992 la
1145 964 1276 992 causa
1309 949 1443 991 detta.

225 1100 332 1137 907
360 1101 436 1134 sive
463 1107 578 1134 var.
599 1095 734 1141 (27).
810 1095 910 1130 Auno
936 1093 1030 1130 1566.

317 1182 497 1216 Henricns
523 1181 718 1213 Pantaleon
754 1180 931 1221 theoloyus
965 1178 1202 1220 zwinyliamcs
1237 1176 1457 1218 medicusque
1483 1175 1684 1207 basileensis
1718 1174 1755 1206 in
1780 1183 1846 1205 sua
1874 1172 1983 1216 „Pro-

221 1232 482 1279 sopoyraphia“
513 1235 698 1267 Canisium
736 1234 771 1265 in
807 1234 969 1265 virorum
1006 1231 1196 1263 illustrium
1229 1230 1445 1262 Germaniae
1481 1238 1625 1260 numero
1661 1230 1808 1260 recenset
1842 1227 1986 1268 eiusque

225 1289 414 1332 inyeniemz,
447 1288 671 1330 facundiam,
704 1287 947 1319 au‹.‘toritatem
977 1284 1143 1317 laudibus
1168 1283 1311 1316 extollit.
1364 1282 1479 1314 Simul
1505 1282 1541 1314 S.
1561 1281 1695 1324 Iynate'i
1719 1281 1826 1312 vitam
1852 1281 1985 1312 narrat

223 1347 252 1375 et
278 1343 481 1376 Societatem
509 1342 575 1374 cito
596 1344 846 1383 propaqatam,
882 1350 923 1371 ac
948 1338 1079 1370 multas
1101 1341 1217 1379 yenles
1243 1336 1396 1369 ethnicas
1416 1346 1484 1378 per
1510 1345 1585 1366 eam
1611 1334 1658 1366 ad
1683 1333 1786 1375 fidem
1812 1333 1984 1365 adductas·

223 1407 292 1429 esse
318 1396 435 1437 refert.

341 1484 394 1524 In
426 1483 531 1524 libro
558 1481 975 1536 „Prosopoyrapliiae
1003 1480 1189 1520 Heroum
1224 1483 1346 1533 atque
1378 1477 1605 1519 illustr-im
1630 1477 1828 1517 Virorum
1860 1475 1986 1515 totius

226 1549 494 1601 Germaniae,
529 1548 642 1589 Pars
675 1549 811 1599 tertia,
849 1560 975 1601 eaque
1003 1546 1232 1600 primaria.
1288 1543 1474 1584 Authore
1502 1542 1704 1584 Heinrieo
1728 1541 1983 1582 Pantaleone

226 1614 401 1668 Physica
434 1614 668 1654 Basiliensi
692 1646 699 1654 .
724 1612 935 1660 Basileae,
978 1612 1023 1651 in
1056 1610 1228 1664 officina
1261 1608 1490 1649 haeredum
1523 1607 1691 1648 Nicolai
1722 1605 1983 1660 Brylinyeri,

227 1680 350 1719 Anno
384 1677 554 1731 1566.“,
587 1692 627 1732 p.
652 1679 736 1719 501
770 1678 871 1718 haee
903 1680 1023 1717 sunt:

345 1754 570 1796 PETRVS
603 1752 866 1796 CANISIVS
899 1752 1144 1794 IESVITA.
1483 1749 1609 1790 Anno
1642 1748 1797 1790 salutis
1832 1745 1985 1788 1563d.

346 1832 515 1873 PEtrus
537 1830 796 1883 Nouiomagi
831 1829 945 1884 apud
968 1829 1129 1882 Belgas
1162 1831 1291 1870 1131116
1324 1829 1368 1868 61
1400 1827 1609 1868 educatus
1642 1829 1722 1875 est,
1757 1838 1868 1866 anno
1902 1822 1984 1864 cir-

227 1896 335 1939 citer
370 1899 495 1939 1524.
560 1896 642 1937 Hic
675 1910 769 1937 cum
811 1894 952 1937 foelici
995 1893 1168 1947 ingenio
1202 1895 1318 1935 esset
1358 1891 1595 1946 praeditus,
1639 1904 1815 1945 operam
1847 1887 1987 1930 literis

228 1962 358 2012 dedit,
400 1964 531 2014 atque
563 1961 607 2002 in
638 1960 788 2015 primis
821 1959 1084 2013 Theologico
1117 1959 1259 2001 studio
1292 1958 1497 1999 incubuit.
1561 1956 1608 1997 Id
1641 1960 1689 1998 ut
1721 1953 1985 1997 commodius

227 2029 493 2080 praestaret,
538 2026 799 2067 Iesuitarum
841 2025 1067 2077 collegium
1112 2024 1356 2076 ingressus,
1403 2037 1499 2064 eum
1542 2021 1734 2063 ordinem
1778 2018 1984 2072 suscepit.

229 2090 342 2132 Ordo
374 2091 446 2132 ille
480 2090 668 2132 omnium
701 2091 883 2131 aliorum
916 2090 1092 2131 ultimus
1124 2089 1220 2137 fuit,
1260 2091 1392 2141 atque
1425 2092 1527 2129 aute
1559 2099 1719 2140 paucos
1752 2098 1888 2126 annos
1919 2083 1986 2124 111-

228 2156 421 2206 choatus,
464 2170 576 2197 nunc
608 2155 765 2207 ubique
797 2168 874 2208 per
907 2155 1127 2208 Europam
1168 2166 1264 2194 sese
1305 2152 1534 2206 plurimum
1569 2150 1752 2193 diffudit.
1816 2148 1987 2190 Primus

228 2221 384 2263 author
426 2223 522 2262 erat
562 2220 758 2274 ignatius
800 2219 964 2273 Loyola
1006 2219 1221 2261 Cantaber
1261 2218 1388 2267 baro,
1432 2217 1504 2270 qui
1545 2230 1641 2257 cum
1681 2229 1759 2269 pro
1801 2214 1985 2256 Caesare

230 2288 381 2327 contra
415 2285 584 2327 Gallum
618 2288 847 2338 pugnaret,
886 2287 930 2327 et
962 2284 1158 2337 grauiter
1190 2283 1298 2337 pede
1331 2282 1584 2324 uulneratus
1616 2282 1745 2330 esset,
1787 2277 1985 2321 militiam

230 2350 417 2402 reliquit,
451 2353 496 2391 et
527 2349 768 2392 solitariam
790 2350 925 2391 uitam
959 2349 1078 2402 sequi
1102 2348 1270 2397 statuit,
1306 2348 1431 2389 Anno
1455 2346 1627 2388 circiter
1652 2347 1777 2387 1535.
1827 2344 1986 2385 Postea

230 2428 398 2467 quoque
439 2415 640 2456 Lutetiae
682 2428 858 2468 operam
902 2413 1041 2455 literis
1083 2413 1222 2462 dedit,
1269 2415 1312 2454 et
1353 2410 1668 2465 Hierosolymis
1712 2408 1984 2464 sepulchrum

231 2479 402 2520 Domini
442 2479 590 2522 inuisit
614 2513 621 2521 .
647 2480 802 2521 statuit
843 2478 973 2520 etiam
1008 2492 1176 2520 omnem
1209 2478 1342 2519 uitam
1384 2476 1701 2530 peregrinando
1734 2478 1778 2516 et
1815 2472 1984 2527 praedi-

231 2543 365 2583 cando
399 2557 664 2585 consumere.
717 2544 820 2585 Cum
853 2545 997 2585 autem
1033 2543 1184 2584 deinde
1206 2542 1387 2583 Romam
1410 2544 1560 2595 petere
1582 2539 1822 2587 statuisset,
1846 2539 1986 2579 Vene-

231 2606 303 2659 tijs
336 2608 543 2658 substitit,
577 2611 620 2649 et
642 2621 745 2649 suae
778 2608 1058 2661 professionis
1081 2607 1220 2648 socios
1242 2605 1483 2659 acquisiuit.
1527 2605 1636 2646 Erat
1666 2606 1758 2646 tum
1780 2603 1988 2644 Moronus

233 2670 483 2721 Cardinalis,
526 2672 597 2724 qui
629 2672 671 2713 id
712 2686 848 2725 genus
880 2672 997 2714 uitae
1030 2673 1074 2713 in
1106 2672 1359 2724 quibusdam
1394 2669 1664 2724 approbauit,
1707 2672 1839 2720 atque
1871 2666 1985 2720 apud

236 2735 413 2776 Paulum
445 2736 697 2778 Pontificem
729 2737 988 2787 intercessit,
1031 2740 1080 2778 ut
1112 2750 1207 2778 eum
1241 2735 1431 2777 ordinem
1474 2748 1552 2775 sua
1585 2733 1850 2776 authoritate
1883 2745 1983 2773 con·

234 2799 437 2842 firmaret.
502 2801 548 2841 ld
581 2801 692 2853 quod
733 2801 931 2855 pontifex
972 2801 1090 2849 fecit,
1134 2806 1266 2853 atque
1310 2800 1402 2842 eius
1432 2798 1648 2852 Ignatium
1691 2797 1984 2851 praepositum

239 2864 474 2914 constituit,
518 2879 568 2906 ea
600 2869 747 2906 tamen
779 2866 889 2918 lege,
932 2879 985 2907 ne
1018 2866 1133 2908 ultra
1166 2865 1398 2917 sexaginta
1438 2864 1535 2905 huic
1568 2862 1707 2904 ordini
1747 2876 1793 2904 se
1826 2861 1984 2903 astrin-

235 2932 400 2979 gerent.
463 2929 641 2971 Factum
675 2934 741 2971 est
772 2930 815 2971 id
847 2944 958 2972 anno
992 2930 1149 2973 salutis
1177 2930 1390 2971 humanae
1425 2930 1550 2970 1540.

353 3013 379 3041 a)
401 3015 538 3044 Sequitur
557 3013 603 3044 Di,
622 3016 827 3040 oblitteratum.
917 3014 947 3046 b)
968 3018 1028 3041 Hoc
1048 3024 1072 3040 v.
1093 3016 1124 3040 in
1145 3016 1276 3046 mat-gline
1295 3016 1428 3040 additum
1449 3018 1498 3039 est.
1583 3016 1608 3043 C)
1631 3013 1770 3045 Sequitur
1789 3012 1874 3042 hora,
1893 3012 1984 3037 oblitt.

237 3051 265 3078 (ΙΙ
288 3054 375 3077 Verba
397 3055 483 3078 Anno
505 3058 552 3079 etc.
573 3064 590 3079 α
611 3057 785 3081 l‘antaleone
808 3058 834 3080 in
857 3058 987 3088 maryine
1009 3058 1139 3088 ascripta
1158 3060 1233 3080 sunt.

360 3161 366 3177 ¹
397 3159 483 3192 Vide
510 3160 596 3204 Epp.
623 3162 743 3194 Nadal
769 3161 819 3194 111
844 3162 909 3195 461
938 3162 1017 3196 492.
