2045 3471
435 200 530 234 Mon.
549 199 617 234 628
642 198 720 233 sive
747 208 828 241 aug.
850 195 885 239 (a
900 195 950 240 3).
993 195 1105 229 Roma
1131 194 1163 228 9.
1183 192 1274 226 Iunii
1295 192 1397 227 1565.
1717 189 1802 230 535

162 319 240 353 Hae
266 318 433 362 querelae
468 328 573 361 quam
610 317 726 350 iustae
752 314 896 355 fuerint,
933 325 978 347 ex
1004 313 1059 353 iis,
1095 322 1186 356 quae
1216 312 1302 345 Can.
1329 309 1379 343 IV
1403 306 1592 343 543-569
1619 305 1807 340 642—645

44 373 228 409 657-661
257 371 444 407 861—868
472 370 567 404 dicta
593 371 687 411 sunt,
714 369 805 403 satis
830 367 954 411 liquet.
991 365 1067 399 Hoc
1093 366 1232 399 tantum
1252 363 1362 397 addo:
1388 362 1576 404 Augustae
1602 359 1637 393 in
1657 358 1809 392 ecclesia

44 424 242 461 cathedrali
277 424 575 469 „processiones“‚
615 422 706 456 aliae
741 422 904 461 maiores,
940 419 1031 454 aliae
1066 418 1231 458 minores,
1268 415 1495 450 habebantur
1529 412 1721 458 plurimae:
1757 413 1810 452 ut,

44 481 188 525 praeter
213 489 284 517 eas,
312 489 402 521 quae
421 477 552 521 ubique
571 475 727 509 usitatae
745 477 840 513 sunt,
867 472 1021 517 singulis
1040 471 1166 505 diebus
1184 469 1381 508 dominicis,
1409 466 1561 510 singulis
1579 477 1691 511 paene
1709 464 1810 498 feriis

46 531 360 575 Quadrageffimae,
388 529 511 563 multis
537 529 663 563 diebus
688 528 793 561 festis
820 526 1031 560 Sanctorum
1058 526 1126 558 etc.
1157 523 1215 566 (F.
1236 524 1280 557 Α.
1300 522 1478 565 Hoeymk,
1506 518 1721 554 Geschichte
1748 517 1812 551 der

45 585 269 620 kirchlichen
296 583 458 625 Liturgie
494 582 557 616 des
582 581 770 615 Bisthums
797 580 1002 624 Augsburg,
1038 577 1235 620 Augsburg
1263 575 1365 616 1889,
1403 573 1587 608 177-179
1626 571 1810 606 189—197

47 637 264 681 207-208).
314 636 450 678 Quibus
489 634 620 675 Socios,
658 646 736 668 cum
775 635 810 667 et
836 632 941 678 pauci
979 633 1013 665 et
1039 628 1306 675 occupatissimi
1332 629 1464 667 essent,
1498 637 1569 659 non
1603 624 1812 658 interfuisse

46 692 176 726 mirum
202 702 271 724 non
300 692 366 723 est.
418 689 488 722 Per
515 687 729 730 Gregorium
755 686 852 720 XIII.
883 686 935 720 16.
963 684 1043 718 Iulii
1072 684 1161 718 1576
1188 681 1359 716 universa
1385 679 1556 720 Societas
1593 689 1662 722 quo
1697 676 1814 720 magis

47 744 283 784 contionibus,
310 741 612 780 confessionibus,
639 740 773 774 scholis
800 742 868 774 etc.
894 750 1025 772 vacare
1051 737 1185 782 posset,
1215 735 1279 777 „ab
1305 732 1558 767 interessentia
1583 730 1814 775 supplicatio-

47 810 143 838 num,
177 809 241 831 seu
277 807 435 841 precum,
472 798 535 828 aut
569 793 838 838 processionum
865 790 1108 837 publicarum¹⁴
1144 789 1334 833 „perpetuo
1361 787 1530 830 exempta
1565 786 1601 818 et
1636 783 1809 817 liberata‘

49 853 105 886 est
130 851 306 895 (Litterae
331 848 561 894 Apostolicae
588 849 654 881 etc.
685 847 780 889 155).

52 975 159 1013 628
178 976 256 1011 sive
275 984 398 1018 aug.
418 973 475 1018 (a
491 972 565 1017 3).
622 968 926 1008 SANCTUS
953 964 1380 1004 FRANGISGUS
1407 963 1499 999 DE
1527 961 1816 1005 BORGIA,

238 1029 396 1063 vicarius
431 1026 610 1070 generalis
646 1025 836 1059 Societatis
872 1024 973 1065 Iesu,
1013 1019 1235 1057 URSULAE
1271 1017 1552 1059 FUGGERAE,
1592 1017 1736 1060 Georgii
1771 1016 1817 1051 11.

241 1082 395 1126 Fuggeri
428 1081 542 1114 uxori.
1348 1072 1461 1106 Roma
1487 1072 1519 1105 9.
1546 1070 1638 1104 Iunii
1667 1071 1769 1104 1565.

173 1148 228 1182 Ex
263 1144 469 1191 apographo
505 1143 666 1178 eiusdem
703 1141 894 1186 temporis;
931 1141 968 1174 in
1002 1138 1176 1182 margine,
1209 1138 1334 1172 eadem
1367 1147 1495 1170 manu:
1539 1134 1639 1178 „Alla
1667 1134 1819 1178 Signora

53 1201 250 1237 Fuchera‘.
302 1199 385 1234 Cod.
418 1198 557 1241 „Germ
585 1197 659 1246 61st
681 1196 705 1230 f.
733 1195 812 1230 293.

58 1307 69 1315 ,
172 1272 243 1305 Pro
271 1272 398 1304 litteris
423 1274 453 1302 et
478 1269 566 1311 stipe
586 1279 654 1311 per
675 1268 859 1301 Canisz'zcm
886 1266 1004 1298 missis
1019 1265 1159 1308 yratz'as
1181 1263 1265 1305 ayit.
1300 1262 1372 1295 Hic
1398 1265 1438 1304 et,
1464 1260 1496 1293 si
1512 1270 1633 1293 rernm
1653 1262 1822 1301 auant-sta-

53 1337 187 1360 narum
213 1325 373 1358 condicto
408 1324 446 1356 id
477 1323 577 1365 feret,
615 1322 720 1353 ettam
749 1321 875 1363 plures
901 1320 1097 1361 Accyzcstam
1126 1317 1322 1349 mittentur.
1373 1314 1528 1346 Societas
1551 1323 1619 1355 pro
1646 1312 1822 1354 Fccyyerz's

54 1381 167 1414 Deum
192 1378 408 1422 precabitur.
452 1375 603 1410 Ursulae
627 1375 696 1416 filii
723 1374 760 1406 in
787 1373 927 1415 colleyfo
951 1371 1155 1415 yermanico
1182 1370 1263 1402 bene
1287 1378 1321 1401 se
1343 1371 1484 1410 yerunt.
1523 1367 1575 1400 De
1600 1366 1822 1408 feneratione

54 1444 133 1466 cum
163 1432 306 1465 Canis-io
332 1429 558 1464 tractabitur.

315 1508 410 1550 Pax
441 1505 594 1548 christi
629 1507 725 1547 etc.

174 1578 360 1621 Illustris
393 1576 567 1618 domina
600 1577 644 1618 et
676 1573 778 1616 mihi
811 1573 854 1614 in
888 1571 1048 1613 christo
1082 1565 1490 1612 obseruandissima.

174 1643 338 1686 Attulit
379 1642 511 1684 Pater
553 1639 748 1682 Canisius
789 1639 842 1681 D.
875 1637 923 1680 T.
957 1636 1109 1678 literas
1151 1635 1220 1677 25.
1254 1633 1403 1688 aprilis
1446 1631 1500 1674 ad
1540 1644 1609 1673 me
1652 1629 1822 1677 datas1,

57 1709 284 1753 charitatis
317 1711 361 1751 et
392 1705 571 1761 pietatis
604 1706 838 1747 consuetae
871 1700 1166 1745 testimonium
1200 1698 1563 1753 praeseferentes,
1598 1709 1683 1749 qua
1704 1695 1756 1737 D.
1775 1694 1823 1736 T.

58 1789 137 1817 nos
181 1787 329 1816 omnes
373 1786 424 1814 ac
469 1771 725 1813 societatem
768 1771 963 1810 nostram
1009 1766 1053 1808 in
1098 1765 1270 1807 domino
1315 1761 1628 1817 complectitur,
1675 1758 1826 1802 attulit

59 1840 171 1883 idem
204 1841 330 1894 pater
362 1836 641 1879 elemosinam
672 1835 715 1876 in
748 1833 983 1875 subsidium
1017 1828 1369 1883 congregationis
1401 1830 1576 1870 nostrae
1609 1824 1826 1879 generalis

60 1919 188 1959 quarn
221 1903 410 1946 maxime
443 1903 744 1955 opportunam,
779 1900 823 1940 et
854 1901 945 1941 tam
978 1897 1030 1938 de
1061 1896 1155 1950 ipso
1188 1895 1348 1936 affectu
1381 1907 1509 1946 quam
1543 1891 1595 1933 de
1628 1891 1738 1932 dono
1772 1902 1828 1931 ex

59 1971 133 2013 illo
177 1966 427 2024 procedenti
471 1965 639 2019 gratias
683 1978 812 2017 quam
856 1963 1070 2005 maximas
1116 1960 1254 2002 habeo
1308 1961 1353 2001 et
1397 1957 1584 2000 omnium
1629 1957 1827 1997 nostrum

60 2035 231 2078 nomine
264 2047 347 2087 ago
380 2032 431 2074 D.
465 2032 513 2074 Τ.
549 2031 613 2072 cui
648 2043 752 2072 sane
793 2030 841 2071 ut
872 2042 950 2070 nos
982 2026 1213 2081 plurimum
1246 2024 1403 2066 debere
1436 2020 1723 2076 agnoscimus,
1764 2018 1828 2061 ita

61 2102 107 2143 et
139 2100 265 2141 deum
296 2111 524 2152 precamur
546 2095 730 2144 assidue,
764 2096 812 2136 ut
834 2092 1009 2147 copiosa
1041 2094 1086 2134 et
1107 2091 1287 2132 aeterna
1317 2086 1665 2130 remuneratione
1697 2085 1828 2126 bene-

61 2165 155 2208 fitia
185 2165 230 2206 in
261 2178 338 2205 nos
371 2165 460 2204 tam
494 2161 646 2203 crebro
680 2159 840 2201 collata
872 2157 1095 2212 rependat.

181 2228 302 2279 Quod
334 2227 493 2270 attinet
526 2226 579 2267 ad
612 2224 920 2267 remittendum
952 2224 1004 2266 D.
1038 2220 1253 2263 Canisium
1292 2221 1392 2274 post
1423 2216 1598 2270 negotia
1631 2229 1741 2268 quae
1774 2213 1829 2256 ad

63 2294 133 2337 dei
163 2295 369 2336 honorem
409 2293 452 2334 et
485 2291 723 2333 animarum
758 2288 965 2331 auxilium
998 2286 1317 2335 tractabuntur,
1360 2283 1559 2326 confecta
1590 2295 1675 2322 non
1709 2279 1830 2321 dubi-

63 2362 209 2402 tamus
238 2358 280 2400 id
314 2370 444 2399 curae
477 2356 569 2398 fore
601 2354 856 2408 Praeposito
881 2351 1081 2395 Generali
1115 2351 1186 2404 qui
1219 2349 1382 2391 electus
1414 2347 1558 2396 fuerit,
1592 2359 1670 2387 nec
1704 2344 1830 2387 omit-

63 2427 206 2467 temus
239 2423 340 2476 quin
372 2435 448 2463 suo
481 2424 676 2474 tempore
709 2419 789 2460 hoc
822 2418 860 2460 ei
892 2418 935 2460 in
962 2416 1211 2459 memoriam
1246 2414 1513 2461 reducamus,
1548 2410 1661 2464 quod
1693 2409 1729 2451 si
1760 2423 1831 2450 res

67 2490 278 2542 augustae
320 2487 381 2528 sic
423 2488 570 2528 essent
612 2483 848 2538 dispositae
889 2485 937 2525 ut
979 2482 1124 2536 plures
1157 2478 1342 2534 operarij
1381 2477 1435 2519 ad
1468 2476 1638 2517 uineam
1672 2473 1832 2515 domini

67 2553 348 2596 excolendam
381 2565 430 2593 eo
454 2550 569 2592 mitti
600 2551 790 2604 possent,
824 2548 1041 2597 uoluntas,
1075 2548 1123 2587 ut
1146 2558 1285 2599 spero,
1321 2557 1394 2585 eos
1426 2540 1625 2583 mittendi
1657 2539 1831 2580 minime

67 2618 220 2661 deerit.

186 2681 308 2732 Quod
348 2694 451 2722 uero
485 2680 535 2723 D.
570 2679 617 2721 T.
652 2692 697 2720 se
740 2692 790 2719 ac
830 2677 1042 2719 illustrem
1085 2673 1316 2716 Dominum
1356 2670 1587 2723 Georgium
1628 2667 1833 2710 maritum

71 2761 207 2798 suum,
250 2746 409 2788 liberos
450 2759 501 2786 ac
532 2746 672 2786 totam
712 2742 921 2784 familiam
964 2740 1202 2793 fugericam
1235 2738 1277 2779 in
1311 2735 1578 2778 orationibus
1610 2733 1834 2775 societatis

70 2815 246 2854 nostrae
278 2810 389 2865 petit
421 2808 689 2859 comendari,
724 2808 798 2848 fiet
832 2821 857 2848 a
889 2805 1010 2847 nobis
1043 2802 1324 2846 libentissime
1356 2815 1432 2855 pro
1464 2814 1513 2842 eo
1547 2813 1597 2841 ac
1630 2799 1834 2840 debemus

73 2879 116 2919 et
147 2877 335 2918 letamur
365 2875 408 2915 in
441 2873 611 2915 domino
645 2872 757 2925 quod
791 2872 873 2912 duo
905 2870 979 2923 filij
1006 2870 1056 2911 D.
1081 2869 1159 2910 Τ.2
1192 2866 1263 2920 qui
1294 2866 1337 2907 in
1371 2864 1553 2918 collegio
1586 2863 1833 2917 germanico

73 2940 236 2982 Romae
258 2941 503 2989 uersantur‚
538 2951 632 2980 eam
655 2936 841 2978 indolem
865 2934 1110 2981 ostendunt,
1144 2932 1257 2973 vnde
1288 2930 1440 2972 merito
1473 2943 1593 2983 spem
1626 2927 1835 2982 optimam

74 3004 378 3059 concipiamus,
422 3003 532 3057 quod
576 3015 757 3055 magnos
798 3013 1055 3055 progressus
1096 2998 1138 3039 in
1181 2996 1345 3051 pietate
1387 3009 1437 3037 ac
1478 2993 1710 3036 uirtutibus
1749 2992 1837 3034 sint

75 3069 246 3112 facturi.

198 3186 208 3206 ²
234 3185 285 3220 De
311 3185 367 3219 his
393 3197 426 3219 v.
454 3195 561 3228 supra
588 3195 622 3228 p.
646 3181 844 3217 533-534.
990 3181 1002 3200 ²
1028 3178 1216 3223 Philippus
1243 3176 1430 3211 Eduardus
1457 3177 1493 3210 et
1518 3174 1752 3209 Octavianus.
