<?xml version="1.0" encoding="UTF-8"?>
<!DOCTYPE html PUBLIC "-//W3C//DTD XHTML 1.0 Transitional//EN"
    "http://www.w3.org/TR/xhtml1/DTD/xhtml1-transitional.dtd">
<html xmlns="http://www.w3.org/1999/xhtml" xml:lang="en" lang="en">
 <head>
  <title>
</title>
<meta http-equiv="Content-Type" content="text/html;charset=utf-8" />
  <meta name='ocr-system' content='tesseract 3.04.00' />
  <meta name='ocr-capabilities' content='ocr_page ocr_carea ocr_par ocr_line ocrx_word'/>
</head>
<body>
  <div class='ocr_page' id='page_1' title='image "beatipetricanisi05cani_0063.png"; bbox 0 0 2077 3461; ppageno 0'>
   <div class='ocr_carea' id='block_1_1' title="bbox 112 315 200 350">
    <p class='ocr_par' dir='ltr' id='par_1_1' title="bbox 112 315 200 350">
     <span class='ocr_line' id='line_1_1' title="bbox 112 315 200 350; baseline -0.011 0"><span class='ocrx_word' id='word_1_1' title='bbox 112 315 200 350; x_wconf 87' lang='grc'>1566</span> 
     </span>
    </p>
   </div>
   <div class='ocr_carea' id='block_1_2' title="bbox 100 441 211 481">
    <p class='ocr_par' dir='ltr' id='par_1_2' title="bbox 100 441 211 481">
     <span class='ocr_line' id='line_1_2' title="bbox 100 441 211 481; baseline 0 0"><span class='ocrx_word' id='word_1_2' title='bbox 100 441 211 481; x_wconf 91' lang='grc'>1566</span> 
     </span>
    </p>
   </div>
   <div class='ocr_carea' id='block_1_3' title="bbox 110 841 199 875">
    <p class='ocr_par' dir='ltr' id='par_1_3' title="bbox 110 841 199 875">
     <span class='ocr_line' id='line_1_3' title="bbox 110 841 199 875; baseline 0.011 -1"><span class='ocrx_word' id='word_1_3' title='bbox 110 841 199 875; x_wconf 87' lang='grc'>1566</span> 
     </span>
    </p>
   </div>
   <div class='ocr_carea' id='block_1_4' title="bbox 107 1000 200 1153">
    <p class='ocr_par' dir='ltr' id='par_1_4' title="bbox 107 1000 200 1153">
     <span class='ocr_line' id='line_1_4' title="bbox 107 1000 200 1037; baseline -0.022 0"><span class='ocrx_word' id='word_1_4' title='bbox 107 1000 200 1037; x_wconf 89' lang='grc'>1566</span> 
     </span>
     <span class='ocr_line' id='line_1_5' title="bbox 109 1059 198 1094; baseline -0.011 0"><span class='ocrx_word' id='word_1_5' title='bbox 109 1059 198 1094; x_wconf 89' lang='grc'>1566</span> 
     </span>
     <span class='ocr_line' id='line_1_6' title="bbox 108 1118 199 1153; baseline -0.011 0"><span class='ocrx_word' id='word_1_6' title='bbox 108 1118 199 1153; x_wconf 88' lang='lat'>1566</span> 
     </span>
    </p>
   </div>
   <div class='ocr_carea' id='block_1_5' title="bbox 80 1278 198 1312">
    <p class='ocr_par' dir='ltr' id='par_1_5' title="bbox 80 1278 198 1312">
     <span class='ocr_line' id='line_1_7' title="bbox 80 1278 198 1312; baseline 0 0"><span class='ocrx_word' id='word_1_7' title='bbox 80 1282 83 1283; x_wconf 72' lang='grc'>’</span> <span class='ocrx_word' id='word_1_8' title='bbox 107 1278 198 1312; x_wconf 90' lang='grc'>1566</span> 
     </span>
    </p>
   </div>
   <div class='ocr_carea' id='block_1_6' title="bbox 107 1493 196 1586">
    <p class='ocr_par' dir='ltr' id='par_1_6' title="bbox 107 1493 196 1586">
     <span class='ocr_line' id='line_1_8' title="bbox 107 1493 196 1527; baseline 0 0"><span class='ocrx_word' id='word_1_9' title='bbox 107 1493 196 1527; x_wconf 88' lang='grc'>1566</span> 
     </span>
     <span class='ocr_line' id='line_1_9' title="bbox 107 1552 196 1586; baseline 0 0"><span class='ocrx_word' id='word_1_10' title='bbox 107 1552 196 1586; x_wconf 88' lang='grc'>1566</span> 
     </span>
    </p>
   </div>
   <div class='ocr_carea' id='block_1_7' title="bbox 105 1711 195 1746">
    <p class='ocr_par' dir='ltr' id='par_1_7' title="bbox 105 1711 195 1746">
     <span class='ocr_line' id='line_1_10' title="bbox 105 1711 195 1746; baseline 0.011 -1"><span class='ocrx_word' id='word_1_11' title='bbox 105 1711 195 1746; x_wconf 85' lang='grc'>1566</span> 
     </span>
    </p>
   </div>
   <div class='ocr_carea' id='block_1_8' title="bbox 105 1824 195 1917">
    <p class='ocr_par' dir='ltr' id='par_1_8' title="bbox 105 1824 195 1917">
     <span class='ocr_line' id='line_1_11' title="bbox 105 1824 195 1858; baseline 0.011 -1"><span class='ocrx_word' id='word_1_12' title='bbox 105 1824 195 1858; x_wconf 89' lang='grc'>1566</span> 
     </span>
     <span class='ocr_line' id='line_1_12' title="bbox 105 1883 194 1917; baseline 0.011 -1"><span class='ocrx_word' id='word_1_13' title='bbox 105 1883 194 1917; x_wconf 90' lang='grc'>1566</span> 
     </span>
    </p>
   </div>
   <div class='ocr_carea' id='block_1_9' title="bbox 103 2255 193 2290">
    <p class='ocr_par' dir='ltr' id='par_1_9' title="bbox 103 2255 193 2290">
     <span class='ocr_line' id='line_1_13' title="bbox 103 2255 193 2290; baseline 0.011 -1"><span class='ocrx_word' id='word_1_14' title='bbox 103 2255 193 2290; x_wconf 89' lang='grc'>1566</span> 
     </span>
    </p>
   </div>
   <div class='ocr_carea' id='block_1_10' title="bbox 102 2367 192 2402">
    <p class='ocr_par' dir='ltr' id='par_1_10' title="bbox 102 2367 192 2402">
     <span class='ocr_line' id='line_1_14' title="bbox 102 2367 192 2402; baseline 0 0"><span class='ocrx_word' id='word_1_15' title='bbox 102 2367 192 2402; x_wconf 88' lang='grc'>1566</span> 
     </span>
    </p>
   </div>
   <div class='ocr_carea' id='block_1_11' title="bbox 102 2474 191 2509">
    <p class='ocr_par' dir='ltr' id='par_1_11' title="bbox 102 2474 191 2509">
     <span class='ocr_line' id='line_1_15' title="bbox 102 2474 191 2509; baseline 0.022 -2"><span class='ocrx_word' id='word_1_16' title='bbox 102 2474 191 2509; x_wconf 89' lang='grc'>1566</span> 
     </span>
    </p>
   </div>
   <div class='ocr_carea' id='block_1_12' title="bbox 102 2692 191 2845">
    <p class='ocr_par' dir='ltr' id='par_1_12' title="bbox 102 2692 191 2845">
     <span class='ocr_line' id='line_1_16' title="bbox 102 2692 191 2727; baseline 0.011 -1"><span class='ocrx_word' id='word_1_17' title='bbox 102 2692 191 2727; x_wconf 85' lang='grc'>1566</span> 
     </span>
     <span class='ocr_line' id='line_1_17' title="bbox 102 2752 190 2785; baseline 0 0"><span class='ocrx_word' id='word_1_18' title='bbox 102 2752 190 2785; x_wconf 85' lang='grc'>1566</span> 
     </span>
     <span class='ocr_line' id='line_1_18' title="bbox 102 2811 191 2845; baseline 0.022 -2"><span class='ocrx_word' id='word_1_19' title='bbox 102 2811 191 2845; x_wconf 86' lang='grc'>1566</span> 
     </span>
    </p>
   </div>
   <div class='ocr_carea' id='block_1_13' title="bbox 100 3074 190 3109">
    <p class='ocr_par' dir='ltr' id='par_1_13' title="bbox 100 3074 190 3109">
     <span class='ocr_line' id='line_1_19' title="bbox 100 3074 190 3109; baseline 0.011 -1"><span class='ocrx_word' id='word_1_20' title='bbox 100 3074 190 3109; x_wconf 80' lang='grc'>1566</span> 
     </span>
    </p>
   </div>
   <div class='ocr_carea' id='block_1_14' title="bbox 229 319 250 3218">
    <p class='ocr_par' dir='ltr' id='par_1_14' title="bbox 229 319 250 3218">
     <span class='ocr_line' id='line_1_20' title="bbox 229 319 250 3218; baseline 0 0"><span class='ocrx_word' id='word_1_21' title='bbox 229 319 250 3218; x_wconf 95' lang='lat' dir='ltr'> </span> 
     </span>
    </p>
   </div>
   <div class='ocr_carea' id='block_1_15' title="bbox 553 195 1329 231">
    <p class='ocr_par' dir='ltr' id='par_1_15' title="bbox 553 195 1329 231">
     <span class='ocr_line' id='line_1_21' title="bbox 553 195 1329 231; baseline 0 -1"><span class='ocrx_word' id='word_1_22' title='bbox 553 196 642 230; x_wconf 86' lang='grc'>1566</span> <span class='ocrx_word' id='word_1_23' title='bbox 667 195 768 230; x_wconf 88' lang='lat' dir='ltr'>Iunio</span> <span class='ocrx_word' id='word_1_24' title='bbox 795 198 948 230; x_wconf 80' lang='lat' dir='ltr'>exeunte</span> <span class='ocrx_word' id='word_1_25' title='bbox 976 216 1017 219; x_wconf 89' lang='lat'>—</span> <span class='ocrx_word' id='word_1_26' title='bbox 1048 197 1137 231; x_wconf 88' lang='lat'>1566</span> <span class='ocrx_word' id='word_1_27' title='bbox 1163 196 1254 231; x_wconf 87' lang='lat' dir='ltr'>Nov.</span> <span class='ocrx_word' id='word_1_28' title='bbox 1276 197 1329 231; x_wconf 86' lang='lat'>19.</span> 
     </span>
    </p>
   </div>
   <div class='ocr_carea' id='block_1_16' title="bbox 319 313 567 358">
    <p class='ocr_par' dir='ltr' id='par_1_16' title="bbox 319 313 567 358">
     <span class='ocr_line' id='line_1_22' title="bbox 319 313 567 358; baseline 0 -10"><span class='ocrx_word' id='word_1_29' title='bbox 319 314 385 348; x_wconf 90' lang='lat' dir='ltr'>sub</span> <span class='ocrx_word' id='word_1_30' title='bbox 412 314 443 348; x_wconf 89' lang='lat'>9.</span> <span class='ocrx_word' id='word_1_31' title='bbox 471 313 567 358; x_wconf 80' lang='lat' dir='ltr'>sept.</span> 
     </span>
    </p>
   </div>
   <div class='ocr_carea' id='block_1_17' title="bbox 324 439 545 557">
    <p class='ocr_par' dir='ltr' id='par_1_17' title="bbox 324 439 545 557">
     <span class='ocr_line' id='line_1_23' title="bbox 328 439 543 482; baseline -0.005 -1"><span class='ocrx_word' id='word_1_32' title='bbox 328 453 354 481; x_wconf 85' lang='lat' dir='ltr'>a</span> <span class='ocrx_word' id='word_1_33' title='bbox 389 441 455 482; x_wconf 87' lang='lat'>10.</span> <span class='ocrx_word' id='word_1_34' title='bbox 490 439 543 480; x_wconf 87' lang='lat' dir='ltr'>ad</span> 
     </span>
     <span class='ocr_line' id='line_1_24' title="bbox 324 504 545 557; baseline 0 -12"><span class='ocrx_word' id='word_1_35' title='bbox 324 506 391 548; x_wconf 80' lang='lat'>21.</span> <span class='ocrx_word' id='word_1_36' title='bbox 427 504 545 557; x_wconf 82' lang='lat' dir='ltr'>Sept.</span> 
     </span>
    </p>
   </div>
   <div class='ocr_carea' id='block_1_18' title="bbox 354 839 525 884">
    <p class='ocr_par' dir='ltr' id='par_1_18' title="bbox 354 839 525 884">
     <span class='ocr_line' id='line_1_25' title="bbox 354 839 525 884; baseline 0.006 -11"><span class='ocrx_word' id='word_1_37' title='bbox 354 840 451 884; x_wconf 83' lang='lat' dir='ltr'>Sept.</span> <span class='ocrx_word' id='word_1_38' title='bbox 473 839 525 874; x_wconf 96' lang='grc'>12.</span> 
     </span>
    </p>
   </div>
   <div class='ocr_carea' id='block_1_19' title="bbox 309 997 573 1102">
    <p class='ocr_par' dir='ltr' id='par_1_19' title="bbox 309 997 573 1102">
     <span class='ocr_line' id='line_1_26' title="bbox 309 997 573 1043; baseline -0.008 -9"><span class='ocrx_word' id='word_1_39' title='bbox 309 999 374 1034; x_wconf 88' lang='lat' dir='ltr'>sub</span> <span class='ocrx_word' id='word_1_40' title='bbox 402 999 458 1033; x_wconf 89' lang='grc'>21.</span> <span class='ocrx_word' id='word_1_41' title='bbox 478 997 573 1043; x_wconf 84' lang='lat' dir='ltr'>Sept.</span> 
     </span>
     <span class='ocr_line' id='line_1_27' title="bbox 356 1057 527 1102; baseline -0.006 -10"><span class='ocrx_word' id='word_1_42' title='bbox 356 1057 451 1102; x_wconf 84' lang='lat' dir='ltr'>Sept.</span> <span class='ocrx_word' id='word_1_43' title='bbox 472 1058 527 1092; x_wconf 83' lang='lat'>26.</span> 
     </span>
    </p>
   </div>
   <div class='ocr_carea' id='block_1_20' title="bbox 261 1117 614 1162">
    <p class='ocr_par' dir='ltr' id='par_1_20' title="bbox 261 1117 614 1162">
     <span class='ocr_line' id='line_1_28' title="bbox 261 1117 614 1162; baseline -0.003 -11"><span class='ocrx_word' id='word_1_44' title='bbox 261 1118 353 1152; x_wconf 88' lang='lat' dir='ltr'>inter</span> <span class='ocrx_word' id='word_1_45' title='bbox 379 1118 436 1151; x_wconf 86' lang='grc'>26.</span> <span class='ocrx_word' id='word_1_46' title='bbox 454 1117 551 1162; x_wconf 82' lang='lat' dir='ltr'>Sept.</span> <span class='ocrx_word' id='word_1_47' title='bbox 578 1120 614 1150; x_wconf 88' lang='lat' dir='ltr'>et</span> 
     </span>
    </p>
   </div>
   <div class='ocr_carea' id='block_1_21' title="bbox 372 1170 501 1205">
    <p class='ocr_par' dir='ltr' id='par_1_21' title="bbox 372 1170 501 1205">
     <span class='ocr_line' id='line_1_29' title="bbox 372 1170 501 1205; baseline 0.008 -1"><span class='ocrx_word' id='word_1_48' title='bbox 372 1171 402 1205; x_wconf 82' lang='grc'>3.</span> <span class='ocrx_word' id='word_1_49' title='bbox 423 1170 501 1205; x_wconf 84' lang='lat' dir='ltr'>Oct.</span> 
     </span>
    </p>
   </div>
   <div class='ocr_carea' id='block_1_22' title="bbox 371 1276 501 1312">
    <p class='ocr_par' dir='ltr' id='par_1_22' title="bbox 371 1276 501 1312">
     <span class='ocr_line' id='line_1_30' title="bbox 371 1276 501 1312; baseline -0.008 -1"><span class='ocrx_word' id='word_1_50' title='bbox 371 1276 449 1312; x_wconf 86' lang='lat' dir='ltr'>Oct.</span> <span class='ocrx_word' id='word_1_51' title='bbox 468 1277 501 1311; x_wconf 94' lang='grc'>2.</span> 
     </span>
    </p>
   </div>
   <div class='ocr_carea' id='block_1_23' title="bbox 369 1490 499 1584">
    <p class='ocr_par' dir='ltr' id='par_1_23' title="bbox 369 1490 499 1584">
     <span class='ocr_line' id='line_1_31' title="bbox 369 1490 499 1525; baseline -0.008 0"><span class='ocrx_word' id='word_1_52' title='bbox 369 1490 447 1525; x_wconf 86' lang='lat' dir='ltr'>Oct.</span> <span class='ocrx_word' id='word_1_53' title='bbox 466 1491 499 1524; x_wconf 83' lang='lat'>4.</span> 
     </span>
     <span class='ocr_line' id='line_1_32' title="bbox 369 1549 499 1584; baseline 0.008 -1"><span class='ocrx_word' id='word_1_54' title='bbox 369 1549 447 1584; x_wconf 87' lang='lat' dir='ltr'>Oct.</span> <span class='ocrx_word' id='word_1_55' title='bbox 467 1550 499 1584; x_wconf 83' lang='lat'>5.</span> 
     </span>
    </p>
   </div>
   <div class='ocr_carea' id='block_1_24' title="bbox 314 1710 550 1745">
    <p class='ocr_par' dir='ltr' id='par_1_24' title="bbox 314 1710 550 1745">
     <span class='ocr_line' id='line_1_33' title="bbox 314 1710 550 1745; baseline -0.004 0"><span class='ocrx_word' id='word_1_56' title='bbox 314 1710 393 1745; x_wconf 87' lang='lat' dir='ltr'>Oct.</span> <span class='ocrx_word' id='word_1_57' title='bbox 412 1710 550 1745; x_wconf 81' lang='grc'>5.-20.</span> 
     </span>
    </p>
   </div>
   <div class='ocr_carea' id='block_1_25' title="bbox 360 1822 513 1857">
    <p class='ocr_par' dir='ltr' id='par_1_25' title="bbox 360 1822 513 1857">
     <span class='ocr_line' id='line_1_34' title="bbox 360 1822 513 1857; baseline -0.007 0"><span class='ocrx_word' id='word_1_58' title='bbox 360 1822 429 1857; x_wconf 88' lang='lat' dir='ltr'>Oct</span> <span class='ocrx_word' id='word_1_59' title='bbox 458 1822 513 1857; x_wconf 89' lang='grc'>22.</span> 
     </span>
    </p>
   </div>
   <div class='ocr_carea' id='block_1_26' title="bbox 315 1882 550 1971">
    <p class='ocr_par' dir='ltr' id='par_1_26' title="bbox 315 1882 550 1971">
     <span class='ocr_line' id='line_1_35' title="bbox 315 1882 550 1917; baseline 0 -1"><span class='ocrx_word' id='word_1_60' title='bbox 315 1883 407 1917; x_wconf 84' lang='lat' dir='ltr'>inter</span> <span class='ocrx_word' id='word_1_61' title='bbox 433 1882 488 1917; x_wconf 83' lang='grc'>24.</span> <span class='ocrx_word' id='word_1_62' title='bbox 515 1884 550 1916; x_wconf 83' lang='lat' dir='ltr'>et</span> 
     </span>
     <span class='ocr_line' id='line_1_36' title="bbox 350 1935 513 1971; baseline -0.006 0"><span class='ocrx_word' id='word_1_63' title='bbox 350 1937 406 1971; x_wconf 83' lang='lat'>29.</span> <span class='ocrx_word' id='word_1_64' title='bbox 434 1935 513 1970; x_wconf 85' lang='lat' dir='ltr'>Oct.</span> 
     </span>
    </p>
   </div>
   <div class='ocr_carea' id='block_1_27' title="bbox 313 2257 552 2344">
    <p class='ocr_par' dir='ltr' id='par_1_27' title="bbox 313 2257 552 2344">
     <span class='ocr_line' id='line_1_37' title="bbox 313 2257 552 2291; baseline -0.004 -1"><span class='ocrx_word' id='word_1_65' title='bbox 313 2257 407 2290; x_wconf 84' lang='lat' dir='ltr'>inter</span> <span class='ocrx_word' id='word_1_66' title='bbox 432 2257 488 2291; x_wconf 88' lang='grc'>24.</span> <span class='ocrx_word' id='word_1_67' title='bbox 516 2258 552 2290; x_wconf 87' lang='lat' dir='ltr'>et</span> 
     </span>
     <span class='ocr_line' id='line_1_38' title="bbox 349 2309 510 2344; baseline 0.006 -1"><span class='ocrx_word' id='word_1_68' title='bbox 349 2309 404 2343; x_wconf 83' lang='lat'>29.</span> <span class='ocrx_word' id='word_1_69' title='bbox 433 2309 510 2344; x_wconf 82' lang='lat' dir='ltr'>Oct.</span> 
     </span>
    </p>
   </div>
   <div class='ocr_carea' id='block_1_28' title="bbox 278 2367 589 2465">
    <p class='ocr_par' dir='ltr' id='par_1_28' title="bbox 278 2367 589 2465">
     <span class='ocr_line' id='line_1_39' title="bbox 278 2367 589 2410; baseline 0 -8"><span class='ocrx_word' id='word_1_70' title='bbox 278 2367 356 2402; x_wconf 84' lang='lat' dir='ltr'>Oct.</span> <span class='ocrx_word' id='word_1_71' title='bbox 378 2368 449 2410; x_wconf 83' lang='grc'>(29.</span> <span class='ocrx_word' id='word_1_72' title='bbox 476 2371 516 2402; x_wconf 87' lang='lat' dir='ltr'>ut</span> <span class='ocrx_word' id='word_1_73' title='bbox 542 2368 589 2402; x_wconf 88' lang='lat' dir='ltr'>vi·</span> 
     </span>
     <span class='ocr_line' id='line_1_40' title="bbox 373 2421 491 2465; baseline 0 -10"><span class='ocrx_word' id='word_1_74' title='bbox 373 2421 491 2465; x_wconf 87' lang='lat' dir='ltr'>detur)</span> 
     </span>
    </p>
   </div>
   <div class='ocr_carea' id='block_1_29' title="bbox 289 2474 568 2624">
    <p class='ocr_par' dir='ltr' id='par_1_29' title="bbox 289 2474 568 2624">
     <span class='ocr_line' id='line_1_41' title="bbox 289 2474 568 2509; baseline 0.004 -1"><span class='ocrx_word' id='word_1_75' title='bbox 289 2486 309 2508; x_wconf 83' lang='lat' dir='ltr'>a</span> <span class='ocrx_word' id='word_1_76' title='bbox 335 2474 391 2509; x_wconf 83' lang='grc'>30.</span> <span class='ocrx_word' id='word_1_77' title='bbox 419 2474 497 2509; x_wconf 83' lang='lat' dir='ltr'>Oct.</span> <span class='ocrx_word' id='word_1_78' title='bbox 525 2475 568 2509; x_wconf 85' lang='lat' dir='ltr'>ad</span> 
     </span>
     <span class='ocr_line' id='line_1_42' title="bbox 301 2527 557 2562; baseline 0.004 -1"><span class='ocrx_word' id='word_1_79' title='bbox 301 2528 441 2561; x_wconf 85' lang='lat' dir='ltr'>initium</span> <span class='ocrx_word' id='word_1_80' title='bbox 468 2527 557 2562; x_wconf 89' lang='lat' dir='ltr'>Nov.</span> 
     </span>
     <span class='ocr_line' id='line_1_43' title="bbox 342 2580 520 2624; baseline 0.006 -10"><span class='ocrx_word' id='word_1_81' title='bbox 342 2580 520 2624; x_wconf 72' lang='lat'>(3.—5.‘.2)</span> 
     </span>
    </p>
   </div>
   <div class='ocr_carea' id='block_1_30' title="bbox 252 2692 604 2846">
    <p class='ocr_par' dir='ltr' id='par_1_30' title="bbox 252 2692 604 2846">
     <span class='ocr_line' id='line_1_44' title="bbox 267 2692 588 2734; baseline 0 -7"><span class='ocrx_word' id='word_1_82' title='bbox 267 2692 370 2734; x_wconf 88' lang='lat' dir='ltr'>Nov.‚</span> <span class='ocrx_word' id='word_1_83' title='bbox 397 2696 479 2727; x_wconf 85' lang='lat' dir='ltr'>ante</span> <span class='ocrx_word' id='word_1_84' title='bbox 506 2693 538 2728; x_wconf 87' lang='lat' dir='ltr'>d.</span> <span class='ocrx_word' id='word_1_85' title='bbox 557 2694 588 2727; x_wconf 90' lang='lat'>6.</span> 
     </span>
     <span class='ocr_line' id='line_1_45' title="bbox 252 2752 604 2797; baseline 0 -11"><span class='ocrx_word' id='word_1_86' title='bbox 252 2752 357 2797; x_wconf 86' lang='lat' dir='ltr'>paulo</span> <span class='ocrx_word' id='word_1_87' title='bbox 377 2755 457 2796; x_wconf 85' lang='lat' dir='ltr'>post</span> <span class='ocrx_word' id='word_1_88' title='bbox 471 2753 501 2787; x_wconf 88' lang='lat'>6.</span> <span class='ocrx_word' id='word_1_89' title='bbox 514 2752 604 2787; x_wconf 92' lang='lat' dir='ltr'>Nov.</span> 
     </span>
     <span class='ocr_line' id='line_1_46' title="bbox 284 2811 580 2846; baseline 0 -1"><span class='ocrx_word' id='word_1_90' title='bbox 284 2811 400 2846; x_wconf 86' lang='lat' dir='ltr'>medio</span> <span class='ocrx_word' id='word_1_91' title='bbox 426 2823 471 2846; x_wconf 87' lang='lat' dir='ltr'>m.</span> <span class='ocrx_word' id='word_1_92' title='bbox 491 2811 580 2846; x_wconf 90' lang='lat' dir='ltr'>Nov.</span> 
     </span>
    </p>
   </div>
   <div class='ocr_carea' id='block_1_31' title="bbox 344 3075 509 3110">
    <p class='ocr_par' dir='ltr' id='par_1_31' title="bbox 344 3075 509 3110">
     <span class='ocr_line' id='line_1_47' title="bbox 344 3075 509 3110; baseline 0 0"><span class='ocrx_word' id='word_1_93' title='bbox 344 3075 434 3110; x_wconf 88' lang='lat' dir='ltr'>Nov.</span> <span class='ocrx_word' id='word_1_94' title='bbox 457 3077 509 3110; x_wconf 81' lang='lat'>19.</span> 
     </span>
    </p>
   </div>
   <div class='ocr_carea' id='block_1_32' title="bbox 1733 198 1824 226">
    <p class='ocr_par' dir='ltr' id='par_1_32' title="bbox 1733 198 1824 226">
     <span class='ocr_line' id='line_1_48' title="bbox 1733 198 1824 226; baseline 0 0"><span class='ocrx_word' id='word_1_95' title='bbox 1733 198 1824 226; x_wconf 87' lang='lat' dir='ltr'>LVII</span> 
     </span>
    </p>
   </div>
   <div class='ocr_carea' id='block_1_33' title="bbox 630 312 1827 1370">
    <p class='ocr_par' dir='ltr' id='par_1_33' title="bbox 654 312 1825 359">
     <span class='ocr_line' id='line_1_49' title="bbox 654 312 1825 359; baseline 0 -12"><span class='ocrx_word' id='word_1_96' title='bbox 654 313 799 357; x_wconf 76' lang='lat' dir='ltr'>Dilinga</span> <span class='ocrx_word' id='word_1_97' title='bbox 817 312 1099 359; x_wconf 73' lang='lat' dir='ltr'>wisensteigam</span> <span class='ocrx_word' id='word_1_98' title='bbox 1126 314 1168 348; x_wconf 88' lang='lat' dir='ltr'>ad</span> <span class='ocrx_word' id='word_1_99' title='bbox 1194 314 1400 349; x_wconf 83' lang='lat' dir='ltr'>Udalricum</span> <span class='ocrx_word' id='word_1_100' title='bbox 1429 314 1592 348; x_wconf 87' lang='lat' dir='ltr'>comitem</span> <span class='ocrx_word' id='word_1_101' title='bbox 1621 314 1662 347; x_wconf 90' lang='lat' dir='ltr'>de</span> <span class='ocrx_word' id='word_1_102' title='bbox 1682 313 1825 348; x_wconf 86' lang='lat' dir='ltr'>Helfen-</span> 
     </span>
    </p>

    <p class='ocr_par' dir='ltr' id='par_1_34' title="bbox 634 366 1212 426">
     <span class='ocr_line' id='line_1_50' title="bbox 634 366 1212 426; baseline 0.003 -26"><span class='ocrx_word' id='word_1_103' title='bbox 634 414 635 426; x_wconf 22' lang='lat'>¹</span> <span class='ocrx_word' id='word_1_104' title='bbox 712 367 805 400; x_wconf 85' lang='lat' dir='ltr'>stein</span> <span class='ocrx_word' id='word_1_105' title='bbox 831 366 1070 411; x_wconf 87' lang='lat' dir='ltr'>proficiscitur</span> <span class='ocrx_word' id='word_1_106' title='bbox 1098 367 1212 411; x_wconf 83' lang='grc'>(317).</span> 
     </span>
    </p>

    <p class='ocr_par' dir='ltr' id='par_1_35' title="bbox 633 438 1823 481">
     <span class='ocr_line' id='line_1_51' title="bbox 633 438 1823 481; baseline -0.001 0"><span class='ocrx_word' id='word_1_107' title='bbox 633 438 829 481; x_wconf 59' lang='grc' dir='ltr'>ἐΟοηήῒίε</span> <span class='ocrx_word' id='word_1_108' title='bbox 851 438 1044 481; x_wconf 84' lang='lat' dir='ltr'>Udalrici</span> <span class='ocrx_word' id='word_1_109' title='bbox 1076 453 1130 480; x_wconf 77' lang='lat' dir='ltr'>ex</span> <span class='ocrx_word' id='word_1_110' title='bbox 1162 438 1475 481; x_wconf 87' lang='lat' dir='ltr'>lutheranismo</span> <span class='ocrx_word' id='word_1_111' title='bbox 1509 439 1562 480; x_wconf 83' lang='lat' dir='ltr'>ad</span> <span class='ocrx_word' id='word_1_112' title='bbox 1595 438 1720 479; x_wconf 88' lang='lat' dir='ltr'>fidem</span> <span class='ocrx_word' id='word_1_113' title='bbox 1755 452 1823 480; x_wconf 88' lang='lat' dir='ltr'>ca-</span> 
     </span>
    </p>

    <p class='ocr_par' dir='ltr' id='par_1_36' title="bbox 711 503 1826 557">
     <span class='ocr_line' id='line_1_52' title="bbox 711 503 1826 557; baseline -0.002 -11"><span class='ocrx_word' id='word_1_114' title='bbox 711 503 917 546; x_wconf 81' lang='lat' dir='ltr'>tholicam</span> <span class='ocrx_word' id='word_1_115' title='bbox 941 504 1176 546; x_wconf 81' lang='lat' dir='ltr'>reducendi</span> <span class='ocrx_word' id='word_1_116' title='bbox 1198 503 1364 546; x_wconf 86' lang='lat' dir='ltr'>initium</span> <span class='ocrx_word' id='word_1_117' title='bbox 1391 503 1518 552; x_wconf 81' lang='lat' dir='ltr'>faeit;</span> <span class='ocrx_word' id='word_1_118' title='bbox 1544 503 1826 557; x_wconf 86' lang='lat' dir='ltr'>complurium</span> 
     </span>
    </p>

    <p class='ocr_par' dir='ltr' id='par_1_37' title="bbox 711 567 1826 622">
     <span class='ocr_line' id='line_1_53' title="bbox 711 567 1826 622; baseline -0.001 -12"><span class='ocrx_word' id='word_1_119' title='bbox 711 569 915 610; x_wconf 83' lang='lat' dir='ltr'>nobilium</span> <span class='ocrx_word' id='word_1_120' title='bbox 960 569 1252 611; x_wconf 85' lang='lat' dir='ltr'>confessiones</span> <span class='ocrx_word' id='word_1_121' title='bbox 1295 568 1478 622; x_wconf 75' lang='lat' dir='ltr'>excipit;</span> <span class='ocrx_word' id='word_1_122' title='bbox 1523 568 1629 610; x_wconf 88' lang='lat' dir='ltr'>duas</span> <span class='ocrx_word' id='word_1_123' title='bbox 1664 567 1826 621; x_wconf 80' lang='lat' dir='ltr'>strigas</span> 
     </span>
    </p>

    <p class='ocr_par' dir='ltr' id='par_1_38' title="bbox 711 632 1827 687">
     <span class='ocr_line' id='line_1_54' title="bbox 711 632 1827 687; baseline -0.001 -12"><span class='ocrx_word' id='word_1_124' title='bbox 711 634 977 685; x_wconf 84' lang='lat' dir='ltr'>lutheranas‚</span> <span class='ocrx_word' id='word_1_125' title='bbox 1013 648 1119 687; x_wconf 90' lang='lat' dir='ltr'>quas</span> <span class='ocrx_word' id='word_1_126' title='bbox 1152 633 1338 676; x_wconf 86' lang='lat' dir='ltr'>ministri</span> <span class='ocrx_word' id='word_1_127' title='bbox 1370 633 1589 675; x_wconf 76' lang='lat' dir='ltr'>lutherani</span> <span class='ocrx_word' id='word_1_128' title='bbox 1616 632 1827 675; x_wconf 87' lang='lat' dir='ltr'>destitue-</span> 
     </span>
    </p>

    <p class='ocr_par' dir='ltr' id='par_1_39' title="bbox 711 697 1826 750">
     <span class='ocr_line' id='line_1_55' title="bbox 711 697 1826 750; baseline 0 -11"><span class='ocrx_word' id='word_1_129' title='bbox 711 702 824 750; x_wconf 83' lang='lat' dir='ltr'>runt,</span> <span class='ocrx_word' id='word_1_130' title='bbox 869 700 922 740; x_wconf 89' lang='lat' dir='ltr'>ad</span> <span class='ocrx_word' id='word_1_131' title='bbox 964 699 1191 741; x_wconf 86' lang='lat' dir='ltr'>ecclesiam</span> <span class='ocrx_word' id='word_1_132' title='bbox 1230 698 1488 740; x_wconf 88' lang='lat' dir='ltr'>catholicam</span> <span class='ocrx_word' id='word_1_133' title='bbox 1522 697 1691 739; x_wconf 82' lang='lat' dir='ltr'>reducit</span> <span class='ocrx_word' id='word_1_134' title='bbox 1723 701 1768 740; x_wconf 87' lang='lat' dir='ltr'>et</span> <span class='ocrx_word' id='word_1_135' title='bbox 1800 712 1826 739; x_wconf 88' lang='lat' dir='ltr'>a</span> 
     </span>
    </p>

    <p class='ocr_par' dir='ltr' id='par_1_40' title="bbox 713 762 1420 817">
     <span class='ocr_line' id='line_1_56' title="bbox 713 762 1420 817; baseline 0 -13"><span class='ocrx_word' id='word_1_136' title='bbox 713 763 908 817; x_wconf 82' lang='lat' dir='ltr'>peccatis</span> <span class='ocrx_word' id='word_1_137' title='bbox 941 764 1132 806; x_wconf 79' lang='lat' dir='ltr'>absolvit</span> <span class='ocrx_word' id='word_1_138' title='bbox 1165 762 1266 816; x_wconf 79' lang='lat'>(317</span> <span class='ocrx_word' id='word_1_139' title='bbox 1305 764 1420 815; x_wconf 76' lang='lat'>780).</span> 
     </span>
    </p>

    <p class='ocr_par' dir='ltr' id='par_1_41' title="bbox 631 837 1825 887">
     <span class='ocr_line' id='line_1_57' title="bbox 631 837 1825 887; baseline -0.002 -15"><span class='ocrx_word' id='word_1_140' title='bbox 631 851 633 887; x_wconf 45' lang='grc' dir='ltr'>ᾗ</span> <span class='ocrx_word' id='word_1_141' title='bbox 655 838 723 873; x_wconf 86' lang='grc' dir='ltr'>ΡΡ.</span> <span class='ocrx_word' id='word_1_142' title='bbox 750 838 902 880; x_wconf 75' lang='lat' dir='ltr'>Natalis,</span> <span class='ocrx_word' id='word_1_143' title='bbox 930 839 979 878; x_wconf 72' lang='lat' dir='ltr'>O..</span> <span class='ocrx_word' id='word_1_144' title='bbox 1006 839 1124 874; x_wconf 78' lang='lat' dir='ltr'>Vinck</span> <span class='ocrx_word' id='word_1_145' title='bbox 1151 851 1171 873; x_wconf 87' lang='lat' dir='ltr'>a</span> <span class='ocrx_word' id='word_1_146' title='bbox 1198 838 1233 873; x_wconf 83' lang='lat' dir='ltr'>S.</span> <span class='ocrx_word' id='word_1_147' title='bbox 1262 839 1324 873; x_wconf 86' lang='lat' dir='ltr'>Pio</span> <span class='ocrx_word' id='word_1_148' title='bbox 1352 837 1394 872; x_wconf 90' lang='lat' dir='ltr'>V.</span> <span class='ocrx_word' id='word_1_149' title='bbox 1423 837 1590 871; x_wconf 85' lang='lat' dir='ltr'>iubentur</span> <span class='ocrx_word' id='word_1_150' title='bbox 1617 849 1754 876; x_wconf 82' lang='lat' dir='ltr'>curare,</span> <span class='ocrx_word' id='word_1_151' title='bbox 1787 840 1825 871; x_wconf 88' lang='lat' dir='ltr'>ut</span> 
     </span>
    </p>

    <p class='ocr_par' dir='ltr' id='par_1_42' title="bbox 712 890 1825 926">
     <span class='ocr_line' id='line_1_58' title="bbox 712 890 1825 926; baseline -0.001 -1"><span class='ocrx_word' id='word_1_152' title='bbox 712 893 746 925; x_wconf 91' lang='lat' dir='ltr'>in</span> <span class='ocrx_word' id='word_1_153' title='bbox 765 895 943 926; x_wconf 85' lang='lat' dir='ltr'>conventu</span> <span class='ocrx_word' id='word_1_154' title='bbox 964 892 1149 926; x_wconf 84' lang='lat' dir='ltr'>Erfordiae</span> <span class='ocrx_word' id='word_1_155' title='bbox 1168 892 1331 926; x_wconf 87' lang='lat' dir='ltr'>habendo</span> <span class='ocrx_word' id='word_1_156' title='bbox 1351 890 1545 925; x_wconf 87' lang='lat' dir='ltr'>Lutherani</span> <span class='ocrx_word' id='word_1_157' title='bbox 1570 892 1606 924; x_wconf 89' lang='lat' dir='ltr'>et</span> <span class='ocrx_word' id='word_1_158' title='bbox 1624 890 1825 924; x_wconf 86' lang='lat' dir='ltr'>Calviniani</span> 
     </span>
    </p>

    <p class='ocr_par' dir='ltr' id='par_1_43' title="bbox 632 945 1291 994">
     <span class='ocr_line' id='line_1_59' title="bbox 632 945 1291 994; baseline 0.002 -16"><span class='ocrx_word' id='word_1_159' title='bbox 632 983 633 994; x_wconf 15' lang='grc' dir='ltr'>ἵ</span> <span class='ocrx_word' id='word_1_160' title='bbox 712 945 805 979; x_wconf 86' lang='lat' dir='ltr'>inter</span> <span class='ocrx_word' id='word_1_161' title='bbox 831 957 870 980; x_wconf 85' lang='lat' dir='ltr'>se</span> <span class='ocrx_word' id='word_1_162' title='bbox 897 946 1150 989; x_wconf 81' lang='lat' dir='ltr'>disiungantur</span> <span class='ocrx_word' id='word_1_163' title='bbox 1178 945 1291 989; x_wconf 83' lang='lat'>(311).</span> 
     </span>
    </p>

    <p class='ocr_par' dir='ltr' id='par_1_44' title="bbox 632 995 1292 1044">
     <span class='ocr_line' id='line_1_60' title="bbox 632 995 1292 1044; baseline -0.002 -11"><span class='ocrx_word' id='word_1_164' title='bbox 632 995 819 1033; x_wconf 60' lang='lat' dir='ltr'>iCanisius</span> <span class='ocrx_word' id='word_1_165' title='bbox 844 997 1032 1044; x_wconf 76' lang='lat' dir='ltr'>Dilingam</span> <span class='ocrx_word' id='word_1_166' title='bbox 1057 999 1151 1033; x_wconf 85' lang='lat' dir='ltr'>redit</span> <span class='ocrx_word' id='word_1_167' title='bbox 1179 999 1292 1042; x_wconf 81' lang='grc'>(320).</span> 
     </span>
    </p>

    <p class='ocr_par' dir='ltr' id='par_1_45' title="bbox 652 1056 1196 1102">
     <span class='ocr_line' id='line_1_61' title="bbox 652 1056 1196 1102; baseline 0 -10"><span class='ocrx_word' id='word_1_168' title='bbox 652 1056 878 1093; x_wconf 75' lang='lat' dir='ltr'>Monachium</span> <span class='ocrx_word' id='word_1_169' title='bbox 905 1058 1054 1092; x_wconf 76' lang='lat' dir='ltr'>advenit</span> <span class='ocrx_word' id='word_1_170' title='bbox 1081 1058 1196 1102; x_wconf 79' lang='lat'>(322).</span> 
     </span>
    </p>

    <p class='ocr_par' dir='ltr' id='par_1_46' title="bbox 653 1115 1825 1214">
     <span class='ocr_line' id='line_1_62' title="bbox 653 1115 1825 1159; baseline -0.003 -8"><span class='ocrx_word' id='word_1_171' title='bbox 653 1117 750 1159; x_wconf 82' lang='lat' dir='ltr'>Quae</span> <span class='ocrx_word' id='word_1_172' title='bbox 776 1129 797 1151; x_wconf 85' lang='lat' dir='ltr'>a</span> <span class='ocrx_word' id='word_1_173' title='bbox 824 1118 863 1151; x_wconf 89' lang='lat' dir='ltr'>P.</span> <span class='ocrx_word' id='word_1_174' title='bbox 889 1116 1019 1151; x_wconf 84' lang='lat' dir='ltr'>Natale</span> <span class='ocrx_word' id='word_1_175' title='bbox 1045 1117 1233 1151; x_wconf 72' lang='lat' dir='ltr'>visitatore</span> <span class='ocrx_word' id='word_1_176' title='bbox 1260 1117 1302 1150; x_wconf 86' lang='lat' dir='ltr'>de</span> <span class='ocrx_word' id='word_1_177' title='bbox 1329 1116 1480 1159; x_wconf 79' lang='lat' dir='ltr'>collegio</span> <span class='ocrx_word' id='word_1_178' title='bbox 1508 1115 1705 1150; x_wconf 85' lang='lat' dir='ltr'>constituta</span> <span class='ocrx_word' id='word_1_179' title='bbox 1730 1118 1825 1155; x_wconf 77' lang='lat' dir='ltr'>sunt,</span> 
     </span>
     <span class='ocr_line' id='line_1_63' title="bbox 711 1168 1824 1214; baseline -0.002 -10"><span class='ocrx_word' id='word_1_180' title='bbox 711 1170 933 1214; x_wconf 72' lang='lat' dir='ltr'>exsequitur:</span> <span class='ocrx_word' id='word_1_181' title='bbox 985 1170 1073 1204; x_wconf 85' lang='lat' dir='ltr'>Cum</span> <span class='ocrx_word' id='word_1_182' title='bbox 1105 1170 1258 1204; x_wconf 84' lang='lat' dir='ltr'>ducissis</span> <span class='ocrx_word' id='word_1_183' title='bbox 1285 1170 1327 1203; x_wconf 88' lang='lat' dir='ltr'>de</span> <span class='ocrx_word' id='word_1_184' title='bbox 1354 1168 1564 1203; x_wconf 87' lang='lat' dir='ltr'>ministeriis</span> <span class='ocrx_word' id='word_1_185' title='bbox 1591 1168 1704 1202; x_wconf 82' lang='lat' dir='ltr'>sacris</span> <span class='ocrx_word' id='word_1_186' title='bbox 1730 1168 1824 1213; x_wconf 85' lang='lat' dir='ltr'>apud</span> 
     </span>
    </p>

    <p class='ocr_par' dir='ltr' id='par_1_47' title="bbox 630 1223 1366 1271">
     <span class='ocr_line' id='line_1_64' title="bbox 630 1223 1366 1271; baseline 0 -14"><span class='ocrx_word' id='word_1_187' title='bbox 630 1267 631 1271; x_wconf 13' lang='grc' dir='ltr'><strong>Ἰ</strong></span> <span class='ocrx_word' id='word_1_188' title='bbox 710 1223 884 1258; x_wconf 82' lang='lat' dir='ltr'>moniales</span> <span class='ocrx_word' id='word_1_189' title='bbox 910 1224 1122 1258; x_wconf 81' lang='lat' dir='ltr'>exercendis</span> <span class='ocrx_word' id='word_1_190' title='bbox 1148 1223 1225 1267; x_wconf 81' lang='lat' dir='ltr'>agit</span> <span class='ocrx_word' id='word_1_191' title='bbox 1253 1223 1366 1267; x_wconf 90' lang='lat'>(764).</span> 
     </span>
    </p>

    <p class='ocr_par' dir='ltr' id='par_1_48' title="bbox 651 1275 1823 1312">
     <span class='ocr_line' id='line_1_65' title="bbox 651 1275 1823 1312; baseline -0.003 -1"><span class='ocrx_word' id='word_1_192' title='bbox 651 1277 878 1312; x_wconf 87' lang='lat' dir='ltr'>Gebhardum</span> <span class='ocrx_word' id='word_1_193' title='bbox 907 1288 927 1311; x_wconf 88' lang='lat' dir='ltr'>a</span> <span class='ocrx_word' id='word_1_194' title='bbox 953 1276 1153 1311; x_wconf 88' lang='lat' dir='ltr'>Truchsess</span> <span class='ocrx_word' id='word_1_195' title='bbox 1180 1276 1347 1311; x_wconf 72' lang='lat' dir='ltr'>Coloniae</span> <span class='ocrx_word' id='word_1_196' title='bbox 1374 1277 1468 1310; x_wconf 86' lang='lat' dir='ltr'>inter</span> <span class='ocrx_word' id='word_1_197' title='bbox 1494 1275 1683 1309; x_wconf 88' lang='lat' dir='ltr'>canonicos</span> <span class='ocrx_word' id='word_1_198' title='bbox 1709 1286 1823 1309; x_wconf 81' lang='lat' dir='ltr'>niora-</span> 
     </span>
    </p>

    <p class='ocr_par' dir='ltr' id='par_1_49' title="bbox 630 1324 1821 1370">
     <span class='ocr_line' id='line_1_66' title="bbox 630 1324 1821 1370; baseline -0.002 -6"><span class='ocrx_word' id='word_1_199' title='bbox 630 1324 631 1332; x_wconf 60' lang='grc'>’</span> <span class='ocrx_word' id='word_1_200' title='bbox 708 1333 827 1364; x_wconf 88' lang='lat' dir='ltr'>turum</span> <span class='ocrx_word' id='word_1_201' title='bbox 866 1330 979 1364; x_wconf 81' lang='lat' dir='ltr'>Sociis</span> <span class='ocrx_word' id='word_1_202' title='bbox 1016 1330 1299 1370; x_wconf 84' lang='lat' dir='ltr'>coloniensibus,</span> <span class='ocrx_word' id='word_1_203' title='bbox 1345 1329 1490 1364; x_wconf 86' lang='lat' dir='ltr'>Petrum</span> <span class='ocrx_word' id='word_1_204' title='bbox 1528 1328 1741 1362; x_wconf 85' lang='lat' dir='ltr'>Damianum</span> <span class='ocrx_word' id='word_1_205' title='bbox 1786 1331 1821 1362; x_wconf 90' lang='lat' dir='ltr'>et</span> 
     </span>
    </p>
   </div>
   <div class='ocr_carea' id='block_1_34' title="bbox 628 702 636 1316">
    <p class='ocr_par' dir='ltr' id='par_1_50' title="bbox 628 702 636 1316">
     <span class='ocr_line' id='line_1_67' title="bbox 628 702 636 1316; baseline 0 0"><span class='ocrx_word' id='word_1_206' title='bbox 628 702 636 1316; x_wconf 95' lang='lat' dir='ltr'> </span> 
     </span>
    </p>
   </div>
   <div class='ocr_carea' id='block_1_35' title="bbox 627 1382 1822 2414">
    <p class='ocr_par' dir='ltr' id='par_1_51' title="bbox 709 1382 1821 1427">
     <span class='ocr_line' id='line_1_68' title="bbox 709 1382 1821 1427; baseline -0.003 -9"><span class='ocrx_word' id='word_1_207' title='bbox 709 1385 889 1418; x_wconf 86' lang='lat' dir='ltr'>Andream</span> <span class='ocrx_word' id='word_1_208' title='bbox 923 1383 1079 1417; x_wconf 80' lang='lat' dir='ltr'>lerinum</span> <span class='ocrx_word' id='word_1_209' title='bbox 1114 1384 1149 1417; x_wconf 91' lang='lat' dir='ltr'>in</span> <span class='ocrx_word' id='word_1_210' title='bbox 1185 1383 1376 1427; x_wconf 81' lang='lat' dir='ltr'>collegium</span> <span class='ocrx_word' id='word_1_211' title='bbox 1412 1382 1656 1426; x_wconf 84' lang='lat' dir='ltr'>germanicum</span> <span class='ocrx_word' id='word_1_212' title='bbox 1693 1383 1821 1416; x_wconf 82' lang='lat' dir='ltr'>euntes</span> 
     </span>
    </p>

    <p class='ocr_par' dir='ltr' id='par_1_52' title="bbox 629 1436 1495 1479">
     <span class='ocr_line' id='line_1_69' title="bbox 629 1436 1495 1479; baseline -0.003 -7"><span class='ocrx_word' id='word_1_213' title='bbox 629 1476 630 1479; x_wconf 11' lang='grc' dir='ltr'><strong>Ἴ</strong></span> <span class='ocrx_word' id='word_1_214' title='bbox 709 1438 822 1472; x_wconf 85' lang='lat' dir='ltr'>Sociis</span> <span class='ocrx_word' id='word_1_215' title='bbox 848 1438 1004 1471; x_wconf 87' lang='lat' dir='ltr'>romanis</span> <span class='ocrx_word' id='word_1_216' title='bbox 1031 1437 1258 1471; x_wconf 80' lang='lat' dir='ltr'>commendat</span> <span class='ocrx_word' id='word_1_217' title='bbox 1287 1437 1370 1479; x_wconf 76' lang='lat'>(325</span> <span class='ocrx_word' id='word_1_218' title='bbox 1398 1436 1495 1479; x_wconf 81' lang='lat'>328).</span> 
     </span>
    </p>

    <p class='ocr_par' dir='ltr' id='par_1_53' title="bbox 628 1488 1198 1536">
     <span class='ocr_line' id='line_1_70' title="bbox 628 1488 1198 1536; baseline -0.002 -11"><span class='ocrx_word' id='word_1_219' title='bbox 628 1488 885 1536; x_wconf 71' lang='lat' dir='ltr'>10e11ip011tem</span> <span class='ocrx_word' id='word_1_220' title='bbox 910 1490 1058 1524; x_wconf 81' lang='lat' dir='ltr'>advenit</span> <span class='ocrx_word' id='word_1_221' title='bbox 1086 1490 1198 1533; x_wconf 79' lang='lat'>(773).</span> 
     </span>
    </p>

    <p class='ocr_par' dir='ltr' id='par_1_54' title="bbox 628 1547 1821 1592">
     <span class='ocr_line' id='line_1_71' title="bbox 628 1547 1821 1592; baseline -0.004 -7"><span class='ocrx_word' id='word_1_222' title='bbox 628 1549 736 1585; x_wconf 57' lang='lat' dir='ltr'>‘Cum</span> <span class='ocrx_word' id='word_1_223' title='bbox 763 1551 802 1585; x_wconf 89' lang='lat' dir='ltr'>P.</span> <span class='ocrx_word' id='word_1_224' title='bbox 830 1550 958 1584; x_wconf 86' lang='lat' dir='ltr'>Natale</span> <span class='ocrx_word' id='word_1_225' title='bbox 989 1551 1030 1586; x_wconf 88' lang='lat'>10</span> <span class='ocrx_word' id='word_1_226' title='bbox 1058 1549 1179 1584; x_wconf 85' lang='lat' dir='ltr'>Socios</span> <span class='ocrx_word' id='word_1_227' title='bbox 1206 1550 1318 1584; x_wconf 81' lang='lat' dir='ltr'>Roma</span> <span class='ocrx_word' id='word_1_228' title='bbox 1345 1550 1380 1583; x_wconf 89' lang='lat' dir='ltr'>in</span> <span class='ocrx_word' id='word_1_229' title='bbox 1409 1547 1635 1583; x_wconf 81' lang='lat' dir='ltr'>Germaniam</span> <span class='ocrx_word' id='word_1_230' title='bbox 1663 1547 1821 1592; x_wconf 83' lang='lat' dir='ltr'>superio-</span> 
     </span>
    </p>

    <p class='ocr_par' dir='ltr' id='par_1_55' title="bbox 628 1602 1822 1702">
     <span class='ocr_line' id='line_1_72' title="bbox 628 1602 1822 1648; baseline -0.003 -10"><span class='ocrx_word' id='word_1_231' title='bbox 628 1607 629 1613; x_wconf 59' lang='lat'><em>*</em></span> <span class='ocrx_word' id='word_1_232' title='bbox 707 1616 781 1638; x_wconf 79' lang='lat' dir='ltr'>rein</span> <span class='ocrx_word' id='word_1_233' title='bbox 809 1604 938 1638; x_wconf 87' lang='lat' dir='ltr'>missos</span> <span class='ocrx_word' id='word_1_234' title='bbox 974 1606 1009 1637; x_wconf 83' lang='lat' dir='ltr'>et</span> <span class='ocrx_word' id='word_1_235' title='bbox 1044 1603 1150 1648; x_wconf 82' lang='lat' dir='ltr'>paulo</span> <span class='ocrx_word' id='word_1_236' title='bbox 1183 1606 1266 1637; x_wconf 89' lang='lat' dir='ltr'>ante</span> <span class='ocrx_word' id='word_1_237' title='bbox 1295 1602 1531 1647; x_wconf 86' lang='lat' dir='ltr'>Oenipontem</span> <span class='ocrx_word' id='word_1_238' title='bbox 1559 1602 1732 1635; x_wconf 86' lang='lat' dir='ltr'>advectos</span> <span class='ocrx_word' id='word_1_239' title='bbox 1758 1612 1822 1646; x_wconf 87' lang='lat' dir='ltr'>per</span> 
     </span>
     <span class='ocr_line' id='line_1_73' title="bbox 707 1651 1693 1702; baseline -0.001 -11"><span class='ocrx_word' id='word_1_240' title='bbox 707 1657 912 1702; x_wconf 86' lang='lat' dir='ltr'>provinciae</span> <span class='ocrx_word' id='word_1_241' title='bbox 938 1657 1060 1690; x_wconf 88' lang='lat' dir='ltr'>domos</span> <span class='ocrx_word' id='word_1_242' title='bbox 1086 1656 1270 1690; x_wconf 73' lang='lat' dir='ltr'>distribuit</span> <span class='ocrx_word' id='word_1_243' title='bbox 1297 1656 1411 1698; x_wconf 85' lang='lat'>(774).</span> <span class='ocrx_word' id='word_1_244' title='bbox 1691 1651 1693 1654; x_wconf 47' lang='lat'>¹</span> 
     </span>
    </p>

    <p class='ocr_par' dir='ltr' id='par_1_56' title="bbox 648 1707 1820 1806">
     <span class='ocr_line' id='line_1_74' title="bbox 648 1707 1820 1754; baseline -0.003 -9"><span class='ocrx_word' id='word_1_245' title='bbox 648 1711 686 1745; x_wconf 88' lang='lat' dir='ltr'>P.</span> <span class='ocrx_word' id='word_1_246' title='bbox 711 1710 877 1745; x_wconf 77' lang='lat' dir='ltr'>Natalem</span> <span class='ocrx_word' id='word_1_247' title='bbox 902 1710 1128 1744; x_wconf 76' lang='lat' dir='ltr'>visitatorem</span> <span class='ocrx_word' id='word_1_248' title='bbox 1156 1709 1190 1743; x_wconf 92' lang='lat' dir='ltr'>in</span> <span class='ocrx_word' id='word_1_249' title='bbox 1215 1709 1374 1754; x_wconf 80' lang='lat' dir='ltr'>collapsa</span> <span class='ocrx_word' id='word_1_250' title='bbox 1393 1708 1535 1752; x_wconf 83' lang='lat' dir='ltr'>collegii</span> <span class='ocrx_word' id='word_1_251' title='bbox 1555 1707 1743 1752; x_wconf 78' lang='lat' dir='ltr'>disciplina</span> <span class='ocrx_word' id='word_1_252' title='bbox 1770 1708 1820 1741; x_wconf 90' lang='lat' dir='ltr'>in-</span> 
     </span>
     <span class='ocr_line' id='line_1_75' title="bbox 706 1763 1315 1806; baseline -0.002 -8"><span class='ocrx_word' id='word_1_253' title='bbox 706 1764 901 1798; x_wconf 80' lang='lat' dir='ltr'>stauranda</span> <span class='ocrx_word' id='word_1_254' title='bbox 927 1763 1077 1798; x_wconf 85' lang='lat' dir='ltr'>adiuvat</span> <span class='ocrx_word' id='word_1_255' title='bbox 1104 1763 1188 1806; x_wconf 77' lang='lat'>(345</span> <span class='ocrx_word' id='word_1_256' title='bbox 1217 1763 1315 1806; x_wconf 82' lang='lat'>774).</span> 
     </span>
    </p>

    <p class='ocr_par' dir='ltr' id='par_1_57' title="bbox 649 1820 1618 1868">
     <span class='ocr_line' id='line_1_76' title="bbox 649 1820 1618 1868; baseline -0.003 -10"><span class='ocrx_word' id='word_1_257' title='bbox 649 1824 736 1859; x_wconf 89' lang='lat' dir='ltr'>Cum</span> <span class='ocrx_word' id='word_1_258' title='bbox 764 1824 802 1858; x_wconf 88' lang='lat' dir='ltr'>P.</span> <span class='ocrx_word' id='word_1_259' title='bbox 829 1823 958 1857; x_wconf 85' lang='lat' dir='ltr'>Natale</span> <span class='ocrx_word' id='word_1_260' title='bbox 984 1823 1223 1868; x_wconf 81' lang='lat' dir='ltr'>proficiscitur</span> <span class='ocrx_word' id='word_1_261' title='bbox 1249 1820 1476 1857; x_wconf 81' lang='lat' dir='ltr'>Monacllium</span> <span class='ocrx_word' id='word_1_262' title='bbox 1504 1820 1618 1865; x_wconf 83' lang='lat'>(345).</span> 
     </span>
    </p>

    <p class='ocr_par' dir='ltr' id='par_1_58' title="bbox 627 1879 1820 2247">
     <span class='ocr_line' id='line_1_77' title="bbox 627 1879 1816 1924; baseline -0.004 -7"><span class='ocrx_word' id='word_1_263' title='bbox 627 1883 786 1924; x_wconf 44' lang='lat' dir='ltr'>¹Natalis</span> <span class='ocrx_word' id='word_1_264' title='bbox 822 1886 857 1916; x_wconf 90' lang='lat' dir='ltr'>et</span> <span class='ocrx_word' id='word_1_265' title='bbox 885 1882 921 1917; x_wconf 86' lang='lat' dir='ltr'>C.</span> <span class='ocrx_word' id='word_1_266' title='bbox 950 1882 1128 1916; x_wconf 85' lang='lat' dir='ltr'>Simonem</span> <span class='ocrx_word' id='word_1_267' title='bbox 1154 1881 1386 1916; x_wconf 87' lang='lat' dir='ltr'>Thaddaeum</span> <span class='ocrx_word' id='word_1_268' title='bbox 1413 1881 1564 1915; x_wconf 86' lang='lat' dir='ltr'>Eckium</span> <span class='ocrx_word' id='word_1_269' title='bbox 1601 1879 1702 1914; x_wconf 88' lang='lat' dir='ltr'>ducis</span> <span class='ocrx_word' id='word_1_270' title='bbox 1738 1890 1816 1913; x_wconf 88' lang='lat' dir='ltr'>can—</span> 
     </span>
     <span class='ocr_line' id='line_1_78' title="bbox 706 1932 1819 1980; baseline -0.004 -9"><span class='ocrx_word' id='word_1_271' title='bbox 706 1936 889 1971; x_wconf 88' lang='lat' dir='ltr'>cellarium</span> <span class='ocrx_word' id='word_1_272' title='bbox 916 1936 1048 1970; x_wconf 84' lang='lat' dir='ltr'>adeunt</span> <span class='ocrx_word' id='word_1_273' title='bbox 1075 1938 1120 1976; x_wconf 77' lang='lat' dir='ltr'>et,</span> <span class='ocrx_word' id='word_1_274' title='bbox 1147 1947 1191 1969; x_wconf 88' lang='lat' dir='ltr'>ne</span> <span class='ocrx_word' id='word_1_275' title='bbox 1217 1936 1252 1970; x_wconf 91' lang='lat' dir='ltr'>in</span> <span class='ocrx_word' id='word_1_276' title='bbox 1280 1937 1462 1980; x_wconf 85' lang='lat' dir='ltr'>posterum</span> <span class='ocrx_word' id='word_1_277' title='bbox 1484 1934 1541 1967; x_wconf 88' lang='lat' dir='ltr'>vel</span> <span class='ocrx_word' id='word_1_278' title='bbox 1561 1934 1600 1968; x_wconf 88' lang='lat' dir='ltr'>P.</span> <span class='ocrx_word' id='word_1_279' title='bbox 1616 1932 1819 1968; x_wconf 82' lang='lat' dir='ltr'>Stevordia-</span> 
     </span>
     <span class='ocr_line' id='line_1_79' title="bbox 705 1985 1816 2033; baseline -0.005 -9"><span class='ocrx_word' id='word_1_280' title='bbox 705 2002 782 2031; x_wconf 90' lang='lat' dir='ltr'>nus,</span> <span class='ocrx_word' id='word_1_281' title='bbox 817 1989 921 2024; x_wconf 87' lang='lat' dir='ltr'>homo</span> <span class='ocrx_word' id='word_1_282' title='bbox 957 1989 1204 2023; x_wconf 84' lang='lat' dir='ltr'>oboedientiae</span> <span class='ocrx_word' id='word_1_283' title='bbox 1240 1991 1275 2023; x_wconf 88' lang='lat' dir='ltr'>et</span> <span class='ocrx_word' id='word_1_284' title='bbox 1302 1988 1514 2033; x_wconf 88' lang='lat' dir='ltr'>disciplinae</span> <span class='ocrx_word' id='word_1_285' title='bbox 1540 1987 1728 2029; x_wconf 85' lang='lat' dir='ltr'>religiosae</span> <span class='ocrx_word' id='word_1_286' title='bbox 1755 1985 1816 2019; x_wconf 80' lang='lat' dir='ltr'>im-</span> 
     </span>
     <span class='ocr_line' id='line_1_80' title="bbox 704 2039 1820 2088; baseline -0.004 -11"><span class='ocrx_word' id='word_1_287' title='bbox 704 2043 855 2088; x_wconf 81' lang='lat' dir='ltr'>patiens,</span> <span class='ocrx_word' id='word_1_288' title='bbox 882 2043 941 2077; x_wconf 91' lang='lat' dir='ltr'>vel</span> <span class='ocrx_word' id='word_1_289' title='bbox 966 2042 1005 2077; x_wconf 91' lang='lat' dir='ltr'>P.</span> <span class='ocrx_word' id='word_1_290' title='bbox 1033 2042 1238 2085; x_wconf 79' lang='lat' dir='ltr'>Swagerius</span> <span class='ocrx_word' id='word_1_291' title='bbox 1265 2041 1457 2077; x_wconf 80' lang='lat' dir='ltr'>Societatis</span> <span class='ocrx_word' id='word_1_292' title='bbox 1483 2041 1644 2075; x_wconf 80' lang='lat' dir='ltr'>desertor</span> <span class='ocrx_word' id='word_1_293' title='bbox 1670 2039 1713 2074; x_wconf 89' lang='lat' dir='ltr'>ab</span> <span class='ocrx_word' id='word_1_294' title='bbox 1741 2039 1820 2073; x_wconf 87' lang='lat' dir='ltr'>offi-</span> 
     </span>
     <span class='ocr_line' id='line_1_81' title="bbox 704 2092 1819 2137; baseline -0.004 -7"><span class='ocrx_word' id='word_1_295' title='bbox 704 2096 854 2131; x_wconf 83' lang='lat' dir='ltr'>cialibus</span> <span class='ocrx_word' id='word_1_296' title='bbox 880 2097 1081 2137; x_wconf 73' lang='lat' dir='ltr'>foveantur,</span> <span class='ocrx_word' id='word_1_297' title='bbox 1108 2096 1201 2130; x_wconf 89' lang='lat' dir='ltr'>serio</span> <span class='ocrx_word' id='word_1_298' title='bbox 1228 2097 1390 2136; x_wconf 89' lang='lat' dir='ltr'>monent;</span> <span class='ocrx_word' id='word_1_299' title='bbox 1419 2094 1526 2129; x_wconf 88' lang='lat' dir='ltr'>simul</span> <span class='ocrx_word' id='word_1_300' title='bbox 1552 2094 1594 2128; x_wconf 86' lang='lat' dir='ltr'>de</span> <span class='ocrx_word' id='word_1_301' title='bbox 1616 2092 1819 2135; x_wconf 80' lang='lat' dir='ltr'>theologiae</span> 
     </span>
     <span class='ocr_line' id='line_1_82' title="bbox 704 2146 1820 2194; baseline -0.004 -11"><span class='ocrx_word' id='word_1_302' title='bbox 704 2150 905 2194; x_wconf 84' lang='lat' dir='ltr'>professore</span> <span class='ocrx_word' id='word_1_303' title='bbox 933 2150 966 2183; x_wconf 90' lang='lat' dir='ltr'>in</span> <span class='ocrx_word' id='word_1_304' title='bbox 990 2150 1227 2184; x_wconf 79' lang='lat' dir='ltr'>universitate</span> <span class='ocrx_word' id='word_1_305' title='bbox 1245 2148 1518 2193; x_wconf 82' lang='lat' dir='ltr'>ingolstadiensi</span> <span class='ocrx_word' id='word_1_306' title='bbox 1537 2146 1707 2181; x_wconf 86' lang='lat' dir='ltr'>mutando</span> <span class='ocrx_word' id='word_1_307' title='bbox 1725 2148 1820 2180; x_wconf 83' lang='lat' dir='ltr'>trae-</span> 
     </span>
     <span class='ocr_line' id='line_1_83' title="bbox 704 2203 1020 2247; baseline -0.003 -10"><span class='ocrx_word' id='word_1_308' title='bbox 704 2206 784 2237; x_wconf 81' lang='lat' dir='ltr'>tant</span> <span class='ocrx_word' id='word_1_309' title='bbox 811 2203 893 2247; x_wconf 80' lang='lat'>(351</span> <span class='ocrx_word' id='word_1_310' title='bbox 923 2203 1020 2244; x_wconf 84' lang='grc'>725).</span> 
     </span>
    </p>

    <p class='ocr_par' dir='ltr' id='par_1_59' title="bbox 645 2252 1817 2353">
     <span class='ocr_line' id='line_1_84' title="bbox 645 2252 1817 2290; baseline -0.003 0"><span class='ocrx_word' id='word_1_311' title='bbox 645 2256 785 2290; x_wconf 87' lang='lat' dir='ltr'>Natalis</span> <span class='ocrx_word' id='word_1_312' title='bbox 811 2257 981 2290; x_wconf 85' lang='lat' dir='ltr'>mandatu</span> <span class='ocrx_word' id='word_1_313' title='bbox 1003 2256 1039 2290; x_wconf 82' lang='lat' dir='ltr'>C.</span> <span class='ocrx_word' id='word_1_314' title='bbox 1064 2256 1118 2290; x_wconf 87' lang='lat' dir='ltr'>bis</span> <span class='ocrx_word' id='word_1_315' title='bbox 1146 2259 1248 2290; x_wconf 82' lang='lat' dir='ltr'>terve</span> <span class='ocrx_word' id='word_1_316' title='bbox 1275 2267 1355 2290; x_wconf 87' lang='lat' dir='ltr'>cum</span> <span class='ocrx_word' id='word_1_317' title='bbox 1383 2254 1494 2289; x_wconf 87' lang='lat' dir='ltr'>Eckio</span> <span class='ocrx_word' id='word_1_318' title='bbox 1521 2254 1564 2288; x_wconf 80' lang='lat' dir='ltr'>(le</span> <span class='ocrx_word' id='word_1_319' title='bbox 1591 2253 1713 2287; x_wconf 79' lang='lat' dir='ltr'>eodem</span> <span class='ocrx_word' id='word_1_320' title='bbox 1741 2252 1817 2287; x_wconf 72' lang='lat' dir='ltr'>Ste-</span> 
     </span>
     <span class='ocr_line' id='line_1_85' title="bbox 705 2309 1285 2353; baseline 0 -10"><span class='ocrx_word' id='word_1_321' title='bbox 705 2309 868 2344; x_wconf 84' lang='lat' dir='ltr'>vordiani</span> <span class='ocrx_word' id='word_1_322' title='bbox 895 2311 1039 2353; x_wconf 83' lang='lat' dir='ltr'>negotio</span> <span class='ocrx_word' id='word_1_323' title='bbox 1066 2311 1143 2352; x_wconf 83' lang='lat' dir='ltr'>agit</span> <span class='ocrx_word' id='word_1_324' title='bbox 1171 2310 1285 2353; x_wconf 88' lang='lat'>(766).</span> 
     </span>
    </p>

    <p class='ocr_par' dir='ltr' id='par_1_60' title="bbox 644 2366 1649 2414">
     <span class='ocr_line' id='line_1_86' title="bbox 644 2366 1649 2414; baseline -0.003 -11"><span class='ocrx_word' id='word_1_325' title='bbox 644 2368 784 2403; x_wconf 87' lang='lat' dir='ltr'>Natalis</span> <span class='ocrx_word' id='word_1_326' title='bbox 810 2373 846 2403; x_wconf 82' lang='lat' dir='ltr'>et</span> <span class='ocrx_word' id='word_1_327' title='bbox 873 2369 910 2404; x_wconf 86' lang='lat' dir='ltr'>C.</span> <span class='ocrx_word' id='word_1_328' title='bbox 938 2367 1205 2414; x_wconf 78' lang='lat' dir='ltr'>lngolstadium</span> <span class='ocrx_word' id='word_1_329' title='bbox 1232 2367 1507 2414; x_wconf 84' lang='lat' dir='ltr'>proficiscuntur</span> <span class='ocrx_word' id='word_1_330' title='bbox 1535 2366 1649 2410; x_wconf 82' lang='lat'>(330).</span> 
     </span>
    </p>
   </div>
   <div class='ocr_carea' id='block_1_36' title="bbox 622 2470 1814 2799">
    <p class='ocr_par' dir='ltr' id='par_1_61' title="bbox 645 2470 1814 2680">
     <span class='ocr_line' id='line_1_87' title="bbox 645 2470 1812 2520; baseline -0.004 -11"><span class='ocrx_word' id='word_1_331' title='bbox 645 2475 695 2509; x_wconf 91' lang='lat' dir='ltr'>De</span> <span class='ocrx_word' id='word_1_332' title='bbox 730 2475 863 2510; x_wconf 84' lang='lat' dir='ltr'>scholis</span> <span class='ocrx_word' id='word_1_333' title='bbox 898 2475 1155 2520; x_wconf 84' lang='lat' dir='ltr'>philosophicis</span> <span class='ocrx_word' id='word_1_334' title='bbox 1191 2488 1252 2520; x_wconf 91' lang='lat' dir='ltr'>per</span> <span class='ocrx_word' id='word_1_335' title='bbox 1280 2475 1400 2509; x_wconf 84' lang='lat' dir='ltr'>Socios</span> <span class='ocrx_word' id='word_1_336' title='bbox 1431 2474 1464 2508; x_wconf 93' lang='lat' dir='ltr'>in</span> <span class='ocrx_word' id='word_1_337' title='bbox 1492 2472 1728 2507; x_wconf 78' lang='lat' dir='ltr'>universitate</span> <span class='ocrx_word' id='word_1_338' title='bbox 1754 2470 1812 2504; x_wconf 85' lang='lat' dir='ltr'>ha·</span> 
     </span>
     <span class='ocr_line' id='line_1_88' title="bbox 702 2525 1814 2573; baseline -0.004 -11"><span class='ocrx_word' id='word_1_339' title='bbox 702 2529 826 2562; x_wconf 86' lang='lat' dir='ltr'>bendis</span> <span class='ocrx_word' id='word_1_340' title='bbox 861 2541 902 2563; x_wconf 82' lang='lat' dir='ltr'>ac</span> <span class='ocrx_word' id='word_1_341' title='bbox 937 2529 979 2562; x_wconf 89' lang='lat' dir='ltr'>de</span> <span class='ocrx_word' id='word_1_342' title='bbox 1006 2529 1208 2572; x_wconf 83' lang='lat' dir='ltr'>theologiae</span> <span class='ocrx_word' id='word_1_343' title='bbox 1235 2528 1497 2573; x_wconf 82' lang='lat' dir='ltr'>professoribus</span> <span class='ocrx_word' id='word_1_344' title='bbox 1524 2525 1707 2570; x_wconf 86' lang='lat' dir='ltr'>complura</span> <span class='ocrx_word' id='word_1_345' title='bbox 1734 2535 1814 2558; x_wconf 86' lang='lat' dir='ltr'>con-</span> 
     </span>
     <span class='ocr_line' id='line_1_89' title="bbox 702 2577 1814 2627; baseline -0.004 -12"><span class='ocrx_word' id='word_1_346' title='bbox 702 2582 868 2615; x_wconf 82' lang='lat' dir='ltr'>stituunt.</span> <span class='ocrx_word' id='word_1_347' title='bbox 919 2582 1086 2626; x_wconf 87' lang='lat' dir='ltr'>Episcopi</span> <span class='ocrx_word' id='word_1_348' title='bbox 1114 2582 1358 2627; x_wconf 84' lang='lat' dir='ltr'>passaviensis</span> <span class='ocrx_word' id='word_1_349' title='bbox 1385 2578 1620 2614; x_wconf 82' lang='lat' dir='ltr'>cancellarius</span> <span class='ocrx_word' id='word_1_350' title='bbox 1647 2578 1689 2612; x_wconf 86' lang='lat' dir='ltr'>de</span> <span class='ocrx_word' id='word_1_351' title='bbox 1715 2577 1814 2611; x_wconf 84' lang='lat' dir='ltr'>theo-</span> 
     </span>
     <span class='ocr_line' id='line_1_90' title="bbox 701 2631 1779 2680; baseline -0.005 -11"><span class='ocrx_word' id='word_1_352' title='bbox 701 2634 782 2677; x_wconf 84' lang='lat' dir='ltr'>logo</span> <span class='ocrx_word' id='word_1_353' title='bbox 809 2635 921 2669; x_wconf 86' lang='lat' dir='ltr'>eidem</span> <span class='ocrx_word' id='word_1_354' title='bbox 950 2636 1115 2680; x_wconf 86' lang='lat' dir='ltr'>episcopo</span> <span class='ocrx_word' id='word_1_355' title='bbox 1141 2635 1361 2680; x_wconf 86' lang='lat' dir='ltr'>providendo</span> <span class='ocrx_word' id='word_1_356' title='bbox 1388 2644 1466 2667; x_wconf 88' lang='lat' dir='ltr'>cum</span> <span class='ocrx_word' id='word_1_357' title='bbox 1494 2633 1538 2666; x_wconf 86' lang='lat' dir='ltr'>iis</span> <span class='ocrx_word' id='word_1_358' title='bbox 1565 2632 1641 2675; x_wconf 79' lang='lat' dir='ltr'>agit</span> <span class='ocrx_word' id='word_1_359' title='bbox 1665 2631 1779 2674; x_wconf 81' lang='grc'>(723).</span> 
     </span>
    </p>

    <p class='ocr_par' dir='ltr' id='par_1_62' title="bbox 622 2692 1511 2738">
     <span class='ocr_line' id='line_1_91' title="bbox 622 2692 1511 2738; baseline -0.001 -11"><span class='ocrx_word' id='word_1_360' title='bbox 622 2694 679 2728; x_wconf 62' lang='grc' dir='ltr'>ὲΟ.</span> <span class='ocrx_word' id='word_1_361' title='bbox 706 2705 786 2728; x_wconf 88' lang='lat' dir='ltr'>cum</span> <span class='ocrx_word' id='word_1_362' title='bbox 813 2694 851 2728; x_wconf 83' lang='lat' dir='ltr'>P.</span> <span class='ocrx_word' id='word_1_363' title='bbox 878 2693 1007 2728; x_wconf 80' lang='lat' dir='ltr'>Natale</span> <span class='ocrx_word' id='word_1_364' title='bbox 1035 2695 1134 2728; x_wconf 87' lang='lat' dir='ltr'>venit</span> <span class='ocrx_word' id='word_1_365' title='bbox 1160 2694 1367 2738; x_wconf 80' lang='lat' dir='ltr'>Augustam</span> <span class='ocrx_word' id='word_1_366' title='bbox 1396 2692 1511 2736; x_wconf 82' lang='lat'>(330).</span> 
     </span>
    </p>

    <p class='ocr_par' dir='ltr' id='par_1_63' title="bbox 640 2750 1660 2799">
     <span class='ocr_line' id='line_1_92' title="bbox 640 2750 1660 2799; baseline -0.002 -13"><span class='ocrx_word' id='word_1_367' title='bbox 640 2752 781 2787; x_wconf 85' lang='lat' dir='ltr'>Natalis</span> <span class='ocrx_word' id='word_1_368' title='bbox 807 2756 842 2788; x_wconf 90' lang='lat' dir='ltr'>et</span> <span class='ocrx_word' id='word_1_369' title='bbox 869 2753 905 2787; x_wconf 89' lang='lat' dir='ltr'>C.</span> <span class='ocrx_word' id='word_1_370' title='bbox 933 2752 1119 2799; x_wconf 80' lang='lat' dir='ltr'>Dilingam</span> <span class='ocrx_word' id='word_1_371' title='bbox 1147 2754 1298 2787; x_wconf 83' lang='lat' dir='ltr'>veniunt</span> <span class='ocrx_word' id='word_1_372' title='bbox 1330 2752 1415 2796; x_wconf 84' lang='lat'>(330</span> <span class='ocrx_word' id='word_1_373' title='bbox 1443 2750 1660 2794; x_wconf 74' lang='lat'>352—354).</span> 
     </span>
    </p>
   </div>
   <div class='ocr_carea' id='block_1_37' title="bbox 642 2811 1817 3225">
    <p class='ocr_par' dir='ltr' id='par_1_64' title="bbox 642 2811 1817 3067">
     <span class='ocr_line' id='line_1_93' title="bbox 642 2811 1815 2855; baseline 0.002 -9"><span class='ocrx_word' id='word_1_374' title='bbox 642 2811 787 2855; x_wconf 89' lang='lat' dir='ltr'>Aliquot</span> <span class='ocrx_word' id='word_1_375' title='bbox 813 2812 888 2846; x_wconf 89' lang='lat' dir='ltr'>dies</span> <span class='ocrx_word' id='word_1_376' title='bbox 915 2824 994 2846; x_wconf 88' lang='lat' dir='ltr'>cum</span> <span class='ocrx_word' id='word_1_377' title='bbox 1022 2813 1194 2846; x_wconf 82' lang='lat' dir='ltr'>cardinali</span> <span class='ocrx_word' id='word_1_378' title='bbox 1221 2812 1422 2846; x_wconf 86' lang='lat' dir='ltr'>Trnchsess</span> <span class='ocrx_word' id='word_1_379' title='bbox 1458 2812 1500 2845; x_wconf 81' lang='lat' dir='ltr'>(le</span> <span class='ocrx_word' id='word_1_380' title='bbox 1525 2811 1656 2847; x_wconf 85' lang='lat' dir='ltr'>litteris</span> <span class='ocrx_word' id='word_1_381' title='bbox 1689 2814 1815 2848; x_wconf 85' lang='lat' dir='ltr'>funda—</span> 
     </span>
     <span class='ocr_line' id='line_1_94' title="bbox 700 2865 1815 2908; baseline 0.002 -9"><span class='ocrx_word' id='word_1_382' title='bbox 700 2865 807 2899; x_wconf 84' lang='lat' dir='ltr'>tionis</span> <span class='ocrx_word' id='word_1_383' title='bbox 833 2865 975 2908; x_wconf 82' lang='lat' dir='ltr'>collogii</span> <span class='ocrx_word' id='word_1_384' title='bbox 1001 2865 1173 2908; x_wconf 81' lang='lat' dir='ltr'>dilingaui</span> <span class='ocrx_word' id='word_1_385' title='bbox 1201 2866 1339 2908; x_wconf 82' lang='lat' dir='ltr'>agendo</span> <span class='ocrx_word' id='word_1_386' title='bbox 1366 2865 1538 2907; x_wconf 82' lang='lat' dir='ltr'>efficiunt,</span> <span class='ocrx_word' id='word_1_387' title='bbox 1566 2869 1605 2900; x_wconf 88' lang='lat' dir='ltr'>ut</span> <span class='ocrx_word' id='word_1_388' title='bbox 1631 2867 1666 2900; x_wconf 91' lang='lat' dir='ltr'>i11</span> <span class='ocrx_word' id='word_1_389' title='bbox 1693 2879 1815 2901; x_wconf 83' lang='lat' dir='ltr'>earum</span> 
     </span>
     <span class='ocr_line' id='line_1_95' title="bbox 700 2918 1817 2964; baseline 0.003 -13"><span class='ocrx_word' id='word_1_390' title='bbox 700 2918 953 2952; x_wconf 83' lang='lat' dir='ltr'>commentario</span> <span class='ocrx_word' id='word_1_391' title='bbox 989 2930 1051 2962; x_wconf 89' lang='lat' dir='ltr'>per</span> <span class='ocrx_word' id='word_1_392' title='bbox 1084 2918 1302 2952; x_wconf 79' lang='lat' dir='ltr'>cardinalem</span> <span class='ocrx_word' id='word_1_393' title='bbox 1330 2919 1510 2963; x_wconf 86' lang='lat' dir='ltr'>proposito</span> <span class='ocrx_word' id='word_1_394' title='bbox 1537 2921 1657 2964; x_wconf 79' lang='lat' dir='ltr'>capita</span> <span class='ocrx_word' id='word_1_395' title='bbox 1683 2920 1817 2964; x_wconf 84' lang='lat' dir='ltr'>aliqua,</span> 
     </span>
     <span class='ocr_line' id='line_1_96' title="bbox 700 2971 1813 3017; baseline 0.003 -13"><span class='ocrx_word' id='word_1_396' title='bbox 700 2982 792 3015; x_wconf 85' lang='lat' dir='ltr'>quae</span> <span class='ocrx_word' id='word_1_397' title='bbox 825 2971 979 3014; x_wconf 69' lang='lat' dir='ltr'>norgiae</span> <span class='ocrx_word' id='word_1_398' title='bbox 1014 2972 1217 3016; x_wconf 82' lang='lat' dir='ltr'>praeposito</span> <span class='ocrx_word' id='word_1_399' title='bbox 1255 2972 1414 3015; x_wconf 80' lang='lat' dir='ltr'>generali</span> <span class='ocrx_word' id='word_1_400' title='bbox 1451 2972 1662 3017; x_wconf 85' lang='lat' dir='ltr'>displicent,</span> <span class='ocrx_word' id='word_1_401' title='bbox 1699 2985 1813 3008; x_wconf 82' lang='lat' dir='ltr'>einen-</span> 
     </span>
     <span class='ocr_line' id='line_1_97' title="bbox 701 3025 970 3067; baseline -0.004 -9"><span class='ocrx_word' id='word_1_402' title='bbox 701 3025 828 3058; x_wconf 80' lang='lat' dir='ltr'>dentur</span> <span class='ocrx_word' id='word_1_403' title='bbox 856 3025 970 3067; x_wconf 75' lang='grc'>(625).</span> 
     </span>
    </p>

    <p class='ocr_par' dir='ltr' id='par_1_65' title="bbox 644 3076 1817 3225">
     <span class='ocr_line' id='line_1_98' title="bbox 644 3076 1816 3123; baseline 0.002 -13"><span class='ocrx_word' id='word_1_404' title='bbox 644 3077 713 3110; x_wconf 87' lang='grc' dir='ltr'>ΡΡ.</span> <span class='ocrx_word' id='word_1_405' title='bbox 739 3076 892 3117; x_wconf 82' lang='lat' dir='ltr'>Natalis,</span> <span class='ocrx_word' id='word_1_406' title='bbox 920 3078 970 3119; x_wconf 55' lang='lat' dir='ltr'>C„</span> <span class='ocrx_word' id='word_1_407' title='bbox 997 3077 1184 3111; x_wconf 84' lang='lat' dir='ltr'>Ximenius</span> <span class='ocrx_word' id='word_1_408' title='bbox 1211 3089 1289 3111; x_wconf 87' lang='lat' dir='ltr'>cum</span> <span class='ocrx_word' id='word_1_409' title='bbox 1327 3078 1446 3122; x_wconf 80' lang='lat' dir='ltr'>equite</span> <span class='ocrx_word' id='word_1_410' title='bbox 1473 3090 1493 3112; x_wconf 84' lang='lat' dir='ltr'>a</span> <span class='ocrx_word' id='word_1_411' title='bbox 1520 3078 1690 3112; x_wconf 77' lang='lat' dir='ltr'>cardinali</span> <span class='ocrx_word' id='word_1_412' title='bbox 1727 3079 1816 3123; x_wconf 87' lang='lat' dir='ltr'>ipsis</span> 
     </span>
     <span class='ocr_line' id='line_1_99' title="bbox 702 3129 1817 3175; baseline 0.003 -13"><span class='ocrx_word' id='word_1_413' title='bbox 702 3129 784 3163; x_wconf 82' lang='lat' dir='ltr'>dato</span> <span class='ocrx_word' id='word_1_414' title='bbox 812 3129 958 3173; x_wconf 80' lang='lat' dir='ltr'>Dilinga</span> <span class='ocrx_word' id='word_1_415' title='bbox 986 3130 1207 3175; x_wconf 86' lang='lat' dir='ltr'>Herbipolim</span> <span class='ocrx_word' id='word_1_416' title='bbox 1236 3142 1363 3165; x_wconf 85' lang='lat' dir='ltr'>versus</span> <span class='ocrx_word' id='word_1_417' title='bbox 1396 3131 1497 3174; x_wconf 86' lang='lat' dir='ltr'>equis</span> <span class='ocrx_word' id='word_1_418' title='bbox 1523 3131 1704 3165; x_wconf 79' lang='lat' dir='ltr'>vehuntur</span> <span class='ocrx_word' id='word_1_419' title='bbox 1732 3132 1817 3174; x_wconf 83' lang='lat'>(364</span> 
     </span>
     <span class='ocr_line' id='line_1_100' title="bbox 701 3183 892 3225; baseline 0 -8"><span class='ocrx_word' id='word_1_420' title='bbox 701 3183 768 3221; x_wconf 83' lang='grc'>,625</span> <span class='ocrx_word' id='word_1_421' title='bbox 796 3183 892 3225; x_wconf 83' lang='grc'>693).</span> 
     </span>
    </p>
   </div>
   <div class='ocr_carea' id='block_1_38' title="bbox 619 1727 632 3224">
    <p class='ocr_par' dir='ltr' id='par_1_66' title="bbox 619 1727 632 3224">
     <span class='ocr_line' id='line_1_101' title="bbox 619 1727 632 3224; baseline 0 0"><span class='ocrx_word' id='word_1_422' title='bbox 619 1727 632 3224; x_wconf 95' lang='lat' dir='ltr'> </span> 
     </span>
    </p>
   </div>
  </div>
 </body>
</html>
