2045 3471
214 198 298 239 410
708 195 809 230 1411.
838 195 1002 230 Canisius
1028 196 1206 230 Friderico
1234 208 1254 231 a
1273 196 1471 240 lVirsberg.

214 311 349 348 1411.
461 311 678 347 OANISIUS
713 311 1100 349 FRIDERICO
1139 312 1185 348 A
1220 312 1617 357 WIRSBERG,
1657 315 1821 360 episcopo
1859 315 1973 350 herbi-

403 365 542 409 polensi
569 368 605 399 et
630 365 804 400 Franciae
831 366 1016 401 orientalis
1043 366 1135 400 duci.
1188 366 1424 409 (Litterae
1451 368 1666 412 priores.)

976 419 1162 464 Herbipoli
1188 419 1283 453 inter
1310 419 1365 454 31.
1392 420 1514 455 Martii
1541 424 1577 455 et
1602 421 1634 457 2.
1661 421 1797 466 Aprilis
1824 421 1924 456 1567.

333 487 388 521 Ex
425 488 588 534 exemplo
618 489 695 533 (A),
731 490 824 534 quod
850 489 996 524 videtur
1030 501 1109 524 esse
1146 489 1392 534 apographum
1428 490 1535 534 idque
1561 489 1683 524 eodem
1715 491 1789 525 fere
1815 494 1975 536 tempore

214 552 234 575 a
259 540 426 585 theologo
453 541 582 586 aliquo,
609 543 670 586 qui
697 543 740 576 de
758 542 929 576 Friderici
956 542 1115 588 episcopi
1145 542 1312 585 „consilio
1332 541 1598 577 ecclesiasticou
1619 546 1706 586 erat,
1733 544 1791 578 vel
1815 544 1974 578 eiusdem

212 593 372 638 theologi
397 595 498 629 iussu
524 596 699 640 scriptum
720 595 791 639 (40;
819 597 887 638 4's‘2
906 596 995 641 pp.).
1032 595 1163 630 Exstat
1181 595 1365 641 Herbipoli
1392 596 1428 631 in
1446 596 1593 631 archivo
1612 597 1731 631 curiae
1749 597 1974 642 episcopalis,

212 647 240 680 F
243 658 314 682 ase.
347 647 572 692 „Wiirzbnrg
597 650 638 683 A.
667 649 709 683 N.
738 649 801 683 14²
832 661 866 683 n.
892 649 924 683 2.
976 648 1133 683 Litteras
1159 649 1298 693 primus
1327 649 1388 692 (ex
1416 649 1486 683 alio
1513 649 1691 695 exemplo)
1720 651 1818 695 typis
1844 651 1974 685 exscri-

212 700 347 735 bendas
373 701 515 736 curavit
540 703 584 736 N.
612 704 807 745 Reinz'nyer
837 702 911 745 (R),
946 701 1012 736 Die
1027 702 1297 736 YVeihbischofe
1324 714 1394 736 von
1408 702 1625 746 Wstrzburg,
1660 703 1696 737 in
1726 703 1881 746 „Archiv
1913 704 1975 738 des

214 753 453 789 historischen
471 755 645 789 Vel-eines
672 767 742 789 von
761 755 1051 790 Unterfranken“
1073 755 1204 797 XVIII,
1232 755 1439 800 Wiirzburg
1458 755 1559 797 1865,
1590 756 1786 791 182-18-5.
1830 756 1975 791 Litteris

214 807 270 842 usi
296 809 381 842 sunt
407 810 442 842 et
469 808 589 852 aliqua
625 820 670 842 ex
696 808 740 842 iis
766 808 826 843 vel
850 808 961 843 latine
988 809 1047 843 vel
1074 808 1278 851 germanice
1304 809 1532 854 protulerunt
1557 810 1658 843 Riess
1683 810 1705 844 l.
1733 822 1762 844 c.
1788 810 1975 845 364—365

215 863 251 895 et
275 862 318 895 Ε.
345 862 521 895 Reimann
551 862 585 895 in
616 861 892 905 „Forschungen
919 874 982 897 zur
1008 861 1205 896 deutschen
1224 861 1461 897 Geschichte⁴‘
1483 862 1533 896 XI
1552 863 1710 903 33—35;
1738 862 1846 897 etiam
1872 862 1975 908 plura

215 925 260 948 ex
294 913 420 948 iisdem
456 914 658 957 germanice
694 914 812 959 posita
843 916 927 949 sunt
953 926 973 949 a
1003 916 1038 949 C.
1065 916 1205 958 Braun,
1242 915 1515 959 Heranbildung
1549 915 1611 950 des
1638 915 1769 950 Klerus
1795 916 1810 950 I
1839 917 1915 950 114.

333 986 374 1019 Ut
392 987 428 1018 in
446 986 613 1019 utziversa
636 986 832 1019 Germania
850 986 1008 1019 ecclesiae
1025 986 1277 1030 reformentur,
1304 991 1461 1020 extrema
1485 988 1593 1030 exiqit
1618 987 1824 1028 necessitas;
1849 997 1919 1030 qua
1936 987 1973 1019 in

214 1049 252 1071 re
276 1049 338 1072 nec
362 1038 483 1082 riyida
507 1042 590 1072 sunt
616 1039 816 1072 adhibenda
842 1039 1010 1082 remedia,
1037 1050 1098 1072 nec
1122 1040 1272 1082 seyniter
1298 1041 1470 1083 ayendum
1489 1044 1547 1073 est.
1588 1040 1701 1074 Pauci
1726 1041 1773 1073 ad
1799 1041 1976 1073 ecclesiam

213 1092 371 1134 redeunt,
406 1092 509 1125 multi
534 1092 578 1124 ab
604 1103 643 1125 ea
670 1093 846 1134 deficiunt.
897 1093 1067 1136 Equester
1094 1093 1181 1126 ordo
1209 1103 1343 1135 paucos
1369 1094 1554 1127 catholicos
1579 1094 1690 1127 habet.
1741 1093 1977 1137 Maye'stratus

215 1145 378 1178 catholici
403 1156 505 1188 aeyre
530 1146 567 1178 in
595 1145 714 1187 officio
740 1146 978 1179 continentur.
1029 1146 1185 1188 Populus
1219 1147 1266 1178 acl
1292 1147 1516 1188 defectionem
1541 1147 1661 1180 multis
1685 1147 1888 1180 rationibus
1911 1147 1977 1180 sol-

215 1198 384 1232 licitatur.
440 1198 562 1232 C'lerus
588 1199 673 1232 iura
704 1199 843 1242 quidem
879 1203 909 1232 ct
938 1199 1130 1242 prt'vileye'a
1166 1199 1302 1242 retinet,
1332 1201 1503 1242 pessimos
1538 1210 1617 1233 rero
1650 1211 1763 1234 mores
1793 1200 1977 1233 emendare

214 1256 363 1285 recusat.
414 1252 593 1295 Episcopi,
633 1252 760 1295 quibus
794 1256 921 1285 nwtum
959 1256 1087 1294 auqent
1126 1252 1337 1295 consiliarii,
1376 1263 1438 1285 uec
1475 1254 1690 1286 risitationes
1729 1265 1788 1286 nec
1824 1253 1977 1297 synodos

214 1304 341 1337 habent
365 1315 427 1337 nec
453 1305 636 1338 concilium
661 1306 893 1348 pronmlyczre
919 1306 1059 1338 audent.

216 1384 281 1424 2st
321 1381 484 1424 Theses
524 1383 774 1435 generales,
820 1396 875 1424 ex
916 1382 1069 1435 quibus
1101 1381 1237 1424 ueluti
1268 1382 1562 1425 fundamentis
1595 1383 1650 1425 ad
1682 1383 1972 1425 meditandam

281 1447 631 1489 reformationem
666 1447 960 1490 Ecclesiarum
994 1447 1348 1489 Germanicarum
1381 1447 1552 1490 facilius
1584 1448 1741 1491 Lector
1772 1451 1916 1502 potest

1014 1512 1182 1566 adducj.

334 1582 543 1626 Videntes
576 1598 626 1625 ac
659 1584 856 1626 uolentes
893 1583 1096 1637 perimus,
1140 1582 1221 1624 nisi
1254 1583 1306 1624 de
1339 1583 1499 1625 morbis
1542 1597 1592 1625 ac
1634 1584 1834 1637 remedijs
1868 1586 1975 1627 Ger-

214 1647 397 1699 maniae,
420 1662 530 1701 quae
553 1648 690 1691 ueluti
711 1648 967 1690 moribunda
989 1662 1039 1690 ac
1062 1648 1391 1702 desperabunda
1412 1648 1539 1698 iacet,
1563 1648 1675 1690 serio
1699 1649 1972 1692 deliberetur.

335 1712 556 1755 Catholica
597 1713 748 1766 religio
790 1713 833 1755 in
873 1713 1116 1767 praecipuis
1150 1713 1407 1755 Germaniae
1448 1713 1667 1767 Ecclesijs,
1710 1728 1795 1755 non
1835 1714 1975 1757 minus

217 1777 328 1819 clam
351 1792 377 1819 a
399 1777 659 1829 domesticis,
693 1778 955 1831 falsisque
987 1777 1267 1820 fratribus
1284 1778 1312 1828 1,
1336 1791 1463 1830 quam
1487 1778 1541 1820 ab
1564 1778 1758 1821 externis
1780 1779 1975 1822 hostibus

217 1844 260 1884 et
293 1842 526 1885 haereticis
558 1844 702 1898 palam
735 1846 1023 1897 oppugnatur.

332 1908 461 1950 Jnter
491 1908 597 1950 haec
621 1908 702 1950 duo
736 1911 934 1950 extrema
966 1907 1058 1949 fere
1081 1921 1325 1949 uersamur:
1360 1908 1450 1950 Aut
1478 1908 1746 1951 restituenda
1770 1911 1814 1951 et
1836 1909 1974 1951 uindi-

216 1972 366 2023 canda,
401 1975 478 2016 aut
508 1973 696 2027 turpiter
728 1973 850 2015 nobis
883 1972 1122 2014 deserenda
1154 1975 1222 2014 est
1252 1972 1418 2025 religio.

334 2037 595 2092 Temporum
626 2037 832 2091 iniquitas
855 2051 986 2091 aegre
1019 2037 1105 2080 fert
1127 2037 1338 2079 uindicari
1360 2037 1471 2079 serio
1494 2037 1769 2091 religionem:
1802 2038 1973 2092 potestb

214 2105 361 2145 tamen
393 2103 625 2145 multorum
659 2106 799 2145 metus
833 2116 927 2144 esse
960 2102 1098 2144 maior
1121 2116 1249 2155 quam
1277 2102 1446 2152 debeat,
1481 2102 1581 2144 dum
1612 2102 1799 2145 humana
1831 2103 1974 2157 potius

215 2181 342 2221 quam
376 2167 521 2210 diuina
553 2170 808 2221 spectantur
839 2167 1069 2222 praesidia,
1104 2170 1148 2209 et
1171 2167 1436 2209 diffidentiae
1458 2167 1610 2220 magis,
1645 2181 1773 2220 quam
1796 2171 1974 2210 sanctae

215 2232 501 2275 confidentiae
533 2232 763 2286 capiuntur
794 2232 972 2275 consilia
1003 2232 1047 2274 in
1079 2232 1277 2274 iuuandis
1309 2232 1438 2274 rebus
1466 2231 1657 2274 afflictae
1679 2232 1912 2274 Ecclesiae.

333 2297 546 2339 Deserere
578 2311 682 2339 uero
716 2311 892 2340 causam
926 2297 1150 2351 religionis
1182 2311 1320 2350 neque
1352 2296 1455 2340 licet
1487 2310 1625 2350 neque
1657 2297 1793 2347 decet,
1836 2311 1974 2350 neque

215 2362 404 2416 expedit,
446 2362 537 2404 siue
578 2362 856 2417 temporalia,
899 2362 992 2404 siue
1034 2362 1296 2416 spiritualia,
1340 2361 1432 2404 siue
1474 2365 1653 2404 aeterna
1694 2361 1819 2403 simul
1860 2363 1972 2404 bona

214 2426 445 2480 querimus.
501 2427 654 2469 Omnia
686 2427 856 2469 demum
889 2427 1110 2480 religionis
1144 2429 1188 2469 et
1219 2427 1375 2469 salutis
1408 2428 1614 2469 aeternae
1646 2426 1819 2480 negotio
1852 2429 1972 2480 post-

212 2491 411 2534 habenda
443 2495 568 2534 sunt:
601 2492 644 2533 in
676 2492 760 2533 fide
782 2492 980 2546 sectarijs
1002 2491 1127 2534 nefas
1149 2495 1216 2534 est
1239 2492 1403 2541 cedere,
1438 2491 1769 2533 Conciliationes
1791 2490 1970 2533 exitium

213 2556 416 2599 adferunt
448 2556 660 2611 religionj.

332 2621 546 2664 Videntur
577 2621 763 2675 quidam,
798 2622 873 2663 sed
897 2621 966 2675 qui
998 2621 1126 2676 pauci
1157 2621 1282 2663 hodie
1316 2621 1669 2675 comperiuntur0‚
1701 2619 1743 2661 in
1767 2620 1971 2662 sanandis

213 2685 279 2728 his
313 2685 570 2728 Germaniae
602 2686 762 2728 morbis
805 2686 968 2740 rigidos
1001 2689 1045 2728 et
1077 2700 1252 2728 seueros
1285 2685 1472 2728 medicos
1505 2699 1647 2739 agere,
1690 2684 1789 2726 dum
1822 2684 1971 2727 statim

214 2750 269 2791 ad
291 2750 436 2792 uiuum
468 2754 669 2793 resecant
703 2751 858 2802 omnia,
892 2751 962 2793 uel
994 2751 1217 2805 asperiora
1248 2748 1572 2805 praescribunt‘1
1603 2749 1806 2799 remedia,
1841 2763 1969 2802 quam

213 2813 447 2858 inueterati
479 2815 617 2858 morbi
641 2819 684 2858 et
707 2818 985 2869 aegrotorum
1018 2815 1339 2857 imbecillitates
1360 2814 1403 2856 in
1435 2814 1515 2855 hoc
1538 2826 1680 2854 rerum
1703 2814 1822 2854 statu
1855 2813 1969 2854 ferre

214 2891 339 2930 posse
371 2879 615 2923 uideantur.

331 2959 358 2989 a)
379 2959 425 2984 Sic
444 2961 469 2984 A
490 2963 515 2985 et
536 2961 570 2985 R.
608 2961 642 2985 In
662 2961 813 2991 fasciculo,
838 2968 918 2992 quem
939 2968 1030 2992 supra
1052 2960 1126 2990 dimi,
1153 2960 1324 2985 antecedunt
1347 2959 1461 2984 litterae
1481 2958 1624 2989 quaedam
1643 2965 1660 2982 α
1681 2958 1799 2982 Canisio
1819 2958 1968 2989 aliquanto

213 2999 286 3030 post
310 2999 399 3029 (inter
424 3008 460 3025 m.
481 3002 554 3032 Ausl.
580 3005 607 3026 εἰ
626 3002 692 3027 Dec.
713 3010 739 3027 cc.
760 3004 838 3032 1567,
861 3002 945 3033 puto)
972 3001 1010 3026 acl
1037 3001 1223 3026 Fridericnm
1249 3001 1410 3032 episcopum
1440 3000 1547 3030 datae;
1571 2999 1697 3029 fortasse
1724 2999 1817 3030 {qitzar
1839 3000 1913 3023 hanc
1937 2999 1968 3024 ob

214 3046 330 3063 cansam
357 3042 457 3069 (manu
478 3042 673 3072 poster1'02·e?)
700 3043 816 3067 numeri
841 3042 867 3068 2.
892 3047 919 3068 et
944 3042 969 3068 3.
995 3043 1041 3067 his
1066 3045 1092 3067 et
1118 3042 1263 3074 proximis
1291 3041 1398 3066 litteris
1423 3040 1546 3071 ascripti
1570 3042 1645 3064 sunt.
1738 3039 1767 3070 b)
1794 3039 1908 3072 poterit
1934 3040 1968 3064 R.

215 3080 241 3111 c)
262 3080 288 3104 R
307 3080 384 3104 haud
405 3084 478 3106 recte
490 3090 499 3105 :
518 3082 744 3115 cooperiuntur.
826 3082 856 3113 d)
878 3084 904 3107 R
923 3083 1001 3107 ham?
1022 3086 1113 3108 recte.-
1132 3081 1336 3115 proscribunt.

338 3174 345 3193 ¹
374 3173 394 3207 2
422 3174 488 3207 Cor
516 3175 569 3215 11,
596 3176 650 3209 26.
702 3176 769 3210 Gal
797 3177 826 3217 2,
854 3178 885 3210 4.
