<?xml version="1.0" encoding="UTF-8"?>
<!DOCTYPE html PUBLIC "-//W3C//DTD XHTML 1.0 Transitional//EN"
    "http://www.w3.org/TR/xhtml1/DTD/xhtml1-transitional.dtd">
<html xmlns="http://www.w3.org/1999/xhtml" xml:lang="en" lang="en">
 <head>
  <title>
</title>
<meta http-equiv="Content-Type" content="text/html;charset=utf-8" />
  <meta name='ocr-system' content='tesseract 3.04.00' />
  <meta name='ocr-capabilities' content='ocr_page ocr_carea ocr_par ocr_line ocrx_word'/>
</head>
<body>
  <div class='ocr_page' id='page_1' title='image "beatipetricanisi05cani_0025.png"; bbox 0 0 2077 3461; ppageno 0'>
   <div class='ocr_carea' id='block_1_1' title="bbox 592 214 1805 260">
    <p class='ocr_par' dir='ltr' id='par_1_1' title="bbox 592 214 1805 260">
     <span class='ocr_line' id='line_1_1' title="bbox 592 214 1805 260; baseline -0.002 -10"><span class='ocrx_word' id='word_1_1' title='bbox 592 216 634 251; x_wconf 89' lang='lat' dir='ltr'>II.</span> <span class='ocrx_word' id='word_1_2' title='bbox 663 216 888 251; x_wconf 86' lang='lat' dir='ltr'><strong>Prooemium</strong></span> <span class='ocrx_word' id='word_1_3' title='bbox 912 214 1107 250; x_wconf 87' lang='lat' dir='ltr'>voluminis</span> <span class='ocrx_word' id='word_1_4' title='bbox 1132 215 1258 260; x_wconf 86' lang='lat' dir='ltr'>quinti.</span> <span class='ocrx_word' id='word_1_5' title='bbox 1727 217 1805 247; x_wconf 84' lang='lat' dir='ltr'>XIX</span> 
     </span>
    </p>
   </div>
   <div class='ocr_carea' id='block_1_2' title="bbox 40 332 1810 3298">
    <p class='ocr_par' dir='ltr' id='par_1_2' title="bbox 40 332 1810 3298">
     <span class='ocr_line' id='line_1_2' title="bbox 49 332 1806 378; baseline 0 -10"><span class='ocrx_word' id='word_1_6' title='bbox 49 336 126 369; x_wconf 88' lang='lat' dir='ltr'>erat</span> <span class='ocrx_word' id='word_1_7' title='bbox 150 332 392 378; x_wconf 88' lang='lat' dir='ltr'>praecipuum,</span> <span class='ocrx_word' id='word_1_8' title='bbox 418 336 459 367; x_wconf 91' lang='lat' dir='ltr'>ut</span> <span class='ocrx_word' id='word_1_9' title='bbox 484 333 520 367; x_wconf 92' lang='lat' dir='ltr'>in</span> <span class='ocrx_word' id='word_1_10' title='bbox 546 333 720 378; x_wconf 85' lang='lat' dir='ltr'>proximis</span> <span class='ocrx_word' id='word_1_11' title='bbox 745 333 885 378; x_wconf 92' lang='lat' dir='ltr'>imperii</span> <span class='ocrx_word' id='word_1_12' title='bbox 910 332 1066 368; x_wconf 87' lang='lat' dir='ltr'>comitiis</span> <span class='ocrx_word' id='word_1_13' title='bbox 1091 334 1128 366; x_wconf 90' lang='lat' dir='ltr'>et</span> <span class='ocrx_word' id='word_1_14' title='bbox 1145 332 1313 366; x_wconf 78' lang='lat' dir='ltr'>adessent</span> <span class='ocrx_word' id='word_1_15' title='bbox 1330 332 1408 377; x_wconf 89' lang='lat' dir='ltr'>ipsi,</span> <span class='ocrx_word' id='word_1_16' title='bbox 1435 335 1470 366; x_wconf 93' lang='lat' dir='ltr'>et</span> <span class='ocrx_word' id='word_1_17' title='bbox 1488 332 1651 367; x_wconf 88' lang='lat' dir='ltr'>omnibus</span> <span class='ocrx_word' id='word_1_18' title='bbox 1676 333 1806 368; x_wconf 89' lang='lat' dir='ltr'>iurium</span> 
     </span>
     <span class='ocr_line' id='line_1_3' title="bbox 48 385 1808 430; baseline 0 -9"><span class='ocrx_word' id='word_1_19' title='bbox 48 387 290 430; x_wconf 89' lang='lat' dir='ltr'>bonorumque</span> <span class='ocrx_word' id='word_1_20' title='bbox 325 385 651 421; x_wconf 87' lang='lat' dir='ltr'>ecclesiasticorum</span> <span class='ocrx_word' id='word_1_21' title='bbox 686 386 933 420; x_wconf 89' lang='lat' dir='ltr'>violandorum</span> <span class='ocrx_word' id='word_1_22' title='bbox 968 385 1155 420; x_wconf 86' lang='lat' dir='ltr'>conatibus</span> <span class='ocrx_word' id='word_1_23' title='bbox 1189 385 1388 419; x_wconf 89' lang='lat' dir='ltr'>coniunctis</span> <span class='ocrx_word' id='word_1_24' title='bbox 1422 385 1560 420; x_wconf 90' lang='lat' dir='ltr'>viribus</span> <span class='ocrx_word' id='word_1_25' title='bbox 1597 386 1808 422; x_wconf 76' lang='lat' dir='ltr'>resisterent</span> 
     </span>
     <span class='ocr_line' id='line_1_4' title="bbox 50 437 1806 484; baseline -0.001 -9"><span class='ocrx_word' id='word_1_26' title='bbox 50 440 134 484; x_wconf 84' lang='lat'>(136</span> <span class='ocrx_word' id='word_1_27' title='bbox 163 439 228 473; x_wconf 86' lang='lat'>156</span> <span class='ocrx_word' id='word_1_28' title='bbox 254 439 352 482; x_wconf 87' lang='lat'>214).</span> <span class='ocrx_word' id='word_1_29' title='bbox 401 439 586 473; x_wconf 90' lang='lat' dir='ltr'>Pontificis</span> <span class='ocrx_word' id='word_1_30' title='bbox 621 439 790 473; x_wconf 87' lang='lat' dir='ltr'>mandata</span> <span class='ocrx_word' id='word_1_31' title='bbox 824 439 869 473; x_wconf 88' lang='lat' dir='ltr'>ab</span> <span class='ocrx_word' id='word_1_32' title='bbox 895 439 1072 484; x_wconf 89' lang='lat' dir='ltr'>episcopis</span> <span class='ocrx_word' id='word_1_33' title='bbox 1102 450 1190 481; x_wconf 85' lang='lat' dir='ltr'>„non</span> <span class='ocrx_word' id='word_1_34' title='bbox 1215 438 1319 472; x_wconf 89' lang='lat' dir='ltr'>modo</span> <span class='ocrx_word' id='word_1_35' title='bbox 1354 437 1568 479; x_wconf 83' lang='lat' dir='ltr'>humaniter,</span> <span class='ocrx_word' id='word_1_36' title='bbox 1599 440 1663 474; x_wconf 91' lang='lat' dir='ltr'>sed</span> <span class='ocrx_word' id='word_1_37' title='bbox 1697 440 1806 474; x_wconf 89' lang='lat' dir='ltr'>etiam</span> 
     </span>
     <span class='ocr_line' id='line_1_5' title="bbox 47 490 1805 537; baseline 0.001 -10"><span class='ocrx_word' id='word_1_38' title='bbox 47 492 273 527; x_wconf 83' lang='lat' dir='ltr'>reverenter“</span> <span class='ocrx_word' id='word_1_39' title='bbox 303 493 455 537; x_wconf 88' lang='lat' dir='ltr'>excepta</span> <span class='ocrx_word' id='word_1_40' title='bbox 481 503 561 526; x_wconf 88' lang='lat' dir='ltr'>esse</span> <span class='ocrx_word' id='word_1_41' title='bbox 586 492 752 527; x_wconf 86' lang='lat' dir='ltr'>Canisius</span> <span class='ocrx_word' id='word_1_42' title='bbox 776 494 934 527; x_wconf 85' lang='lat' dir='ltr'>testatur</span> <span class='ocrx_word' id='word_1_43' title='bbox 961 491 1076 535; x_wconf 87' lang='lat'>(181).</span> <span class='ocrx_word' id='word_1_44' title='bbox 1126 490 1215 526; x_wconf 87' lang='lat' dir='ltr'>Cum</span> <span class='ocrx_word' id='word_1_45' title='bbox 1241 491 1328 525; x_wconf 91' lang='lat' dir='ltr'>Pius</span> <span class='ocrx_word' id='word_1_46' title='bbox 1354 491 1413 525; x_wconf 85' lang='lat' dir='ltr'>1V.</span> <span class='ocrx_word' id='word_1_47' title='bbox 1442 491 1476 525; x_wconf 91' lang='lat' dir='ltr'>in</span> <span class='ocrx_word' id='word_1_48' title='bbox 1503 492 1665 535; x_wconf 86' lang='lat' dir='ltr'>collegiis</span> <span class='ocrx_word' id='word_1_49' title='bbox 1690 493 1805 528; x_wconf 80' lang='lat' dir='ltr'>Socie-</span> 
     </span>
     <span class='ocr_line' id='line_1_6' title="bbox 47 544 1806 589; baseline 0 -9"><span class='ocrx_word' id='word_1_50' title='bbox 47 545 134 580; x_wconf 84' lang='lat' dir='ltr'>tatis</span> <span class='ocrx_word' id='word_1_51' title='bbox 160 556 332 587; x_wconf 88' lang='lat' dir='ltr'>magnum</span> <span class='ocrx_word' id='word_1_52' title='bbox 357 544 542 588; x_wconf 86' lang='lat' dir='ltr'>religionis</span> <span class='ocrx_word' id='word_1_53' title='bbox 568 545 787 589; x_wconf 83' lang='lat' dir='ltr'>praesidium</span> <span class='ocrx_word' id='word_1_54' title='bbox 813 545 1048 579; x_wconf 88' lang='lat' dir='ltr'>constitutum</span> <span class='ocrx_word' id='word_1_55' title='bbox 1075 555 1156 579; x_wconf 87' lang='lat' dir='ltr'>esse</span> <span class='ocrx_word' id='word_1_56' title='bbox 1173 546 1347 585; x_wconf 82' lang='lat' dir='ltr'>censeret,</span> <span class='ocrx_word' id='word_1_57' title='bbox 1374 544 1451 578; x_wconf 90' lang='lat' dir='ltr'>eius</span> <span class='ocrx_word' id='word_1_58' title='bbox 1468 545 1568 580; x_wconf 90' lang='lat' dir='ltr'>iussu</span> <span class='ocrx_word' id='word_1_59' title='bbox 1594 548 1631 580; x_wconf 92' lang='lat' dir='ltr'>et</span> <span class='ocrx_word' id='word_1_60' title='bbox 1656 546 1806 581; x_wconf 88' lang='lat' dir='ltr'>auctori-</span> 
     </span>
     <span class='ocr_line' id='line_1_7' title="bbox 46 597 1808 643; baseline 0.001 -11"><span class='ocrx_word' id='word_1_61' title='bbox 46 601 123 633; x_wconf 89' lang='lat' dir='ltr'>tate</span> <span class='ocrx_word' id='word_1_62' title='bbox 142 597 308 632; x_wconf 88' lang='lat' dir='ltr'>Canisius</span> <span class='ocrx_word' id='word_1_63' title='bbox 333 598 378 632; x_wconf 88' lang='lat' dir='ltr'>ad</span> <span class='ocrx_word' id='word_1_64' title='bbox 406 609 447 632; x_wconf 87' lang='lat' dir='ltr'>ea</span> <span class='ocrx_word' id='word_1_65' title='bbox 473 598 551 631; x_wconf 88' lang='lat' dir='ltr'>sive</span> <span class='ocrx_word' id='word_1_66' title='bbox 577 597 799 632; x_wconf 88' lang='lat' dir='ltr'>instituenda</span> <span class='ocrx_word' id='word_1_67' title='bbox 824 598 903 633; x_wconf 91' lang='lat' dir='ltr'>sive</span> <span class='ocrx_word' id='word_1_68' title='bbox 921 597 1173 643; x_wconf 85' lang='lat' dir='ltr'>amplificanda</span> <span class='ocrx_word' id='word_1_69' title='bbox 1199 597 1434 642; x_wconf 89' lang='lat' dir='ltr'>complurium</span> <span class='ocrx_word' id='word_1_70' title='bbox 1462 598 1707 643; x_wconf 87' lang='lat' dir='ltr'>episcoporum</span> <span class='ocrx_word' id='word_1_71' title='bbox 1734 601 1808 634; x_wconf 89' lang='lat' dir='ltr'>ani-</span> 
     </span>
     <span class='ocr_line' id='line_1_8' title="bbox 47 649 1808 696; baseline 0.001 -11"><span class='ocrx_word' id='word_1_72' title='bbox 47 662 124 686; x_wconf 89' lang='lat' dir='ltr'>mos</span> <span class='ocrx_word' id='word_1_73' title='bbox 157 651 334 685; x_wconf 84' lang='lat' dir='ltr'>excitavit</span> <span class='ocrx_word' id='word_1_74' title='bbox 370 650 455 693; x_wconf 82' lang='lat'>(128</span> <span class='ocrx_word' id='word_1_75' title='bbox 484 650 579 694; x_wconf 88' lang='lat'>154).</span> <span class='ocrx_word' id='word_1_76' title='bbox 630 650 784 685; x_wconf 83' lang='lat' dir='ltr'>Senatus</span> <span class='ocrx_word' id='word_1_77' title='bbox 820 662 961 696; x_wconf 89' lang='lat' dir='ltr'>quoque</span> <span class='ocrx_word' id='word_1_78' title='bbox 995 652 1031 685; x_wconf 89' lang='lat' dir='ltr'>et</span> <span class='ocrx_word' id='word_1_79' title='bbox 1065 650 1283 685; x_wconf 76' lang='lat' dir='ltr'>universitas</span> <span class='ocrx_word' id='word_1_80' title='bbox 1319 649 1532 685; x_wconf 89' lang='lat' dir='ltr'>coloniensis</span> <span class='ocrx_word' id='word_1_81' title='bbox 1566 653 1808 696; x_wconf 88' lang='lat' dir='ltr'>promiserunt</span> 
     </span>
     <span class='ocr_line' id='line_1_9' title="bbox 47 703 1807 749; baseline 0.001 -11"><span class='ocrx_word' id='word_1_82' title='bbox 47 706 155 748; x_wconf 86' lang='lat' dir='ltr'>atque</span> <span class='ocrx_word' id='word_1_83' title='bbox 181 703 290 738; x_wconf 87' lang='lat' dir='ltr'>etiam</span> <span class='ocrx_word' id='word_1_84' title='bbox 315 715 482 747; x_wconf 89' lang='lat' dir='ltr'>magnam</span> <span class='ocrx_word' id='word_1_85' title='bbox 513 706 650 748; x_wconf 91' lang='lat' dir='ltr'>partem</span> <span class='ocrx_word' id='word_1_86' title='bbox 686 704 811 738; x_wconf 88' lang='lat' dir='ltr'>statim</span> <span class='ocrx_word' id='word_1_87' title='bbox 847 703 1116 749; x_wconf 84' lang='lat' dir='ltr'>praestiterunt,</span> <span class='ocrx_word' id='word_1_88' title='bbox 1152 714 1244 748; x_wconf 89' lang='lat' dir='ltr'>quae</span> <span class='ocrx_word' id='word_1_89' title='bbox 1270 703 1437 738; x_wconf 86' lang='lat' dir='ltr'>Canisius</span> <span class='ocrx_word' id='word_1_90' title='bbox 1462 704 1641 748; x_wconf 87' lang='lat' dir='ltr'>pontificis</span> <span class='ocrx_word' id='word_1_91' title='bbox 1666 706 1807 740; x_wconf 90' lang='lat' dir='ltr'>nomine</span> 
     </span>
     <span class='ocr_line' id='line_1_10' title="bbox 47 756 1808 803; baseline 0.001 -12"><span class='ocrx_word' id='word_1_92' title='bbox 47 758 213 803; x_wconf 88' lang='lat' dir='ltr'>petierat:</span> <span class='ocrx_word' id='word_1_93' title='bbox 228 756 279 791; x_wconf 81' lang='lat' dir='ltr'>Ut</span> <span class='ocrx_word' id='word_1_94' title='bbox 291 757 463 802; x_wconf 87' lang='lat' dir='ltr'>probatae</span> <span class='ocrx_word' id='word_1_95' title='bbox 476 759 617 791; x_wconf 80' lang='lat' dir='ltr'>tantum</span> <span class='ocrx_word' id='word_1_96' title='bbox 629 756 712 791; x_wconf 88' lang='lat' dir='ltr'>fidei</span> <span class='ocrx_word' id='word_1_97' title='bbox 726 757 891 800; x_wconf 84' lang='lat' dir='ltr'>magistri</span> <span class='ocrx_word' id='word_1_98' title='bbox 906 759 942 791; x_wconf 92' lang='lat' dir='ltr'>et</span> <span class='ocrx_word' id='word_1_99' title='bbox 955 757 1219 791; x_wconf 85' lang='lat' dir='ltr'>contionatores</span> <span class='ocrx_word' id='word_1_100' title='bbox 1233 756 1524 798; x_wconf 88' lang='lat' dir='ltr'>admitterentur;</span> <span class='ocrx_word' id='word_1_101' title='bbox 1543 760 1585 791; x_wconf 90' lang='lat' dir='ltr'>ut</span> <span class='ocrx_word' id='word_1_102' title='bbox 1602 757 1808 800; x_wconf 87' lang='lat' dir='ltr'>„tolleretur</span> 
     </span>
     <span class='ocr_line' id='line_1_11' title="bbox 46 809 1808 854; baseline 0.001 -10"><span class='ocrx_word' id='word_1_103' title='bbox 46 810 198 844; x_wconf 76' lang='lat' dir='ltr'>abusus“</span> <span class='ocrx_word' id='word_1_104' title='bbox 227 809 425 844; x_wconf 71' lang='lat' dir='ltr'>excutiendi</span> <span class='ocrx_word' id='word_1_105' title='bbox 451 809 560 843; x_wconf 89' lang='lat' dir='ltr'>libros</span> <span class='ocrx_word' id='word_1_106' title='bbox 586 812 755 854; x_wconf 90' lang='lat' dir='ltr'>impuros,</span> <span class='ocrx_word' id='word_1_107' title='bbox 791 809 994 851; x_wconf 81' lang='lat' dir='ltr'>maledicos,</span> <span class='ocrx_word' id='word_1_108' title='bbox 1029 809 1228 844; x_wconf 87' lang='lat' dir='ltr'>catholicae</span> <span class='ocrx_word' id='word_1_109' title='bbox 1252 809 1336 844; x_wconf 87' lang='lat' dir='ltr'>fidei</span> <span class='ocrx_word' id='word_1_110' title='bbox 1361 821 1430 844; x_wconf 91' lang='lat' dir='ltr'>non</span> <span class='ocrx_word' id='word_1_111' title='bbox 1457 813 1734 852; x_wconf 85' lang='lat' dir='ltr'>consentaneos;</span> <span class='ocrx_word' id='word_1_112' title='bbox 1767 814 1808 846; x_wconf 91' lang='lat' dir='ltr'>ut</span> 
     </span>
     <span class='ocr_line' id='line_1_12' title="bbox 46 862 1808 908; baseline 0.001 -11"><span class='ocrx_word' id='word_1_113' title='bbox 46 864 159 897; x_wconf 90' lang='lat' dir='ltr'>maior</span> <span class='ocrx_word' id='word_1_114' title='bbox 176 862 371 897; x_wconf 81' lang='lat' dir='ltr'>haberetur</span> <span class='ocrx_word' id='word_1_115' title='bbox 387 863 479 897; x_wconf 91' lang='lat' dir='ltr'>ratio</span> <span class='ocrx_word' id='word_1_116' title='bbox 494 862 694 896; x_wconf 86' lang='lat' dir='ltr'>studiorum</span> <span class='ocrx_word' id='word_1_117' title='bbox 711 862 997 897; x_wconf 78' lang='lat' dir='ltr'>academicorum</span> <span class='ocrx_word' id='word_1_118' title='bbox 1013 865 1049 897; x_wconf 89' lang='lat' dir='ltr'>et</span> <span class='ocrx_word' id='word_1_119' title='bbox 1066 862 1358 908; x_wconf 84' lang='lat' dir='ltr'>disputationum,</span> <span class='ocrx_word' id='word_1_120' title='bbox 1377 863 1533 897; x_wconf 87' lang='lat' dir='ltr'>maxime</span> <span class='ocrx_word' id='word_1_121' title='bbox 1552 864 1586 898; x_wconf 92' lang='lat' dir='ltr'>in</span> <span class='ocrx_word' id='word_1_122' title='bbox 1604 863 1808 908; x_wconf 83' lang='lat' dir='ltr'>theologica</span> 
     </span>
     <span class='ocr_line' id='line_1_13' title="bbox 45 915 1808 961; baseline 0.001 -11"><span class='ocrx_word' id='word_1_123' title='bbox 45 915 219 951; x_wconf 82' lang='lat' dir='ltr'>facultate</span> <span class='ocrx_word' id='word_1_124' title='bbox 245 918 312 950; x_wconf 89' lang='lat' dir='ltr'>etc.</span> <span class='ocrx_word' id='word_1_125' title='bbox 334 916 418 958; x_wconf 85' lang='lat'>(171</span> <span class='ocrx_word' id='word_1_126' title='bbox 437 915 654 959; x_wconf 78' lang='lat'>678—686).</span> <span class='ocrx_word' id='word_1_127' title='bbox 688 915 786 950; x_wconf 88' lang='lat' dir='ltr'>Usus</span> <span class='ocrx_word' id='word_1_128' title='bbox 811 918 868 950; x_wconf 88' lang='lat' dir='ltr'>est</span> <span class='ocrx_word' id='word_1_129' title='bbox 893 917 1001 950; x_wconf 87' lang='lat' dir='ltr'>etiam</span> <span class='ocrx_word' id='word_1_130' title='bbox 1025 916 1190 951; x_wconf 87' lang='lat' dir='ltr'>Canisius</span> <span class='ocrx_word' id='word_1_131' title='bbox 1217 916 1484 961; x_wconf 86' lang='lat' dir='ltr'>opportunitate</span> <span class='ocrx_word' id='word_1_132' title='bbox 1510 917 1576 951; x_wconf 86' lang='lat' dir='ltr'>sibi</span> <span class='ocrx_word' id='word_1_133' title='bbox 1603 917 1724 952; x_wconf 87' lang='lat' dir='ltr'>oblata</span> <span class='ocrx_word' id='word_1_134' title='bbox 1749 918 1808 952; x_wconf 88' lang='lat' dir='ltr'>ad-</span> 
     </span>
     <span class='ocr_line' id='line_1_14' title="bbox 46 968 1808 1014; baseline 0.001 -11"><span class='ocrx_word' id='word_1_135' title='bbox 46 969 152 1004; x_wconf 89' lang='lat' dir='ltr'>eundi</span> <span class='ocrx_word' id='word_1_136' title='bbox 174 969 219 1003; x_wconf 89' lang='lat' dir='ltr'>ad</span> <span class='ocrx_word' id='word_1_137' title='bbox 236 969 500 1011; x_wconf 83' lang='lat' dir='ltr'>Noviomagum</span> <span class='ocrx_word' id='word_1_138' title='bbox 525 968 712 1003; x_wconf 89' lang='lat' dir='ltr'>civitatem</span> <span class='ocrx_word' id='word_1_139' title='bbox 737 969 911 1013; x_wconf 87' lang='lat' dir='ltr'>patriam;</span> <span class='ocrx_word' id='word_1_140' title='bbox 939 969 999 1003; x_wconf 90' lang='lat' dir='ltr'>ubi</span> <span class='ocrx_word' id='word_1_141' title='bbox 1025 969 1315 1014; x_wconf 88' lang='lat' dir='ltr'>propinquorum,</span> <span class='ocrx_word' id='word_1_142' title='bbox 1341 980 1430 1013; x_wconf 91' lang='lat' dir='ltr'>quos</span> <span class='ocrx_word' id='word_1_143' title='bbox 1456 969 1589 1004; x_wconf 88' lang='lat' dir='ltr'>multos</span> <span class='ocrx_word' id='word_1_144' title='bbox 1615 973 1651 1004; x_wconf 90' lang='lat' dir='ltr'>et</span> <span class='ocrx_word' id='word_1_145' title='bbox 1677 970 1808 1005; x_wconf 90' lang='lat' dir='ltr'>divites</span> 
     </span>
     <span class='ocr_line' id='line_1_15' title="bbox 45 1021 1809 1067; baseline 0.002 -11"><span class='ocrx_word' id='word_1_146' title='bbox 45 1022 211 1063; x_wconf 90' lang='lat' dir='ltr'>habebat,</span> <span class='ocrx_word' id='word_1_147' title='bbox 236 1021 473 1056; x_wconf 80' lang='lat' dir='ltr'>bibliothecas</span> <span class='ocrx_word' id='word_1_148' title='bbox 491 1022 754 1067; x_wconf 83' lang='lat' dir='ltr'>pervestigavit</span> <span class='ocrx_word' id='word_1_149' title='bbox 780 1025 816 1056; x_wconf 91' lang='lat' dir='ltr'>et</span> <span class='ocrx_word' id='word_1_150' title='bbox 841 1021 952 1056; x_wconf 89' lang='lat' dir='ltr'>libros</span> <span class='ocrx_word' id='word_1_151' title='bbox 978 1034 1110 1063; x_wconf 89' lang='lat' dir='ltr'>omnes,</span> <span class='ocrx_word' id='word_1_152' title='bbox 1139 1034 1227 1066; x_wconf 84' lang='lat' dir='ltr'>quos</span> <span class='ocrx_word' id='word_1_153' title='bbox 1245 1034 1266 1056; x_wconf 92' lang='lat' dir='ltr'>a</span> <span class='ocrx_word' id='word_1_154' title='bbox 1283 1022 1455 1066; x_wconf 86' lang='lat' dir='ltr'>religione</span> <span class='ocrx_word' id='word_1_155' title='bbox 1474 1022 1650 1058; x_wconf 86' lang='lat' dir='ltr'>catholica</span> <span class='ocrx_word' id='word_1_156' title='bbox 1672 1023 1809 1059; x_wconf 88' lang='lat' dir='ltr'>alienos</span> 
     </span>
     <span class='ocr_line' id='line_1_16' title="bbox 44 1074 1809 1122; baseline 0.002 -13"><span class='ocrx_word' id='word_1_157' title='bbox 44 1075 193 1117; x_wconf 91' lang='lat' dir='ltr'>invenit,</span> <span class='ocrx_word' id='word_1_158' title='bbox 219 1075 374 1110; x_wconf 87' lang='lat' dir='ltr'>fiammis</span> <span class='ocrx_word' id='word_1_159' title='bbox 399 1075 549 1109; x_wconf 89' lang='lat' dir='ltr'>tradidit</span> <span class='ocrx_word' id='word_1_160' title='bbox 568 1074 691 1119; x_wconf 85' lang='lat'>(664);</span> <span class='ocrx_word' id='word_1_161' title='bbox 719 1075 818 1109; x_wconf 88' lang='lat' dir='ltr'>cives</span> <span class='ocrx_word' id='word_1_162' title='bbox 837 1075 872 1109; x_wconf 90' lang='lat' dir='ltr'>in</span> <span class='ocrx_word' id='word_1_163' title='bbox 898 1075 968 1109; x_wconf 91' lang='lat' dir='ltr'>fide</span> <span class='ocrx_word' id='word_1_164' title='bbox 993 1075 1154 1109; x_wconf 89' lang='lat' dir='ltr'>nonnihil</span> <span class='ocrx_word' id='word_1_165' title='bbox 1179 1075 1395 1110; x_wconf 82' lang='lat' dir='ltr'>vacillantes</span> <span class='ocrx_word' id='word_1_166' title='bbox 1413 1076 1565 1121; x_wconf 89' lang='lat' dir='ltr'>publicis</span> <span class='ocrx_word' id='word_1_167' title='bbox 1584 1077 1809 1122; x_wconf 87' lang='lat' dir='ltr'>privatisque</span> 
     </span>
     <span class='ocr_line' id='line_1_17' title="bbox 47 1127 1808 1174; baseline 0.002 -12"><span class='ocrx_word' id='word_1_168' title='bbox 47 1128 233 1172; x_wconf 86' lang='lat' dir='ltr'>colloquiis</span> <span class='ocrx_word' id='word_1_169' title='bbox 257 1130 398 1163; x_wconf 90' lang='lat' dir='ltr'>tantum</span> <span class='ocrx_word' id='word_1_170' title='bbox 425 1128 651 1162; x_wconf 87' lang='lat' dir='ltr'>confirmavit</span> <span class='ocrx_word' id='word_1_171' title='bbox 670 1127 904 1172; x_wconf 85' lang='lat'>(656—664),</span> <span class='ocrx_word' id='word_1_172' title='bbox 931 1130 1104 1172; x_wconf 87' lang='lat' dir='ltr'>quantum</span> <span class='ocrx_word' id='word_1_173' title='bbox 1132 1128 1237 1173; x_wconf 89' lang='lat' dir='ltr'>paulo</span> <span class='ocrx_word' id='word_1_174' title='bbox 1264 1131 1354 1173; x_wconf 88' lang='lat' dir='ltr'>post,</span> <span class='ocrx_word' id='word_1_175' title='bbox 1382 1131 1460 1163; x_wconf 90' lang='lat' dir='ltr'>orta</span> <span class='ocrx_word' id='word_1_176' title='bbox 1480 1129 1695 1174; x_wconf 87' lang='lat' dir='ltr'>Noviomagi</span> <span class='ocrx_word' id='word_1_177' title='bbox 1721 1133 1808 1165; x_wconf 90' lang='lat' dir='ltr'>tem-</span> 
     </span>
     <span class='ocr_line' id='line_1_18' title="bbox 45 1181 1807 1227; baseline 0.001 -11"><span class='ocrx_word' id='word_1_178' title='bbox 45 1183 185 1227; x_wconf 85' lang='lat' dir='ltr'>pestate</span> <span class='ocrx_word' id='word_1_179' title='bbox 202 1182 356 1226; x_wconf 90' lang='lat' dir='ltr'>quadam</span> <span class='ocrx_word' id='word_1_180' title='bbox 375 1181 590 1222; x_wconf 84' lang='lat' dir='ltr'>calviniana,</span> <span class='ocrx_word' id='word_1_181' title='bbox 608 1193 730 1216; x_wconf 89' lang='lat' dir='ltr'>eorum</span> <span class='ocrx_word' id='word_1_182' title='bbox 748 1182 951 1216; x_wconf 88' lang='lat' dir='ltr'>constantia</span> <span class='ocrx_word' id='word_1_183' title='bbox 968 1181 1134 1226; x_wconf 89' lang='lat' dir='ltr'>probavit</span> <span class='ocrx_word' id='word_1_184' title='bbox 1153 1181 1284 1225; x_wconf 80' lang='lat'>(335¹).</span> <span class='ocrx_word' id='word_1_185' title='bbox 1313 1181 1543 1217; x_wconf 85' lang='lat' dir='ltr'>Guilielmum</span> <span class='ocrx_word' id='word_1_186' title='bbox 1563 1183 1688 1218; x_wconf 91' lang='lat' dir='ltr'>ducem</span> <span class='ocrx_word' id='word_1_187' title='bbox 1708 1184 1807 1218; x_wconf 87' lang='lat' dir='ltr'>iulia-</span> 
     </span>
     <span class='ocr_line' id='line_1_19' title="bbox 46 1234 1809 1281; baseline 0.001 -12"><span class='ocrx_word' id='word_1_188' title='bbox 46 1246 188 1269; x_wconf 88' lang='lat' dir='ltr'>censem</span> <span class='ocrx_word' id='word_1_189' title='bbox 207 1236 243 1269; x_wconf 91' lang='lat' dir='ltr'>et</span> <span class='ocrx_word' id='word_1_190' title='bbox 260 1234 468 1274; x_wconf 86' lang='lat' dir='ltr'>clivensem,</span> <span class='ocrx_word' id='word_1_191' title='bbox 494 1234 612 1269; x_wconf 88' lang='lat' dir='ltr'>virum</span> <span class='ocrx_word' id='word_1_192' title='bbox 638 1235 771 1277; x_wconf 89' lang='lat' dir='ltr'>ingenii</span> <span class='ocrx_word' id='word_1_193' title='bbox 798 1246 923 1279; x_wconf 90' lang='lat' dir='ltr'>parum</span> <span class='ocrx_word' id='word_1_194' title='bbox 950 1235 1046 1269; x_wconf 85' lang='lat' dir='ltr'>acuti</span> <span class='ocrx_word' id='word_1_195' title='bbox 1065 1237 1101 1269; x_wconf 91' lang='lat' dir='ltr'>et</span> <span class='ocrx_word' id='word_1_196' title='bbox 1126 1246 1245 1269; x_wconf 90' lang='lat' dir='ltr'>rerum</span> <span class='ocrx_word' id='word_1_197' title='bbox 1268 1247 1443 1269; x_wconf 90' lang='lat' dir='ltr'>novarum</span> <span class='ocrx_word' id='word_1_198' title='bbox 1460 1237 1567 1270; x_wconf 91' lang='lat' dir='ltr'>nimis</span> <span class='ocrx_word' id='word_1_199' title='bbox 1593 1237 1723 1281; x_wconf 89' lang='lat' dir='ltr'>cupidi,</span> <span class='ocrx_word' id='word_1_200' title='bbox 1749 1237 1809 1272; x_wconf 90' lang='lat' dir='ltr'>diu</span> 
     </span>
     <span class='ocr_line' id='line_1_20' title="bbox 46 1288 1809 1334; baseline 0.002 -12"><span class='ocrx_word' id='word_1_201' title='bbox 46 1288 226 1332; x_wconf 84' lang='lat' dir='ltr'>quaesivit</span> <span class='ocrx_word' id='word_1_202' title='bbox 255 1288 376 1331; x_wconf 87' lang='lat'>(157);</span> <span class='ocrx_word' id='word_1_203' title='bbox 407 1299 487 1322; x_wconf 91' lang='lat' dir='ltr'>cum</span> <span class='ocrx_word' id='word_1_204' title='bbox 514 1288 660 1322; x_wconf 89' lang='lat' dir='ltr'>tandem</span> <span class='ocrx_word' id='word_1_205' title='bbox 685 1288 863 1333; x_wconf 86' lang='lat' dir='ltr'>pontificis</span> <span class='ocrx_word' id='word_1_206' title='bbox 890 1288 1059 1322; x_wconf 87' lang='lat' dir='ltr'>mandata</span> <span class='ocrx_word' id='word_1_207' title='bbox 1085 1288 1128 1322; x_wconf 90' lang='lat' dir='ltr'>ad</span> <span class='ocrx_word' id='word_1_208' title='bbox 1155 1299 1235 1322; x_wconf 87' lang='lat' dir='ltr'>eum</span> <span class='ocrx_word' id='word_1_209' title='bbox 1262 1288 1462 1330; x_wconf 88' lang='lat' dir='ltr'>detulisset,</span> <span class='ocrx_word' id='word_1_210' title='bbox 1489 1301 1697 1334; x_wconf 87' lang='lat' dir='ltr'>responsum</span> <span class='ocrx_word' id='word_1_211' title='bbox 1725 1290 1809 1325; x_wconf 90' lang='lat' dir='ltr'>tulit</span> 
     </span>
     <span class='ocr_line' id='line_1_21' title="bbox 45 1340 1808 1386; baseline 0.002 -11"><span class='ocrx_word' id='word_1_212' title='bbox 45 1341 217 1385; x_wconf 85' lang='lat' dir='ltr'>frigidum</span> <span class='ocrx_word' id='word_1_213' title='bbox 236 1343 271 1375; x_wconf 93' lang='lat' dir='ltr'>et</span> <span class='ocrx_word' id='word_1_214' title='bbox 288 1353 420 1386; x_wconf 85' lang='lat' dir='ltr'>anceps</span> <span class='ocrx_word' id='word_1_215' title='bbox 437 1340 554 1385; x_wconf 91' lang='grc'><strong>(170);</strong></span> <span class='ocrx_word' id='word_1_216' title='bbox 573 1353 720 1386; x_wconf 90' lang='lat' dir='ltr'>prorsus</span> <span class='ocrx_word' id='word_1_217' title='bbox 738 1344 858 1375; x_wconf 91' lang='lat' dir='ltr'>tamen</span> <span class='ocrx_word' id='word_1_218' title='bbox 877 1341 1014 1375; x_wconf 90' lang='lat' dir='ltr'>incerta</span> <span class='ocrx_word' id='word_1_219' title='bbox 1032 1344 1127 1383; x_wconf 89' lang='lat' dir='ltr'>sunt,</span> <span class='ocrx_word' id='word_1_220' title='bbox 1148 1352 1239 1385; x_wconf 91' lang='lat' dir='ltr'>quae</span> <span class='ocrx_word' id='word_1_221' title='bbox 1258 1341 1300 1375; x_wconf 87' lang='lat' dir='ltr'>de</span> <span class='ocrx_word' id='word_1_222' title='bbox 1319 1341 1386 1376; x_wconf 87' lang='lat' dir='ltr'>hac</span> <span class='ocrx_word' id='word_1_223' title='bbox 1404 1342 1618 1376; x_wconf 85' lang='lat' dir='ltr'>tractatione</span> <span class='ocrx_word' id='word_1_224' title='bbox 1637 1343 1808 1378; x_wconf 89' lang='lat' dir='ltr'>Herman-</span> 
     </span>
     <span class='ocr_line' id='line_1_22' title="bbox 45 1394 1809 1439; baseline 0.002 -11"><span class='ocrx_word' id='word_1_225' title='bbox 45 1406 112 1428; x_wconf 89' lang='lat' dir='ltr'>nus</span> <span class='ocrx_word' id='word_1_226' title='bbox 139 1394 422 1429; x_wconf 86' lang='lat' dir='ltr'>Hamelmannus</span> <span class='ocrx_word' id='word_1_227' title='bbox 447 1394 531 1428; x_wconf 90' lang='lat' dir='ltr'>olim</span> <span class='ocrx_word' id='word_1_228' title='bbox 557 1394 703 1439; x_wconf 90' lang='lat' dir='ltr'>scripsit</span> <span class='ocrx_word' id='word_1_229' title='bbox 723 1395 837 1438; x_wconf 84' lang='lat'>(673).</span> <span class='ocrx_word' id='word_1_230' title='bbox 873 1394 1038 1429; x_wconf 90' lang='lat' dir='ltr'>Canisius</span> <span class='ocrx_word' id='word_1_231' title='bbox 1056 1395 1198 1429; x_wconf 91' lang='lat' dir='ltr'>omnino</span> <span class='ocrx_word' id='word_1_232' title='bbox 1216 1394 1352 1429; x_wconf 84' lang='lat' dir='ltr'>frustra</span> <span class='ocrx_word' id='word_1_233' title='bbox 1370 1395 1462 1439; x_wconf 89' lang='lat' dir='ltr'>apud</span> <span class='ocrx_word' id='word_1_234' title='bbox 1482 1395 1607 1430; x_wconf 90' lang='lat' dir='ltr'>ducem</span> <span class='ocrx_word' id='word_1_235' title='bbox 1626 1395 1809 1432; x_wconf 89' lang='lat' dir='ltr'>laborasse</span> 
     </span>
     <span class='ocr_line' id='line_1_23' title="bbox 46 1447 1810 1492; baseline 0.002 -11"><span class='ocrx_word' id='word_1_236' title='bbox 46 1458 115 1482; x_wconf 88' lang='lat' dir='ltr'>non</span> <span class='ocrx_word' id='word_1_237' title='bbox 141 1447 303 1488; x_wconf 85' lang='lat' dir='ltr'>videtur;</span> <span class='ocrx_word' id='word_1_238' title='bbox 337 1447 426 1492; x_wconf 89' lang='lat' dir='ltr'>ipsis</span> <span class='ocrx_word' id='word_1_239' title='bbox 460 1447 534 1481; x_wconf 92' lang='lat' dir='ltr'>illis</span> <span class='ocrx_word' id='word_1_240' title='bbox 569 1447 693 1481; x_wconf 90' lang='lat' dir='ltr'>diebus</span> <span class='ocrx_word' id='word_1_241' title='bbox 719 1447 966 1492; x_wconf 88' lang='lat' dir='ltr'>Dusseldorpii</span> <span class='ocrx_word' id='word_1_242' title='bbox 1002 1459 1147 1482; x_wconf 91' lang='lat' dir='ltr'>munere</span> <span class='ocrx_word' id='word_1_243' title='bbox 1174 1447 1430 1482; x_wconf 83' lang='lat' dir='ltr'>contionatoris</span> <span class='ocrx_word' id='word_1_244' title='bbox 1457 1449 1561 1482; x_wconf 90' lang='lat' dir='ltr'>aulici</span> <span class='ocrx_word' id='word_1_245' title='bbox 1588 1452 1728 1484; x_wconf 89' lang='lat' dir='ltr'>amotus</span> <span class='ocrx_word' id='word_1_246' title='bbox 1755 1453 1810 1485; x_wconf 91' lang='lat' dir='ltr'>est</span> 
     </span>
     <span class='ocr_line' id='line_1_24' title="bbox 46 1499 1807 1544; baseline 0.002 -10"><span class='ocrx_word' id='word_1_247' title='bbox 46 1501 213 1535; x_wconf 86' lang='lat' dir='ltr'>sacerdos</span> <span class='ocrx_word' id='word_1_248' title='bbox 238 1500 310 1541; x_wconf 89' lang='lat' dir='ltr'>ille,</span> <span class='ocrx_word' id='word_1_249' title='bbox 346 1501 405 1544; x_wconf 92' lang='lat' dir='ltr'>qui</span> <span class='ocrx_word' id='word_1_250' title='bbox 439 1512 506 1534; x_wconf 92' lang='lat' dir='ltr'>nec</span> <span class='ocrx_word' id='word_1_251' title='bbox 530 1499 647 1542; x_wconf 88' lang='lat' dir='ltr'>legem</span> <span class='ocrx_word' id='word_1_252' title='bbox 675 1500 873 1535; x_wconf 86' lang='lat' dir='ltr'>caelibatus</span> <span class='ocrx_word' id='word_1_253' title='bbox 899 1501 1081 1540; x_wconf 88' lang='lat' dir='ltr'>servabat,</span> <span class='ocrx_word' id='word_1_254' title='bbox 1116 1512 1180 1535; x_wconf 91' lang='lat' dir='ltr'>nec</span> <span class='ocrx_word' id='word_1_255' title='bbox 1211 1501 1342 1535; x_wconf 82' lang='lat' dir='ltr'>missae</span> <span class='ocrx_word' id='word_1_256' title='bbox 1376 1501 1591 1535; x_wconf 86' lang='lat' dir='ltr'>sacrificium</span> <span class='ocrx_word' id='word_1_257' title='bbox 1617 1502 1807 1544; x_wconf 84' lang='lat' dir='ltr'>offerebat;</span> 
     </span>
     <span class='ocr_line' id='line_1_25' title="bbox 46 1553 1808 1599; baseline 0.002 -12"><span class='ocrx_word' id='word_1_258' title='bbox 46 1554 183 1588; x_wconf 88' lang='lat' dir='ltr'>semina</span> <span class='ocrx_word' id='word_1_259' title='bbox 197 1565 337 1598; x_wconf 90' lang='lat' dir='ltr'>quoque</span> <span class='ocrx_word' id='word_1_260' title='bbox 355 1553 486 1598; x_wconf 89' lang='lat' dir='ltr'>aliqua,</span> <span class='ocrx_word' id='word_1_261' title='bbox 503 1553 572 1587; x_wconf 89' lang='lat' dir='ltr'>nisi</span> <span class='ocrx_word' id='word_1_262' title='bbox 591 1553 707 1595; x_wconf 88' lang='lat' dir='ltr'>fallor,</span> <span class='ocrx_word' id='word_1_263' title='bbox 726 1566 788 1599; x_wconf 89' lang='lat' dir='ltr'>per</span> <span class='ocrx_word' id='word_1_264' title='bbox 803 1554 985 1589; x_wconf 86' lang='lat' dir='ltr'>Canisium</span> <span class='ocrx_word' id='word_1_265' title='bbox 1004 1554 1098 1588; x_wconf 87' lang='lat' dir='ltr'>iacta</span> <span class='ocrx_word' id='word_1_266' title='bbox 1116 1557 1201 1588; x_wconf 91' lang='lat' dir='ltr'>sunt</span> <span class='ocrx_word' id='word_1_267' title='bbox 1217 1555 1426 1588; x_wconf 86' lang='lat' dir='ltr'>mutationis</span> <span class='ocrx_word' id='word_1_268' title='bbox 1444 1554 1552 1596; x_wconf 89' lang='lat' dir='ltr'>illius,</span> <span class='ocrx_word' id='word_1_269' title='bbox 1577 1566 1646 1599; x_wconf 89' lang='lat' dir='ltr'>qua</span> <span class='ocrx_word' id='word_1_270' title='bbox 1664 1557 1808 1590; x_wconf 89' lang='lat' dir='ltr'>tandem</span> 
     </span>
     <span class='ocr_line' id='line_1_26' title="bbox 47 1606 1808 1652; baseline 0.002 -12"><span class='ocrx_word' id='word_1_271' title='bbox 47 1607 148 1641; x_wconf 90' lang='lat' dir='ltr'>ducis</span> <span class='ocrx_word' id='word_1_272' title='bbox 174 1609 210 1641; x_wconf 90' lang='lat' dir='ltr'>et</span> <span class='ocrx_word' id='word_1_273' title='bbox 240 1606 378 1641; x_wconf 87' lang='lat' dir='ltr'>familia</span> <span class='ocrx_word' id='word_1_274' title='bbox 404 1610 440 1641; x_wconf 89' lang='lat' dir='ltr'>et</span> <span class='ocrx_word' id='word_1_275' title='bbox 465 1607 618 1651; x_wconf 89' lang='lat' dir='ltr'>populus</span> <span class='ocrx_word' id='word_1_276' title='bbox 643 1608 687 1641; x_wconf 92' lang='lat' dir='ltr'>ad</span> <span class='ocrx_word' id='word_1_277' title='bbox 715 1607 914 1642; x_wconf 88' lang='lat' dir='ltr'>catholicae</span> <span class='ocrx_word' id='word_1_278' title='bbox 939 1607 1022 1641; x_wconf 90' lang='lat' dir='ltr'>fidei</span> <span class='ocrx_word' id='word_1_279' title='bbox 1052 1608 1246 1652; x_wconf 88' lang='lat' dir='ltr'>puritatem</span> <span class='ocrx_word' id='word_1_280' title='bbox 1272 1608 1456 1642; x_wconf 89' lang='lat' dir='ltr'>redierunt</span> <span class='ocrx_word' id='word_1_281' title='bbox 1483 1608 1597 1652; x_wconf 84' lang='grc'><strong>(676).</strong></span> <span class='ocrx_word' id='word_1_282' title='bbox 1648 1608 1808 1644; x_wconf 88' lang='lat' dir='ltr'>Necdum</span> 
     </span>
     <span class='ocr_line' id='line_1_27' title="bbox 46 1660 1809 1705; baseline 0.002 -11"><span class='ocrx_word' id='word_1_283' title='bbox 46 1660 211 1695; x_wconf 88' lang='lat' dir='ltr'>Canisius</span> <span class='ocrx_word' id='word_1_284' title='bbox 237 1660 317 1694; x_wconf 88' lang='lat' dir='ltr'>aliis</span> <span class='ocrx_word' id='word_1_285' title='bbox 344 1660 597 1705; x_wconf 83' lang='lat' dir='ltr'>compluribus,</span> <span class='ocrx_word' id='word_1_286' title='bbox 623 1663 663 1694; x_wconf 93' lang='lat' dir='ltr'>ut</span> <span class='ocrx_word' id='word_1_287' title='bbox 681 1660 858 1705; x_wconf 85' lang='lat' dir='ltr'>episcopis</span> <span class='ocrx_word' id='word_1_288' title='bbox 878 1661 1178 1704; x_wconf 82' lang='lat' dir='ltr'>argentoratensi,</span> <span class='ocrx_word' id='word_1_289' title='bbox 1205 1661 1370 1705; x_wconf 88' lang='lat' dir='ltr'>spirensi,</span> <span class='ocrx_word' id='word_1_290' title='bbox 1397 1662 1642 1704; x_wconf 88' lang='lat' dir='ltr'>vormatiensi,</span> <span class='ocrx_word' id='word_1_291' title='bbox 1668 1662 1809 1697; x_wconf 84' lang='lat' dir='ltr'>litteras</span> 
     </span>
     <span class='ocr_line' id='line_1_28' title="bbox 44 1712 1806 1759; baseline 0.002 -12"><span class='ocrx_word' id='word_1_292' title='bbox 44 1713 245 1759; x_wconf 86' lang='lat' dir='ltr'>pontificias</span> <span class='ocrx_word' id='word_1_293' title='bbox 271 1712 444 1747; x_wconf 86' lang='lat' dir='ltr'>attulerat</span> <span class='ocrx_word' id='word_1_294' title='bbox 471 1714 585 1757; x_wconf 89' lang='lat'>(649),</span> <span class='ocrx_word' id='word_1_295' title='bbox 621 1725 700 1747; x_wconf 86' lang='lat' dir='ltr'>cum</span> <span class='ocrx_word' id='word_1_296' title='bbox 737 1715 882 1758; x_wconf 86' lang='lat' dir='ltr'>cognita</span> <span class='ocrx_word' id='word_1_297' title='bbox 906 1716 1019 1748; x_wconf 89' lang='lat' dir='ltr'>morte</span> <span class='ocrx_word' id='word_1_298' title='bbox 1045 1714 1101 1748; x_wconf 90' lang='lat' dir='ltr'>Pii</span> <span class='ocrx_word' id='word_1_299' title='bbox 1127 1714 1186 1748; x_wconf 83' lang='lat' dir='ltr'>IV.</span> <span class='ocrx_word' id='word_1_300' title='bbox 1215 1725 1236 1748; x_wconf 92' lang='lat' dir='ltr'>a</span> <span class='ocrx_word' id='word_1_301' title='bbox 1262 1714 1441 1757; x_wconf 84' lang='lat' dir='ltr'>legatione</span> <span class='ocrx_word' id='word_1_302' title='bbox 1468 1715 1535 1749; x_wconf 87' lang='lat' dir='ltr'>sibi</span> <span class='ocrx_word' id='word_1_303' title='bbox 1562 1715 1806 1750; x_wconf 84' lang='lat' dir='ltr'>desistendum</span> 
     </span>
     <span class='ocr_line' id='line_1_29' title="bbox 45 1766 1808 1812; baseline 0.002 -12"><span class='ocrx_word' id='word_1_304' title='bbox 45 1777 124 1801; x_wconf 90' lang='lat' dir='ltr'>esse</span> <span class='ocrx_word' id='word_1_305' title='bbox 141 1769 243 1801; x_wconf 89' lang='lat' dir='ltr'>ratus</span> <span class='ocrx_word' id='word_1_306' title='bbox 261 1769 317 1800; x_wconf 88' lang='lat' dir='ltr'>est</span> <span class='ocrx_word' id='word_1_307' title='bbox 336 1767 449 1809; x_wconf 86' lang='lat'>(173).</span> <span class='ocrx_word' id='word_1_308' title='bbox 476 1766 630 1801; x_wconf 82' lang='lat' dir='ltr'>Molesta</span> <span class='ocrx_word' id='word_1_309' title='bbox 648 1767 737 1801; x_wconf 89' lang='lat' dir='ltr'>haec</span> <span class='ocrx_word' id='word_1_310' title='bbox 754 1767 874 1801; x_wconf 86' lang='lat' dir='ltr'>fuerat</span> <span class='ocrx_word' id='word_1_311' title='bbox 891 1767 1148 1812; x_wconf 87' lang='lat' dir='ltr'>peregrinatio;</span> <span class='ocrx_word' id='word_1_312' title='bbox 1167 1779 1248 1801; x_wconf 89' lang='lat' dir='ltr'>nam</span> <span class='ocrx_word' id='word_1_313' title='bbox 1269 1767 1303 1801; x_wconf 92' lang='lat' dir='ltr'>in</span> <span class='ocrx_word' id='word_1_314' title='bbox 1322 1768 1449 1802; x_wconf 89' lang='lat' dir='ltr'>mediis</span> <span class='ocrx_word' id='word_1_315' title='bbox 1467 1767 1595 1802; x_wconf 90' lang='lat' dir='ltr'>hiemis</span> <span class='ocrx_word' id='word_1_316' title='bbox 1614 1768 1808 1812; x_wconf 85' lang='lat' dir='ltr'>frigoribus</span> 
     </span>
     <span class='ocr_line' id='line_1_30' title="bbox 45 1819 1804 1866; baseline 0.002 -12"><span class='ocrx_word' id='word_1_317' title='bbox 45 1822 81 1854; x_wconf 89' lang='lat' dir='ltr'>et</span> <span class='ocrx_word' id='word_1_318' title='bbox 104 1831 175 1855; x_wconf 90' lang='lat' dir='ltr'>uno</span> <span class='ocrx_word' id='word_1_319' title='bbox 200 1820 276 1854; x_wconf 83' lang='lat' dir='ltr'>fere</span> <span class='ocrx_word' id='word_1_320' title='bbox 301 1819 431 1854; x_wconf 90' lang='lat' dir='ltr'>comite</span> <span class='ocrx_word' id='word_1_321' title='bbox 450 1819 616 1854; x_wconf 86' lang='lat' dir='ltr'>Canisius</span> <span class='ocrx_word' id='word_1_322' title='bbox 642 1820 892 1864; x_wconf 87' lang='lat' dir='ltr'>peregrinatus</span> <span class='ocrx_word' id='word_1_323' title='bbox 918 1824 1005 1862; x_wconf 86' lang='lat' dir='ltr'>erat,</span> <span class='ocrx_word' id='word_1_324' title='bbox 1032 1832 1098 1855; x_wconf 91' lang='lat' dir='ltr'>nec</span> <span class='ocrx_word' id='word_1_325' title='bbox 1124 1821 1201 1855; x_wconf 89' lang='lat' dir='ltr'>sine</span> <span class='ocrx_word' id='word_1_326' title='bbox 1225 1821 1322 1854; x_wconf 89' lang='lat' dir='ltr'>vitae</span> <span class='ocrx_word' id='word_1_327' title='bbox 1341 1821 1545 1855; x_wconf 86' lang='lat' dir='ltr'>discrimine</span> <span class='ocrx_word' id='word_1_328' title='bbox 1565 1821 1804 1866; x_wconf 79' lang='lat'>(647—648);</span> 
     </span>
     <span class='ocr_line' id='line_1_31' title="bbox 43 1873 1807 1919; baseline 0.001 -11"><span class='ocrx_word' id='word_1_329' title='bbox 43 1884 191 1908; x_wconf 88' lang='lat' dir='ltr'>necesse</span> <span class='ocrx_word' id='word_1_330' title='bbox 216 1873 309 1907; x_wconf 88' lang='lat' dir='ltr'>enim</span> <span class='ocrx_word' id='word_1_331' title='bbox 337 1876 415 1906; x_wconf 86' lang='lat' dir='ltr'>erat</span> <span class='ocrx_word' id='word_1_332' title='bbox 432 1884 495 1917; x_wconf 91' lang='lat' dir='ltr'>per</span> <span class='ocrx_word' id='word_1_333' title='bbox 513 1873 626 1906; x_wconf 87' lang='lat' dir='ltr'>multa</span> <span class='ocrx_word' id='word_1_334' title='bbox 643 1873 722 1907; x_wconf 84' lang='lat' dir='ltr'>loca</span> <span class='ocrx_word' id='word_1_335' title='bbox 740 1873 911 1908; x_wconf 89' lang='lat' dir='ltr'>transiret</span> <span class='ocrx_word' id='word_1_336' title='bbox 927 1874 1206 1919; x_wconf 83' lang='lat' dir='ltr'>protestantium</span> <span class='ocrx_word' id='word_1_337' title='bbox 1228 1874 1328 1917; x_wconf 85' lang='lat'>(157)</span> <span class='ocrx_word' id='word_1_338' title='bbox 1345 1887 1352 1916; x_wconf 88' lang='lat'><strong>;</strong></span> <span class='ocrx_word' id='word_1_339' title='bbox 1380 1875 1509 1918; x_wconf 90' lang='lat' dir='ltr'>quibus</span> <span class='ocrx_word' id='word_1_340' title='bbox 1528 1874 1660 1909; x_wconf 88' lang='lat' dir='ltr'>Canisii</span> <span class='ocrx_word' id='word_1_341' title='bbox 1679 1887 1807 1910; x_wconf 92' lang='lat' dir='ltr'>nomen</span> 
     </span>
     <span class='ocr_line' id='line_1_32' title="bbox 44 1926 1806 1973; baseline 0.001 -11"><span class='ocrx_word' id='word_1_342' title='bbox 44 1926 296 1962; x_wconf 78' lang='lat' dir='ltr'>exosissimum</span> <span class='ocrx_word' id='word_1_343' title='bbox 331 1929 419 1961; x_wconf 86' lang='lat' dir='ltr'>erat.</span> <span class='ocrx_word' id='word_1_344' title='bbox 470 1926 627 1960; x_wconf 87' lang='lat' dir='ltr'>Pecunia</span> <span class='ocrx_word' id='word_1_345' title='bbox 659 1929 778 1960; x_wconf 90' lang='lat' dir='ltr'>tamen</span> <span class='ocrx_word' id='word_1_346' title='bbox 804 1946 852 1951; x_wconf 84' lang='lat'>-—</span> <span class='ocrx_word' id='word_1_347' title='bbox 876 1927 911 1961; x_wconf 91' lang='lat' dir='ltr'>id</span> <span class='ocrx_word' id='word_1_348' title='bbox 948 1927 1041 1971; x_wconf 86' lang='lat' dir='ltr'>quod</span> <span class='ocrx_word' id='word_1_349' title='bbox 1078 1927 1293 1972; x_wconf 88' lang='lat' dir='ltr'>biographos</span> <span class='ocrx_word' id='word_1_350' title='bbox 1324 1928 1430 1961; x_wconf 86' lang='lat' dir='ltr'>latuit</span> <span class='ocrx_word' id='word_1_351' title='bbox 1457 1947 1498 1952; x_wconf 85' lang='lat'>—</span> <span class='ocrx_word' id='word_1_352' title='bbox 1526 1940 1590 1973; x_wconf 92' lang='lat' dir='ltr'>per</span> <span class='ocrx_word' id='word_1_353' title='bbox 1615 1928 1718 1963; x_wconf 87' lang='lat' dir='ltr'>Pium</span> <span class='ocrx_word' id='word_1_354' title='bbox 1745 1929 1806 1965; x_wconf 89' lang='lat' dir='ltr'>IV.</span> 
     </span>
     <span class='ocr_line' id='line_1_33' title="bbox 44 1979 1807 2027; baseline 0.001 -13"><span class='ocrx_word' id='word_1_355' title='bbox 44 1983 81 2014; x_wconf 89' lang='lat' dir='ltr'>et</span> <span class='ocrx_word' id='word_1_356' title='bbox 105 1979 239 2014; x_wconf 88' lang='lat' dir='ltr'>amicos</span> <span class='ocrx_word' id='word_1_357' title='bbox 265 1979 402 2023; x_wconf 82' lang='lat' dir='ltr'>aliquot</span> <span class='ocrx_word' id='word_1_358' title='bbox 427 1982 501 2013; x_wconf 86' lang='lat' dir='ltr'>tam</span> <span class='ocrx_word' id='word_1_359' title='bbox 528 1979 628 2023; x_wconf 85' lang='lat' dir='ltr'>large</span> <span class='ocrx_word' id='word_1_360' title='bbox 654 1980 853 2014; x_wconf 87' lang='lat' dir='ltr'>instructus</span> <span class='ocrx_word' id='word_1_361' title='bbox 880 1983 967 2022; x_wconf 90' lang='lat' dir='ltr'>erat,</span> <span class='ocrx_word' id='word_1_362' title='bbox 995 1984 1035 2015; x_wconf 91' lang='lat' dir='ltr'>ut</span> <span class='ocrx_word' id='word_1_363' title='bbox 1060 1985 1142 2025; x_wconf 85' lang='lat' dir='ltr'>post</span> <span class='ocrx_word' id='word_1_364' title='bbox 1160 1981 1236 2015; x_wconf 90' lang='lat' dir='ltr'>eius</span> <span class='ocrx_word' id='word_1_365' title='bbox 1262 1981 1417 2015; x_wconf 86' lang='lat' dir='ltr'>reditum</span> <span class='ocrx_word' id='word_1_366' title='bbox 1435 1982 1571 2015; x_wconf 90' lang='lat' dir='ltr'>nummi</span> <span class='ocrx_word' id='word_1_367' title='bbox 1588 1982 1683 2016; x_wconf 89' lang='lat' dir='ltr'>haud</span> <span class='ocrx_word' id='word_1_368' title='bbox 1701 1983 1807 2027; x_wconf 90' lang='lat' dir='ltr'>pauci</span> 
     </span>
     <span class='ocr_line' id='line_1_34' title="bbox 43 2032 1806 2079; baseline 0.001 -11"><span class='ocrx_word' id='word_1_369' title='bbox 43 2034 274 2078; x_wconf 85' lang='lat' dir='ltr'>superessent</span> <span class='ocrx_word' id='word_1_370' title='bbox 301 2032 415 2077; x_wconf 85' lang='lat'>(689).</span> <span class='ocrx_word' id='word_1_371' title='bbox 460 2032 658 2066; x_wconf 88' lang='lat' dir='ltr'>Dolendum</span> <span class='ocrx_word' id='word_1_372' title='bbox 685 2044 781 2075; x_wconf 89' lang='lat' dir='ltr'>sane,</span> <span class='ocrx_word' id='word_1_373' title='bbox 808 2033 1011 2075; x_wconf 84' lang='lat' dir='ltr'>relationes,</span> <span class='ocrx_word' id='word_1_374' title='bbox 1039 2046 1129 2078; x_wconf 86' lang='lat' dir='ltr'>quas</span> <span class='ocrx_word' id='word_1_375' title='bbox 1156 2034 1333 2079; x_wconf 88' lang='lat' dir='ltr'>pontificis</span> <span class='ocrx_word' id='word_1_376' title='bbox 1359 2034 1459 2068; x_wconf 87' lang='lat' dir='ltr'>iussu</span> <span class='ocrx_word' id='word_1_377' title='bbox 1486 2047 1530 2068; x_wconf 82' lang='lat' dir='ltr'>ex</span> <span class='ocrx_word' id='word_1_378' title='bbox 1556 2035 1735 2079; x_wconf 84' lang='lat' dir='ltr'>legatione</span> <span class='ocrx_word' id='word_1_379' title='bbox 1762 2036 1806 2070; x_wconf 89' lang='lat' dir='ltr'>ad</span> 
     </span>
     <span class='ocr_line' id='line_1_35' title="bbox 44 2086 1805 2133; baseline 0.001 -11"><span class='ocrx_word' id='word_1_380' title='bbox 44 2086 261 2122; x_wconf 83' lang='lat' dir='ltr'>cardinalem</span> <span class='ocrx_word' id='word_1_381' title='bbox 287 2086 470 2120; x_wconf 91' lang='lat' dir='ltr'>Amulium</span> <span class='ocrx_word' id='word_1_382' title='bbox 498 2086 614 2127; x_wconf 86' lang='lat' dir='ltr'>misit,</span> <span class='ocrx_word' id='word_1_383' title='bbox 641 2087 796 2120; x_wconf 87' lang='lat' dir='ltr'>nondum</span> <span class='ocrx_word' id='word_1_384' title='bbox 822 2090 986 2132; x_wconf 90' lang='lat' dir='ltr'>repertas</span> <span class='ocrx_word' id='word_1_385' title='bbox 1013 2099 1092 2122; x_wconf 90' lang='lat' dir='ltr'>esse</span> <span class='ocrx_word' id='word_1_386' title='bbox 1121 2087 1205 2131; x_wconf 90' lang='lat'>(106</span> <span class='ocrx_word' id='word_1_387' title='bbox 1234 2088 1300 2123; x_wconf 88' lang='grc'>119</span> <span class='ocrx_word' id='word_1_388' title='bbox 1330 2088 1396 2123; x_wconf 82' lang='grc'><strong>130</strong></span> <span class='ocrx_word' id='word_1_389' title='bbox 1425 2088 1492 2122; x_wconf 82' lang='grc'><strong>134</strong></span> <span class='ocrx_word' id='word_1_390' title='bbox 1521 2089 1586 2122; x_wconf 87' lang='grc'><strong>142</strong></span> <span class='ocrx_word' id='word_1_391' title='bbox 1616 2089 1718 2133; x_wconf 86' lang='grc'><strong>156);</strong></span> <span class='ocrx_word' id='word_1_392' title='bbox 1746 2101 1805 2123; x_wconf 85' lang='lat' dir='ltr'>ex-</span> 
     </span>
     <span class='ocr_line' id='line_1_36' title="bbox 43 2139 1805 2185; baseline 0.001 -10"><span class='ocrx_word' id='word_1_393' title='bbox 43 2142 142 2175; x_wconf 84' lang='lat' dir='ltr'>stant</span> <span class='ocrx_word' id='word_1_394' title='bbox 167 2151 253 2173; x_wconf 86' lang='lat' dir='ltr'>vero</span> <span class='ocrx_word' id='word_1_395' title='bbox 279 2139 466 2183; x_wconf 88' lang='lat' dir='ltr'>epistulae,</span> <span class='ocrx_word' id='word_1_396' title='bbox 502 2150 593 2183; x_wconf 88' lang='lat' dir='ltr'>quas</span> <span class='ocrx_word' id='word_1_397' title='bbox 629 2140 751 2173; x_wconf 89' lang='lat' dir='ltr'>eodem</span> <span class='ocrx_word' id='word_1_398' title='bbox 786 2143 946 2185; x_wconf 89' lang='lat' dir='ltr'>tempore</span> <span class='ocrx_word' id='word_1_399' title='bbox 973 2141 1122 2174; x_wconf 87' lang='lat' dir='ltr'>Romam</span> <span class='ocrx_word' id='word_1_400' title='bbox 1157 2141 1201 2175; x_wconf 91' lang='lat' dir='ltr'>ad</span> <span class='ocrx_word' id='word_1_401' title='bbox 1228 2140 1445 2175; x_wconf 85' lang='lat' dir='ltr'>cardinalem</span> <span class='ocrx_word' id='word_1_402' title='bbox 1472 2141 1673 2176; x_wconf 86' lang='lat' dir='ltr'>Truchsess</span> <span class='ocrx_word' id='word_1_403' title='bbox 1699 2146 1735 2176; x_wconf 89' lang='lat' dir='ltr'>et</span> <span class='ocrx_word' id='word_1_404' title='bbox 1760 2142 1805 2176; x_wconf 90' lang='lat' dir='ltr'>ad</span> 
     </span>
     <span class='ocr_line' id='line_1_37' title="bbox 42 2193 1805 2239; baseline 0.001 -11"><span class='ocrx_word' id='word_1_405' title='bbox 42 2194 211 2237; x_wconf 87' lang='lat' dir='ltr'>Borgiam</span> <span class='ocrx_word' id='word_1_406' title='bbox 245 2193 489 2238; x_wconf 88' lang='lat' dir='ltr'>praepositum</span> <span class='ocrx_word' id='word_1_407' title='bbox 524 2193 730 2235; x_wconf 87' lang='lat' dir='ltr'>generalem</span> <span class='ocrx_word' id='word_1_408' title='bbox 757 2205 796 2227; x_wconf 89' lang='lat' dir='ltr'>eo</span> <span class='ocrx_word' id='word_1_409' title='bbox 823 2194 971 2228; x_wconf 91' lang='lat' dir='ltr'>consilio</span> <span class='ocrx_word' id='word_1_410' title='bbox 1005 2194 1116 2236; x_wconf 86' lang='lat' dir='ltr'>misit,</span> <span class='ocrx_word' id='word_1_411' title='bbox 1153 2197 1194 2228; x_wconf 90' lang='lat' dir='ltr'>ut</span> <span class='ocrx_word' id='word_1_412' title='bbox 1228 2206 1291 2239; x_wconf 90' lang='lat' dir='ltr'>per</span> <span class='ocrx_word' id='word_1_413' title='bbox 1316 2194 1381 2228; x_wconf 86' lang='lat' dir='ltr'>hos</span> <span class='ocrx_word' id='word_1_414' title='bbox 1412 2195 1455 2228; x_wconf 86' lang='lat' dir='ltr'>ad</span> <span class='ocrx_word' id='word_1_415' title='bbox 1482 2195 1663 2229; x_wconf 89' lang='lat' dir='ltr'>Amulium</span> <span class='ocrx_word' id='word_1_416' title='bbox 1691 2198 1726 2229; x_wconf 91' lang='lat' dir='ltr'>et</span> <span class='ocrx_word' id='word_1_417' title='bbox 1760 2196 1805 2230; x_wconf 87' lang='lat' dir='ltr'>ad</span> 
     </span>
     <span class='ocr_line' id='line_1_38' title="bbox 43 2245 1804 2293; baseline 0.001 -12"><span class='ocrx_word' id='word_1_418' title='bbox 43 2247 246 2293; x_wconf 84' lang='lat' dir='ltr'>pontificem</span> <span class='ocrx_word' id='word_1_419' title='bbox 272 2246 391 2290; x_wconf 88' lang='lat' dir='ltr'>ipsum</span> <span class='ocrx_word' id='word_1_420' title='bbox 417 2246 460 2279; x_wconf 90' lang='lat' dir='ltr'>de</span> <span class='ocrx_word' id='word_1_421' title='bbox 479 2246 585 2280; x_wconf 88' lang='lat' dir='ltr'>rebus</span> <span class='ocrx_word' id='word_1_422' title='bbox 605 2245 818 2281; x_wconf 81' lang='lat' dir='ltr'>Germaniae</span> <span class='ocrx_word' id='word_1_423' title='bbox 844 2247 1049 2281; x_wconf 86' lang='lat' dir='ltr'>referretur.</span> <span class='ocrx_word' id='word_1_424' title='bbox 1093 2247 1260 2282; x_wconf 88' lang='lat' dir='ltr'>Canisius</span> <span class='ocrx_word' id='word_1_425' title='bbox 1285 2247 1352 2281; x_wconf 91' lang='lat' dir='ltr'>hoc</span> <span class='ocrx_word' id='word_1_426' title='bbox 1378 2248 1603 2292; x_wconf 89' lang='lat' dir='ltr'>potissimum</span> <span class='ocrx_word' id='word_1_427' title='bbox 1630 2260 1804 2283; x_wconf 88' lang='lat' dir='ltr'>commen-</span> 
     </span>
     <span class='ocr_line' id='line_1_39' title="bbox 43 2298 1804 2346; baseline 0 -10"><span class='ocrx_word' id='word_1_428' title='bbox 43 2302 115 2341; x_wconf 90' lang='lat' dir='ltr'>dat,</span> <span class='ocrx_word' id='word_1_429' title='bbox 141 2302 182 2334; x_wconf 91' lang='lat' dir='ltr'>ut</span> <span class='ocrx_word' id='word_1_430' title='bbox 207 2299 385 2344; x_wconf 87' lang='lat' dir='ltr'>episcopis</span> <span class='ocrx_word' id='word_1_431' title='bbox 412 2298 627 2333; x_wconf 83' lang='lat' dir='ltr'>Germaniae</span> <span class='ocrx_word' id='word_1_432' title='bbox 654 2300 880 2334; x_wconf 87' lang='lat' dir='ltr'>coadiutores</span> <span class='ocrx_word' id='word_1_433' title='bbox 906 2301 1006 2345; x_wconf 91' lang='lat' dir='ltr'>probi</span> <span class='ocrx_word' id='word_1_434' title='bbox 1034 2304 1173 2335; x_wconf 90' lang='lat' dir='ltr'>mature</span> <span class='ocrx_word' id='word_1_435' title='bbox 1199 2301 1460 2344; x_wconf 79' lang='lat' dir='ltr'>adiungantur,</span> <span class='ocrx_word' id='word_1_436' title='bbox 1487 2313 1530 2335; x_wconf 91' lang='lat' dir='ltr'>ne</span> <span class='ocrx_word' id='word_1_437' title='bbox 1556 2305 1637 2346; x_wconf 90' lang='lat' dir='ltr'>post</span> <span class='ocrx_word' id='word_1_438' title='bbox 1663 2302 1804 2336; x_wconf 90' lang='lat' dir='ltr'>illorum</span> 
     </span>
     <span class='ocr_line' id='line_1_40' title="bbox 42 2352 1804 2398; baseline 0.001 -9"><span class='ocrx_word' id='word_1_439' title='bbox 42 2356 192 2389; x_wconf 89' lang='lat' dir='ltr'>mortem</span> <span class='ocrx_word' id='word_1_440' title='bbox 218 2352 391 2386; x_wconf 87' lang='lat' dir='ltr'>haeretici</span> <span class='ocrx_word' id='word_1_441' title='bbox 416 2352 596 2395; x_wconf 88' lang='lat' dir='ltr'>eligantur</span> <span class='ocrx_word' id='word_1_442' title='bbox 614 2354 771 2398; x_wconf 87' lang='lat' dir='ltr'>episcopi</span> <span class='ocrx_word' id='word_1_443' title='bbox 799 2353 883 2398; x_wconf 87' lang='lat'>(169</span> <span class='ocrx_word' id='word_1_444' title='bbox 903 2354 1009 2397; x_wconf 85' lang='grc'><strong>174);</strong></span> <span class='ocrx_word' id='word_1_445' title='bbox 1035 2353 1145 2395; x_wconf 87' lang='lat' dir='ltr'>addit,</span> <span class='ocrx_word' id='word_1_446' title='bbox 1173 2366 1193 2388; x_wconf 91' lang='lat' dir='ltr'>a</span> <span class='ocrx_word' id='word_1_447' title='bbox 1220 2354 1318 2388; x_wconf 88' lang='lat' dir='ltr'>curia</span> <span class='ocrx_word' id='word_1_448' title='bbox 1343 2366 1412 2388; x_wconf 89' lang='lat' dir='ltr'>non</span> <span class='ocrx_word' id='word_1_449' title='bbox 1439 2366 1517 2389; x_wconf 90' lang='lat' dir='ltr'>esse</span> <span class='ocrx_word' id='word_1_450' title='bbox 1543 2356 1804 2390; x_wconf 86' lang='lat' dir='ltr'>confirmandos</span> 
     </span>
     <span class='ocr_line' id='line_1_41' title="bbox 42 2405 1802 2453; baseline 0.001 -11"><span class='ocrx_word' id='word_1_451' title='bbox 42 2408 237 2453; x_wconf 87' lang='lat' dir='ltr'>episcopos,</span> <span class='ocrx_word' id='word_1_452' title='bbox 272 2405 342 2439; x_wconf 89' lang='lat' dir='ltr'>nisi</span> <span class='ocrx_word' id='word_1_453' title='bbox 377 2406 436 2450; x_wconf 85' lang='lat' dir='ltr'>qui</span> <span class='ocrx_word' id='word_1_454' title='bbox 470 2406 670 2441; x_wconf 87' lang='lat' dir='ltr'>sacerdotio</span> <span class='ocrx_word' id='word_1_455' title='bbox 698 2407 766 2441; x_wconf 89' lang='lat' dir='ltr'>iam</span> <span class='ocrx_word' id='word_1_456' title='bbox 793 2407 925 2441; x_wconf 85' lang='lat' dir='ltr'>initiati</span> <span class='ocrx_word' id='word_1_457' title='bbox 952 2408 1045 2448; x_wconf 88' lang='lat' dir='ltr'>sint;</span> <span class='ocrx_word' id='word_1_458' title='bbox 1078 2407 1134 2441; x_wconf 92' lang='lat' dir='ltr'>his</span> <span class='ocrx_word' id='word_1_459' title='bbox 1172 2411 1290 2442; x_wconf 87' lang='lat' dir='ltr'>autem</span> <span class='ocrx_word' id='word_1_460' title='bbox 1328 2408 1490 2451; x_wconf 89' lang='lat' dir='ltr'>graviter</span> <span class='ocrx_word' id='word_1_461' title='bbox 1515 2408 1802 2453; x_wconf 87' lang='lat' dir='ltr'>praecipiendum</span> 
     </span>
     <span class='ocr_line' id='line_1_42' title="bbox 42 2458 1804 2507; baseline 0.001 -11"><span class='ocrx_word' id='word_1_462' title='bbox 42 2472 132 2501; x_wconf 83' lang='lat' dir='ltr'>esse,</span> <span class='ocrx_word' id='word_1_463' title='bbox 166 2472 210 2494; x_wconf 87' lang='lat' dir='ltr'>ne</span> <span class='ocrx_word' id='word_1_464' title='bbox 235 2458 417 2504; x_wconf 78' lang='lat' dir='ltr'>praelatos</span> <span class='ocrx_word' id='word_1_465' title='bbox 451 2459 607 2495; x_wconf 90' lang='lat' dir='ltr'>minores</span> <span class='ocrx_word' id='word_1_466' title='bbox 642 2460 737 2494; x_wconf 91' lang='lat' dir='ltr'>ultra</span> <span class='ocrx_word' id='word_1_467' title='bbox 772 2472 903 2494; x_wconf 89' lang='lat' dir='ltr'>annum</span> <span class='ocrx_word' id='word_1_468' title='bbox 939 2461 1202 2506; x_wconf 88' lang='lat' dir='ltr'>susceptionem</span> <span class='ocrx_word' id='word_1_469' title='bbox 1237 2461 1427 2495; x_wconf 83' lang='lat' dir='ltr'>sacerdotii</span> <span class='ocrx_word' id='word_1_470' title='bbox 1454 2461 1595 2495; x_wconf 82' lang='lat' dir='ltr'>differre</span> <span class='ocrx_word' id='word_1_471' title='bbox 1621 2463 1804 2507; x_wconf 88' lang='lat' dir='ltr'>patiantur</span> 
     </span>
     <span class='ocr_line' id='line_1_43' title="bbox 45 2512 1802 2559; baseline 0.002 -11"><span class='ocrx_word' id='word_1_472' title='bbox 45 2514 168 2558; x_wconf 84' lang='grc'><strong>(175);</strong></span> <span class='ocrx_word' id='word_1_473' title='bbox 203 2513 247 2547; x_wconf 88' lang='lat' dir='ltr'>ad</span> <span class='ocrx_word' id='word_1_474' title='bbox 282 2512 426 2547; x_wconf 82' lang='lat' dir='ltr'>comitia</span> <span class='ocrx_word' id='word_1_475' title='bbox 460 2513 600 2558; x_wconf 88' lang='lat' dir='ltr'>imperii</span> <span class='ocrx_word' id='word_1_476' title='bbox 635 2513 797 2558; x_wconf 86' lang='lat' dir='ltr'>legatum</span> <span class='ocrx_word' id='word_1_477' title='bbox 831 2514 1043 2548; x_wconf 90' lang='lat' dir='ltr'>mittendum</span> <span class='ocrx_word' id='word_1_478' title='bbox 1081 2526 1160 2548; x_wconf 81' lang='lat' dir='ltr'>esse</span> <span class='ocrx_word' id='word_1_479' title='bbox 1196 2514 1301 2548; x_wconf 90' lang='lat' dir='ltr'>valde</span> <span class='ocrx_word' id='word_1_480' title='bbox 1335 2514 1498 2548; x_wconf 88' lang='lat' dir='ltr'>idoneum</span> <span class='ocrx_word' id='word_1_481' title='bbox 1539 2515 1660 2559; x_wconf 85' lang='lat'>(175):</span> <span class='ocrx_word' id='word_1_482' title='bbox 1696 2516 1802 2552; x_wconf 88' lang='lat' dir='ltr'>huius</span> 
     </span>
     <span class='ocr_line' id='line_1_44' title="bbox 42 2566 1802 2613; baseline 0.001 -11"><span class='ocrx_word' id='word_1_483' title='bbox 42 2578 148 2613; x_wconf 89' lang='lat' dir='ltr'>opera</span> <span class='ocrx_word' id='word_1_484' title='bbox 173 2567 267 2600; x_wconf 92' lang='lat' dir='ltr'>inter</span> <span class='ocrx_word' id='word_1_485' title='bbox 292 2566 496 2610; x_wconf 88' lang='lat' dir='ltr'>pontificem</span> <span class='ocrx_word' id='word_1_486' title='bbox 523 2569 559 2600; x_wconf 89' lang='lat' dir='ltr'>et</span> <span class='ocrx_word' id='word_1_487' title='bbox 583 2566 835 2611; x_wconf 88' lang='lat' dir='ltr'>imperatorem</span> <span class='ocrx_word' id='word_1_488' title='bbox 862 2567 1010 2606; x_wconf 88' lang='lat' dir='ltr'>consilia</span> <span class='ocrx_word' id='word_1_489' title='bbox 1036 2568 1203 2611; x_wconf 87' lang='lat' dir='ltr'>coniungi</span> <span class='ocrx_word' id='word_1_490' title='bbox 1226 2570 1388 2612; x_wconf 90' lang='lat' dir='ltr'>oportere</span> <span class='ocrx_word' id='word_1_491' title='bbox 1408 2568 1452 2601; x_wconf 82' lang='lat' dir='ltr'>ad</span> <span class='ocrx_word' id='word_1_492' title='bbox 1471 2568 1698 2613; x_wconf 88' lang='lat' dir='ltr'>episcopatus</span> <span class='ocrx_word' id='word_1_493' title='bbox 1717 2569 1802 2604; x_wconf 87' lang='lat' dir='ltr'>Ger-</span> 
     </span>
     <span class='ocr_line' id='line_1_45' title="bbox 41 2619 1802 2666; baseline 0.001 -10"><span class='ocrx_word' id='word_1_494' title='bbox 41 2621 180 2656; x_wconf 87' lang='lat' dir='ltr'>maniae</span> <span class='ocrx_word' id='word_1_495' title='bbox 206 2619 249 2653; x_wconf 91' lang='lat' dir='ltr'>ab</span> <span class='ocrx_word' id='word_1_496' title='bbox 276 2619 563 2653; x_wconf 80' lang='lat' dir='ltr'>adversariorum</span> <span class='ocrx_word' id='word_1_497' title='bbox 591 2621 745 2654; x_wconf 88' lang='lat' dir='ltr'>avaritia</span> <span class='ocrx_word' id='word_1_498' title='bbox 772 2621 1010 2665; x_wconf 90' lang='lat' dir='ltr'>protegendos</span> <span class='ocrx_word' id='word_1_499' title='bbox 1032 2622 1152 2665; x_wconf 88' lang='lat'>(169);</span> <span class='ocrx_word' id='word_1_500' title='bbox 1181 2633 1243 2666; x_wconf 82' lang='lat' dir='ltr'>per</span> <span class='ocrx_word' id='word_1_501' title='bbox 1266 2621 1417 2655; x_wconf 89' lang='lat' dir='ltr'>eundem</span> <span class='ocrx_word' id='word_1_502' title='bbox 1436 2621 1693 2665; x_wconf 89' lang='lat' dir='ltr'>providendum</span> <span class='ocrx_word' id='word_1_503' title='bbox 1712 2635 1802 2664; x_wconf 88' lang='lat' dir='ltr'>esse,</span> 
     </span>
     <span class='ocr_line' id='line_1_46' title="bbox 42 2672 1801 2721; baseline 0.001 -11"><span class='ocrx_word' id='word_1_504' title='bbox 42 2678 80 2710; x_wconf 91' lang='lat' dir='ltr'>ut</span> <span class='ocrx_word' id='word_1_505' title='bbox 114 2675 207 2708; x_wconf 89' lang='lat' dir='ltr'>inter</span> <span class='ocrx_word' id='word_1_506' title='bbox 233 2672 428 2706; x_wconf 86' lang='lat' dir='ltr'>catholicos</span> <span class='ocrx_word' id='word_1_507' title='bbox 464 2673 506 2706; x_wconf 90' lang='lat' dir='ltr'>de</span> <span class='ocrx_word' id='word_1_508' title='bbox 533 2673 686 2707; x_wconf 86' lang='lat' dir='ltr'>decretis</span> <span class='ocrx_word' id='word_1_509' title='bbox 721 2674 926 2708; x_wconf 88' lang='lat' dir='ltr'>tridentinis</span> <span class='ocrx_word' id='word_1_510' title='bbox 953 2675 997 2708; x_wconf 90' lang='lat' dir='ltr'>ad</span> <span class='ocrx_word' id='word_1_511' title='bbox 1024 2675 1189 2708; x_wconf 86' lang='lat' dir='ltr'>effectum</span> <span class='ocrx_word' id='word_1_512' title='bbox 1226 2675 1442 2708; x_wconf 77' lang='lat' dir='ltr'>adducendis</span> <span class='ocrx_word' id='word_1_513' title='bbox 1469 2675 1658 2709; x_wconf 88' lang='lat' dir='ltr'>conveniat</span> <span class='ocrx_word' id='word_1_514' title='bbox 1687 2677 1801 2721; x_wconf 84' lang='lat'>(176).</span> 
     </span>
     <span class='ocr_line' id='line_1_47' title="bbox 42 2726 1801 2773; baseline 0.002 -11"><span class='ocrx_word' id='word_1_515' title='bbox 42 2728 95 2762; x_wconf 79' lang='lat' dir='ltr'>Ad</span> <span class='ocrx_word' id='word_1_516' title='bbox 123 2727 157 2761; x_wconf 80' lang='lat' dir='ltr'>S.</span> <span class='ocrx_word' id='word_1_517' title='bbox 183 2727 286 2760; x_wconf 88' lang='lat' dir='ltr'>Pium</span> <span class='ocrx_word' id='word_1_518' title='bbox 307 2726 360 2767; x_wconf 89' lang='lat' dir='ltr'>V.,</span> <span class='ocrx_word' id='word_1_519' title='bbox 387 2726 447 2769; x_wconf 89' lang='lat' dir='ltr'>qui</span> <span class='ocrx_word' id='word_1_520' title='bbox 473 2726 572 2760; x_wconf 86' lang='lat' dir='ltr'>initio</span> <span class='ocrx_word' id='word_1_521' title='bbox 599 2738 629 2760; x_wconf 93' lang='lat' dir='ltr'>a.</span> <span class='ocrx_word' id='word_1_522' title='bbox 661 2727 752 2761; x_wconf 87' lang='lat'>1566</span> <span class='ocrx_word' id='word_1_523' title='bbox 779 2728 942 2772; x_wconf 88' lang='lat' dir='ltr'>pontifex</span> <span class='ocrx_word' id='word_1_524' title='bbox 961 2727 1098 2762; x_wconf 88' lang='lat' dir='ltr'>electus</span> <span class='ocrx_word' id='word_1_525' title='bbox 1124 2730 1212 2768; x_wconf 87' lang='lat' dir='ltr'>erat,</span> <span class='ocrx_word' id='word_1_526' title='bbox 1239 2730 1315 2761; x_wconf 87' lang='lat' dir='ltr'>tum</span> <span class='ocrx_word' id='word_1_527' title='bbox 1342 2727 1518 2769; x_wconf 77' lang='lat' dir='ltr'>Amulius,</span> <span class='ocrx_word' id='word_1_528' title='bbox 1546 2732 1620 2763; x_wconf 90' lang='lat' dir='ltr'>tum</span> <span class='ocrx_word' id='word_1_529' title='bbox 1639 2729 1801 2773; x_wconf 79' lang='lat' dir='ltr'>Borgias,</span> 
     </span>
     <span class='ocr_line' id='line_1_48' title="bbox 40 2779 1801 2826; baseline 0.002 -11"><span class='ocrx_word' id='word_1_530' title='bbox 40 2792 131 2826; x_wconf 86' lang='lat' dir='ltr'>quae</span> <span class='ocrx_word' id='word_1_531' title='bbox 150 2792 195 2814; x_wconf 83' lang='lat' dir='ltr'>ex</span> <span class='ocrx_word' id='word_1_532' title='bbox 214 2779 356 2813; x_wconf 89' lang='lat' dir='ltr'>Canisio</span> <span class='ocrx_word' id='word_1_533' title='bbox 383 2783 607 2824; x_wconf 84' lang='lat' dir='ltr'>acceperant,</span> <span class='ocrx_word' id='word_1_534' title='bbox 635 2781 868 2821; x_wconf 87' lang='lat' dir='ltr'>rettulerunt;</span> <span class='ocrx_word' id='word_1_535' title='bbox 896 2781 1057 2826; x_wconf 86' lang='lat' dir='ltr'>pontifex</span> <span class='ocrx_word' id='word_1_536' title='bbox 1079 2781 1226 2815; x_wconf 85' lang='lat' dir='ltr'>consilia</span> <span class='ocrx_word' id='word_1_537' title='bbox 1244 2781 1332 2815; x_wconf 89' lang='lat' dir='ltr'>haec</span> <span class='ocrx_word' id='word_1_538' title='bbox 1349 2781 1515 2825; x_wconf 89' lang='lat' dir='ltr'>probavit</span> <span class='ocrx_word' id='word_1_539' title='bbox 1533 2785 1568 2816; x_wconf 86' lang='lat' dir='ltr'>et</span> <span class='ocrx_word' id='word_1_540' title='bbox 1586 2782 1620 2816; x_wconf 89' lang='lat' dir='ltr'>in</span> <span class='ocrx_word' id='word_1_541' title='bbox 1639 2783 1801 2818; x_wconf 87' lang='lat' dir='ltr'>ecclesiis</span> 
     </span>
     <span class='ocr_line' id='line_1_49' title="bbox 41 2833 1802 2882; baseline 0.002 -14"><span class='ocrx_word' id='word_1_542' title='bbox 41 2833 255 2878; x_wconf 85' lang='lat' dir='ltr'>germanicis</span> <span class='ocrx_word' id='word_1_543' title='bbox 282 2833 448 2866; x_wconf 86' lang='lat' dir='ltr'>curandis</span> <span class='ocrx_word' id='word_1_544' title='bbox 473 2833 575 2877; x_wconf 87' lang='lat' dir='ltr'>sequi</span> <span class='ocrx_word' id='word_1_545' title='bbox 601 2833 730 2868; x_wconf 88' lang='lat' dir='ltr'>statuit</span> <span class='ocrx_word' id='word_1_546' title='bbox 758 2834 871 2878; x_wconf 80' lang='lat'>(205).</span> <span class='ocrx_word' id='word_1_547' title='bbox 924 2835 1020 2868; x_wconf 93' lang='lat' dir='ltr'>Idem</span> <span class='ocrx_word' id='word_1_548' title='bbox 1047 2836 1110 2868; x_wconf 88' lang='lat' dir='ltr'>vix</span> <span class='ocrx_word' id='word_1_549' title='bbox 1141 2833 1328 2868; x_wconf 84' lang='lat' dir='ltr'>ecclesiam</span> <span class='ocrx_word' id='word_1_550' title='bbox 1364 2835 1556 2878; x_wconf 88' lang='lat' dir='ltr'>regendam</span> <span class='ocrx_word' id='word_1_551' title='bbox 1582 2841 1802 2882; x_wconf 86' lang='lat' dir='ltr'>susceperat,</span> 
     </span>
     <span class='ocr_line' id='line_1_50' title="bbox 41 2886 1801 2932; baseline 0.001 -10"><span class='ocrx_word' id='word_1_552' title='bbox 41 2899 121 2922; x_wconf 88' lang='lat' dir='ltr'>cum</span> <span class='ocrx_word' id='word_1_553' title='bbox 147 2886 342 2926; x_wconf 87' lang='lat' dir='ltr'>mandavit,</span> <span class='ocrx_word' id='word_1_554' title='bbox 370 2889 408 2919; x_wconf 87' lang='lat' dir='ltr'>ut</span> <span class='ocrx_word' id='word_1_555' title='bbox 434 2898 501 2919; x_wconf 91' lang='lat' dir='ltr'>non</span> <span class='ocrx_word' id='word_1_556' title='bbox 529 2886 643 2920; x_wconf 88' lang='lat' dir='ltr'>solum</span> <span class='ocrx_word' id='word_1_557' title='bbox 673 2886 847 2929; x_wconf 86' lang='lat' dir='ltr'>Canisius,</span> <span class='ocrx_word' id='word_1_558' title='bbox 879 2891 1068 2932; x_wconf 88' lang='lat' dir='ltr'>postquam</span> <span class='ocrx_word' id='word_1_559' title='bbox 1097 2888 1240 2921; x_wconf 91' lang='lat' dir='ltr'>comitia</span> <span class='ocrx_word' id='word_1_560' title='bbox 1266 2887 1430 2921; x_wconf 84' lang='lat' dir='ltr'>absoluta</span> <span class='ocrx_word' id='word_1_561' title='bbox 1457 2891 1587 2929; x_wconf 88' lang='lat' dir='ltr'>essent,</span> <span class='ocrx_word' id='word_1_562' title='bbox 1622 2889 1801 2932; x_wconf 86' lang='lat' dir='ltr'>legatione</span> 
     </span>
     <span class='ocr_line' id='line_1_51' title="bbox 41 2939 1799 2987; baseline 0.002 -13"><span class='ocrx_word' id='word_1_563' title='bbox 41 2940 223 2985; x_wconf 83' lang='lat' dir='ltr'>pontificia</span> <span class='ocrx_word' id='word_1_564' title='bbox 248 2939 350 2982; x_wconf 86' lang='lat' dir='ltr'>fungi</span> <span class='ocrx_word' id='word_1_565' title='bbox 376 2941 542 2983; x_wconf 86' lang='lat' dir='ltr'>pergeret</span> <span class='ocrx_word' id='word_1_566' title='bbox 571 2939 683 2983; x_wconf 81' lang='lat'>(200),</span> <span class='ocrx_word' id='word_1_567' title='bbox 711 2940 773 2974; x_wconf 92' lang='lat' dir='ltr'>sed</span> <span class='ocrx_word' id='word_1_568' title='bbox 800 2941 907 2974; x_wconf 85' lang='lat' dir='ltr'>etiam</span> <span class='ocrx_word' id='word_1_569' title='bbox 934 2941 994 2974; x_wconf 90' lang='lat' dir='ltr'>alii</span> <span class='ocrx_word' id='word_1_570' title='bbox 1022 2941 1063 2974; x_wconf 89' lang='lat' dir='ltr'>de</span> <span class='ocrx_word' id='word_1_571' title='bbox 1091 2940 1268 2974; x_wconf 76' lang='lat' dir='ltr'>societate</span> <span class='ocrx_word' id='word_1_572' title='bbox 1296 2940 1389 2984; x_wconf 90' lang='lat' dir='ltr'>iique</span> <span class='ocrx_word' id='word_1_573' title='bbox 1416 2941 1518 2975; x_wconf 88' lang='lat' dir='ltr'>multi</span> <span class='ocrx_word' id='word_1_574' title='bbox 1544 2953 1605 2986; x_wconf 90' lang='lat' dir='ltr'>per</span> <span class='ocrx_word' id='word_1_575' title='bbox 1632 2942 1799 2987; x_wconf 82' lang='lat' dir='ltr'>Styriam,</span> 
     </span>
     <span class='ocr_line' id='line_1_52' title="bbox 41 2991 1800 3037; baseline 0.001 -9"><span class='ocrx_word' id='word_1_576' title='bbox 41 2992 234 3033; x_wconf 86' lang='lat' dir='ltr'>Austriam,</span> <span class='ocrx_word' id='word_1_577' title='bbox 262 2993 383 3026; x_wconf 83' lang='lat' dir='ltr'>varias</span> <span class='ocrx_word' id='word_1_578' title='bbox 409 2991 622 3026; x_wconf 82' lang='lat' dir='ltr'>Germaniae</span> <span class='ocrx_word' id='word_1_579' title='bbox 649 2995 769 3037; x_wconf 84' lang='lat' dir='ltr'>partes</span> <span class='ocrx_word' id='word_1_580' title='bbox 796 2994 838 3027; x_wconf 86' lang='lat' dir='ltr'>ad</span> <span class='ocrx_word' id='word_1_581' title='bbox 866 2993 1153 3034; x_wconf 86' lang='lat' dir='ltr'>contionaudum,</span> <span class='ocrx_word' id='word_1_582' title='bbox 1180 2993 1376 3027; x_wconf 84' lang='lat' dir='ltr'>doctrinam</span> <span class='ocrx_word' id='word_1_583' title='bbox 1403 2993 1634 3029; x_wconf 86' lang='lat' dir='ltr'>christianam</span> <span class='ocrx_word' id='word_1_584' title='bbox 1661 2996 1800 3030; x_wconf 87' lang='lat' dir='ltr'>traden-</span> 
     </span>
     <span class='ocr_line' id='line_1_53' title="bbox 41 3046 1800 3092; baseline 0.002 -12"><span class='ocrx_word' id='word_1_585' title='bbox 41 3047 141 3087; x_wconf 88' lang='lat' dir='ltr'>dam,</span> <span class='ocrx_word' id='word_1_586' title='bbox 177 3049 402 3080; x_wconf 87' lang='lat' dir='ltr'>sacramenta</span> <span class='ocrx_word' id='word_1_587' title='bbox 437 3046 679 3090; x_wconf 87' lang='lat' dir='ltr'>paenitentiae</span> <span class='ocrx_word' id='word_1_588' title='bbox 718 3049 754 3080; x_wconf 89' lang='lat' dir='ltr'>et</span> <span class='ocrx_word' id='word_1_589' title='bbox 789 3046 1028 3080; x_wconf 89' lang='lat' dir='ltr'>eucharistiae</span> <span class='ocrx_word' id='word_1_590' title='bbox 1068 3049 1175 3090; x_wconf 86' lang='lat' dir='ltr'>atque</span> <span class='ocrx_word' id='word_1_591' title='bbox 1213 3046 1320 3080; x_wconf 86' lang='lat' dir='ltr'>etiam</span> <span class='ocrx_word' id='word_1_592' title='bbox 1359 3046 1527 3092; x_wconf 88' lang='lat' dir='ltr'>baptismi</span> <span class='ocrx_word' id='word_1_593' title='bbox 1565 3049 1800 3084; x_wconf 82' lang='lat' dir='ltr'>ministranda</span> 
     </span>
     <span class='ocr_line' id='line_1_54' title="bbox 41 3098 1800 3145; baseline 0.002 -12"><span class='ocrx_word' id='word_1_594' title='bbox 41 3099 404 3134; x_wconf 85' lang='lat' dir='ltr'>circummitterentur</span> <span class='ocrx_word' id='word_1_595' title='bbox 425 3098 538 3142; x_wconf 88' lang='lat'>(167).</span> <span class='ocrx_word' id='word_1_596' title='bbox 577 3099 751 3139; x_wconf 82' lang='lat' dir='ltr'>Canisius,</span> <span class='ocrx_word' id='word_1_597' title='bbox 770 3099 828 3133; x_wconf 90' lang='lat' dir='ltr'>ubi</span> <span class='ocrx_word' id='word_1_598' title='bbox 848 3099 935 3133; x_wconf 90' lang='lat' dir='ltr'>haec</span> <span class='ocrx_word' id='word_1_599' title='bbox 954 3111 1016 3144; x_wconf 88' lang='lat' dir='ltr'>per</span> <span class='ocrx_word' id='word_1_600' title='bbox 1034 3099 1202 3142; x_wconf 85' lang='lat' dir='ltr'>Borgiam</span> <span class='ocrx_word' id='word_1_601' title='bbox 1221 3099 1409 3139; x_wconf 81' lang='lat' dir='ltr'>intellexit,</span> <span class='ocrx_word' id='word_1_602' title='bbox 1438 3112 1548 3145; x_wconf 83' lang='lat' dir='ltr'>paene</span> <span class='ocrx_word' id='word_1_603' title='bbox 1567 3102 1800 3143; x_wconf 88' lang='lat' dir='ltr'>contremuit;</span> 
     </span>
     <span class='ocr_line' id='line_1_55' title="bbox 40 3152 1799 3198; baseline 0.002 -12"><span class='ocrx_word' id='word_1_604' title='bbox 40 3152 224 3198; x_wconf 89' lang='lat' dir='ltr'>respondit</span> <span class='ocrx_word' id='word_1_605' title='bbox 248 3152 451 3197; x_wconf 86' lang='lat' dir='ltr'>praeposito</span> <span class='ocrx_word' id='word_1_606' title='bbox 477 3152 646 3195; x_wconf 76' lang='lat' dir='ltr'>generali,</span> <span class='ocrx_word' id='word_1_607' title='bbox 678 3155 713 3186; x_wconf 92' lang='lat' dir='ltr'>et</span> <span class='ocrx_word' id='word_1_608' title='bbox 739 3152 859 3186; x_wconf 82' lang='lat' dir='ltr'>Natali</span> <span class='ocrx_word' id='word_1_609' title='bbox 887 3153 1063 3187; x_wconf 83' lang='lat' dir='ltr'>visitatori</span> <span class='ocrx_word' id='word_1_610' title='bbox 1091 3155 1126 3187; x_wconf 93' lang='lat' dir='ltr'>et</span> <span class='ocrx_word' id='word_1_611' title='bbox 1151 3153 1218 3187; x_wconf 91' lang='lat' dir='ltr'>sibi</span> <span class='ocrx_word' id='word_1_612' title='bbox 1245 3153 1418 3187; x_wconf 87' lang='lat' dir='ltr'>eiusmodi</span> <span class='ocrx_word' id='word_1_613' title='bbox 1444 3154 1631 3189; x_wconf 89' lang='lat' dir='ltr'>missiones</span> <span class='ocrx_word' id='word_1_614' title='bbox 1657 3155 1799 3190; x_wconf 90' lang='lat' dir='ltr'>odiosas</span> 
     </span>
     <span class='ocr_line' id='line_1_56' title="bbox 41 3204 1799 3251; baseline 0.002 -13"><span class='ocrx_word' id='word_1_615' title='bbox 41 3208 77 3239; x_wconf 91' lang='lat' dir='ltr'>et</span> <span class='ocrx_word' id='word_1_616' title='bbox 94 3205 262 3250; x_wconf 87' lang='lat' dir='ltr'>periculis</span> <span class='ocrx_word' id='word_1_617' title='bbox 288 3204 414 3250; x_wconf 86' lang='lat' dir='ltr'>plenas</span> <span class='ocrx_word' id='word_1_618' title='bbox 439 3205 552 3239; x_wconf 83' lang='lat' dir='ltr'>videri</span> <span class='ocrx_word' id='word_1_619' title='bbox 572 3205 814 3249; x_wconf 85' lang='lat' dir='ltr'>(690—69l);</span> <span class='ocrx_word' id='word_1_620' title='bbox 843 3205 910 3250; x_wconf 89' lang='lat' dir='ltr'>ipsi</span> <span class='ocrx_word' id='word_1_621' title='bbox 938 3206 1045 3240; x_wconf 87' lang='lat' dir='ltr'>etiam</span> <span class='ocrx_word' id='word_1_622' title='bbox 1072 3206 1249 3246; x_wconf 87' lang='lat' dir='ltr'>catholici,</span> <span class='ocrx_word' id='word_1_623' title='bbox 1276 3207 1338 3247; x_wconf 89' lang='lat' dir='ltr'>ait,</span> <span class='ocrx_word' id='word_1_624' title='bbox 1364 3206 1610 3251; x_wconf 84' lang='lat' dir='ltr'>exploratores</span> <span class='ocrx_word' id='word_1_625' title='bbox 1635 3219 1799 3242; x_wconf 85' lang='lat' dir='ltr'>romanos</span> 
     </span>
     <span class='ocr_line' id='line_1_57' title="bbox 1458 3266 1510 3298; baseline 0.038 -2"><span class='ocrx_word' id='word_1_626' title='bbox 1458 3266 1476 3298; x_wconf 76' lang='lat' dir='ltr'>b</span> <span class='ocrx_word' id='word_1_627' title='bbox 1494 3267 1510 3284; x_wconf 59' lang='lat'>⁵⁶</span> 
     </span>
    </p>
   </div>
  </div>
 </body>
</html>
