2077 3461
173 186 274 221 1206.
304 186 388 220 Can.
408 184 563 221 Hem-ico
582 186 765 232 Dionysio.
801 187 968 231 Augusta
986 187 1126 222 Vindel.
1146 187 1240 221 inter
1266 199 1311 221 m.
1331 187 1404 222 Ian.
1425 190 1459 221 et
1480 187 1566 232 Apr.
1586 188 1687 223 1565.
1765 191 1818 232 27

61 306 245 361 „liquido
286 305 544 348 cernimus:“
587 304 635 357 (l.
670 307 725 360 c.)
766 307 909 348 nullus
949 306 1186 348 inficiatur:
1227 330 1285 334 —
1327 307 1411 348 Pro
1458 306 1816 358 „Nazauzemmff

56 369 104 421 (l.
129 370 182 418 c.)
205 369 539 414 Nazianzenum.
563 396 622 401 —
644 372 728 413 Pro
755 387 923 424 „verum
951 374 1072 414 etiam
1105 386 1180 413 suo
1214 372 1463 426 approbarit
1494 374 1662 425 calculo,
1697 373 1819 414 adeo-

57 434 156 490 que“
192 434 242 485 (l.
276 434 332 487 ο.)
364 438 407 477 et
439 449 516 477 suo
550 436 802 489 approbarit
835 437 1012 486 calculo,
1047 450 1196 478 verum
1230 436 1375 478 etiam.
1408 460 1466 464 —
1498 438 1597 478 Post
1632 438 1819 492 „Hippo-

55 498 201 542 ozensz'“
245 498 293 550 (l.
328 515 359 542 c.
402 500 510 552 276)
552 501 745 542 additum
790 507 846 543 est
886 501 1076 544 Aurelio.
1118 525 1177 529 —
1217 501 1303 543 Pro
1348 501 1635 556 „2n’esbytero“
1682 500 1730 554 (l.
1765 502 1820 554 c.)

56 563 226 617 aequali
267 578 357 606 suo.
390 589 447 593 —
479 566 579 607 Post
623 565 785 617 „nexzst
822 565 870 616 (l.
906 567 961 618 c.)
995 568 1183 622 sequitur
1223 565 1447 608 mansisse.
1480 591 1539 595 —-—
1571 567 1657 608 Pro
1702 581 1819 621 „per-

53 630 187 684 fectae
219 628 466 672 charitatis“'
502 630 549 681 (l.
578 630 633 681 c.)
665 644 752 679 eos,
787 631 1013 673 charitatis
1046 631 1258 684 simulque
1290 630 1512 684 religionis
1544 631 1817 681 asserendae,

55 693 308 749 perfectum.
342 718 400 723 ——
430 695 531 736 Post
574 697 881 750 „sc›·ipserzmt,
924 696 1044 751 leym
1090 695 1141 747 (l.
1174 697 1230 749 c.)
1262 696 1363 737 haec
1404 696 1556 737 addita
1588 701 1709 737 sunt:
1749 697 1819 738 An

54 759 325 813 praeclarum
358 773 531 812 quaeso,
574 761 618 801 et
650 760 914 803 luculentum
956 760 1036 802 hoc
1067 774 1152 802 non
1195 763 1262 802 est
1304 759 1504 813 elogium,
1547 773 1630 812 quo
1664 760 1818 802 Hiero-

55 823 303 878 nymianum
344 837 500 866 nomen
533 825 729 866 omnibus
762 825 1116 867 commendetur?
1148 849 1206 853 ——
1237 826 1324 867 Pro
1359 826 1494 878 „hanc
1525 827 1642 867 tuliffl
1680 824 1728 876 (l.
1763 826 1818 877 e.)

53 889 164 931 hanc
195 888 295 931 fert.
328 912 386 917 —-
417 890 518 931 Post
554 891 683 941 „alibi
713 889 853 931 vocat“
889 889 937 941 (t.
973 890 1028 941 ο.)
1059 893 1250 945 sequitur
1280 890 1475 932 eundem.
1509 913 1565 918 —
1598 891 1697 932 Post
1733 905 1817 942 „ee-

55 956 203 996 clesiae
243 953 407 996 lumem
453 954 502 1005 (t.
537 954 591 1006 c.)
634 956 786 996 addita
827 960 925 996 sunt
964 956 1089 997 verba
1131 955 1452 1008 maximumque
1493 954 1727 997 doctorem.
1761 979 1818 983 -—

53 1020 139 1061 Pro
163 1019 523 1071 „consideremus“
554 1021 600 1070 (l.
625 1036 657 1061 c.
680 1021 789 1072 277)
812 1020 1167 1074 contemplemur.
1186 1045 1243 1050 —
1260 1021 1345 1062 Pro
1384 1022 1611 1075 „perpauci
1642 1020 1813 1062 contra“

52 1083 100 1134 (l.
134 1083 189 1136 c.)
221 1083 425 1138 perpauci
467 1083 592 1125 huius
633 1084 808 1126 aetatis.
841 1110 899 1115 —
931 1086 1030 1127 Post
1072 1084 1300 1140 »11198111ιῶ
1337 1084 1385 1135 (l.
1420 1085 1475 1136 c.)
1517 1087 1679 1127 inserta
1720 1090 1819 1127 sunt

52 1149 179 1191 ‘cerba
219 1162 298 1190 nec
337 1149 450 1203 apud
482 1163 583 1190 suos
615 1149 873 1197 Pannonios,
907 1150 982 1191 sed
1016 1149 1192 1192 Romae.
1216 1174 1273 1178 —
1300 1151 1385 1191 Pro
1421 1155 1485 1202 „vt
1511 1150 1812 1204 ρναρίτισεαιηία

52 1212 100 1265 (l.
135 1213 190 1266 c.)
222 1213 373 1267 hisque
413 1214 708 1267 praeluceant.
742 1240 799 1244 —
832 1215 932 1256 Post
979 1214 1219 1265 „seniores“
1266 1214 1315 1265 (l.
1350 1216 1404 1265 c.)
1447 1216 1644 1257 additum
1686 1221 1742 1257 est
1774 1215 1817 1257 in

52 1279 261 1331 prouecta
292 1276 366 1319 illa
389 1280 549 1320 aetate.
572 1304 629 1309 —
652 1280 751 1321 Post
787 1280 889 1332 „Vbi
923 1279 1112 1322 clemzmst‘
1139 1280 1261 1331 (tc.)
1293 1280 1335 1321 in
1369 1280 1587 1321 ordinibus
1620 1280 1817 1322 omnibus

53 1356 125 1384 eos
158 1341 484 1395 comperiamus.
508 1368 566 1374 --
588 1346 698 1386 Ante
734 1344 1100 1398 „pmfzmdendiffl
1126 1345 1176 1397 (l.
1201 1345 1253 1393 c.)
1290 1347 1447 1387 inserta
1479 1350 1578 1387 sunt
1603 1347 1729 1387 verba
1762 1359 1817 1387 ex

53 1406 223 1449 ardenti
254 1409 444 1461 pectore.
468 1432 526 1436 ———
558 1410 657 1450 Post
693 1410 1032 1465 „profundendis
1047 1409 1089 1451 .9“
1156 1410 1258 1460 Quis
1291 1410 1514 1452 doctrinae
1546 1410 1817 1452 Christianae

52 1471 177 1513 modo
210 1472 351 1514 cultus
383 1475 428 1515 et
459 1472 616 1526 vigor?
649 1498 706 1502 ——
738 1475 823 1516 Pro
860 1476 1082 1527 „Iudaicis
1117 1477 1240 1516 etiam
1262 1474 1540 1517 Plzartsaeis“
1575 1474 1622 1526 (l.
1649 1475 1704 1522 c.)
1735 1475 1816 1516 hoc

51 1535 223 1578 interim
266 1536 452 1578 Iudaicis
497 1538 755 1581 PharisaeiS.
790 1563 845 1567 —-
878 1540 1016 1581 Locus
1053 1540 1166 1592 „Nos
1206 1554 1300 1581 vero
1342 1545 1380 1581 rt
1411 1541 1594 1581 wzaoeime
1626 1545 1711 1581 tum
1747 1554 1816 1581 er-

52 1607 172 1643 terna
216 1607 301 1643 tum
347 1603 558 1656 interncfl,
603 1618 731 1659 usque
775 1606 833 1646 cal
876 1607 1033 1657 „iustos
1078 1610 1115 1647 et
1155 1607 1296 1646 saluos
1339 1619 1422 1646 esse
1464 1604 1675 1660 oportere“
1723 1606 1815 1648 incl.

53 1665 101 1718 (l.
135 1682 166 1708 c.
200 1667 456 1717 277—278)
489 1669 551 1709 ita
584 1670 866 1723 aneplz‘fi'cotus
899 1675 976 1711 est:

167 1745 247 1773 nos
279 1745 383 1773 vero
416 1732 541 1774 foede
572 1747 813 1787 peccemus,
847 1735 1006 1777 multos
1033 1748 1164 1788 saepe
1197 1736 1350 1788 aperta
1380 1733 1659 1788 improbitate
1682 1734 1817 1776 offen—

51 1795 215 1847 damus,
258 1800 303 1839 et
334 1797 378 1838 in
410 1797 492 1839 hac
524 1797 643 1840 vitae
674 1798 851 1842 licentia
883 1799 988 1841 nihil
1020 1802 1277 1849 metuamus,
1312 1799 1388 1841 sed
1419 1802 1517 1841 tuta
1548 1798 1671 1841 nobis
1704 1800 1815 1853 apud

51 1861 188 1902 Deum
236 1861 379 1904 onmia
425 1862 720 1916 polliceamur.
801 1864 919 1914 Quae
967 1879 1070 1906 cura
1123 1864 1295 1906 diuinae
1341 1864 1451 1917 legis
1504 1867 1548 1907 et
1594 1864 1816 1907 seruatio‘?

53 1925 227 1968 Suaue
258 1927 365 1968 illud
396 1927 611 1981 iugum1
645 1942 739 1970 cum
773 1930 928 1971 acerbo
961 1929 1107 1971 mundi
1129 1929 1230 1983 iugo
1253 1932 1581 1972 commutamus.
1633 1928 1816 1982 Fingi-

52 2005 162 2033 mus
202 1991 255 2033 in
297 1993 624 2047 praeceptis
657 1993 812 2035 diuinis
844 1995 1133 2045 laborem2,
1176 1994 1261 2036 imo
1294 1996 1339 2036 et
1371 1995 1587 2047 quandam
1618 1994 1816 2048 impossi-

53 2056 279 2107 bilitatem,
315 2071 410 2098 cum
444 2071 495 2099 ea
527 2057 701 2100 minime
733 2059 886 2112 grauia
919 2074 1014 2101 esse
1047 2060 1246 2102 dicantur
1259 2060 1287 2103 3.
1341 2059 1459 2109 Quae
1480 2059 1569 2110 illa,
1603 2061 1648 2101 et
1680 2073 1816 2112 quan-

51 2121 144 2163 tula
176 2135 336 2174 quaeso
363 2122 481 2173 fides,
517 2123 631 2176 quod
662 2124 885 2178 plaerique
917 2138 1172 2179 persuasum
1205 2125 1379 2174 habent,
1413 2138 1460 2166 se
1492 2123 1661 2166 Christo
1694 2123 1816 2166 adiu-

52 2188 181 2228 uante
204 2200 288 2228 non
309 2201 436 2241 posse
458 2187 592 2229 mori
625 2190 901 2242 peccato4,
935 2189 1158 2232 fructus
1190 2189 1586 2243 poenitentiae
1618 2189 1815 2241 dignos

51 2249 281 2302 facere5,
323 2252 436 2294 iuste
478 2256 683 2305 casteque
726 2268 820 2295 cuin
864 2254 1130 2309 Hieronymo
1172 2254 1342 2304 viuere,
1386 2257 1462 2296 aut
1504 2254 1616 2307 quod
1658 2254 1816 2295 Paulus

52 2315 272 2366 hortatur,
338 2330 555 2359 carnem
609 2331 722 2359 cuni
775 2318 938 2373 vitijs
1002 2322 1054 2362 et
1108 2319 1592 2373 concupiscentijs
1645 2319 1817 2360 cruci-

52 2379 294 2433 figere?6
355 2381 473 2431 Quae
514 2396 642 2436 porro
684 2383 850 2425 isthaec
895 2384 1108 2435 charitas,
1155 2384 1267 2437 quod
1311 2384 1453 2434 luxui,
1501 2383 1613 2437 quod
1657 2383 1813 2434 ventri,

52 2444 228 2496 libidini,
262 2447 473 2500 quaestui,
510 2447 745 2498 ambitioni,
781 2449 1052 2502 caeterisque
1074 2449 1272 2503 pessimis
1296 2448 1603 2503 cupiditatibus
1629 2447 1817 2502 turpiter

51 2509 339 2553 inseruimus?
413 2511 496 2553 Vbi
540 2512 624 2554 iam
669 2513 939 2567 poenitentia
983 2528 1105 2556 suam
1150 2514 1237 2556 vim
1283 2514 1475 2568 explicat
1522 2515 1652 2565 atque
1701 2527 1816 2555 com-

53 2578 297 2618 monstrat?
360 2576 475 2618 Raro
525 2577 695 2630 quidem
743 2578 965 2632 priuatae,
1013 2581 1063 2621 vt
1110 2594 1221 2621 nunc
1268 2579 1312 2620 in
1355 2578 1587 2620 Germania
1631 2578 1814 2620 viuitur:

53 2639 240 2682 solennis
280 2644 426 2683 autem
464 2644 508 2683 et
540 2643 736 2696 publicae
777 2643 1084 2697 poenitentiae,
1127 2657 1237 2697 quae
1270 2644 1429 2685 multos
1468 2643 1566 2684 olim
1600 2643 1642 2684 in
1675 2642 1815 2684 officio

55 2704 324 2756 continebat,
370 2705 602 2759 vestigium
650 2707 723 2749 vix
764 2709 899 2750 Vllum
946 2711 1141 2763 apparet.
1214 2708 1421 2761 Adeoque
1462 2710 1551 2750 tam
1594 2708 1814 2759 salutaris,

55 2782 180 2821 quam
223 2771 494 2813 necessariae
537 2771 832 2825 poenitentiae
873 2787 1029 2814 nomen
1072 2774 1310 2823 horremus,
1353 2775 1399 2814 et
1439 2772 1481 2813 in
1523 2772 1675 2827 Biblijs
1709 2772 1816 2815 Ger-

54 2833 231 2876 manicis
273 2835 598 2877 obliterauimus
612 2837 640 2878 ⁷.
716 2837 808 2878 Iam
856 2851 966 2890 quae
1014 2851 1235 2879 sacrorum
1282 2836 1559 2879 reuerentia?
1634 2837 1817 2880 Ridetur

175 2962 184 2980 ¹
210 2961 264 2995 Mt
292 2963 344 3003 11,
372 2962 427 2996 30.
575 2963 588 2982 ‘-’
614 2962 662 2996 Ps
691 2963 745 3003 93,
774 2963 830 2998 20.
978 2964 990 2983 ³
1017 2963 1070 2997 Cf.
1099 2964 1115 2996 1
1148 2963 1183 2997 Io
1212 2964 1242 3003 5,
1270 2963 1301 2998 53.

172 3014 184 3033 ⁴
214 3016 228 3048 1
257 3014 343 3048 Petr
369 3015 399 3055 2,
427 3015 482 3049 21..
625 3016 637 3035 ⁵
663 3016 710 3049 Lc
738 3016 768 3056 3,
796 3016 828 3050 8.
868 3016 922 3049 Mt
949 3016 979 3057 3,
1007 3016 1047 3056 ὃς
1075 3016 1120 3050 cf.
1148 3018 1216 3050 Act
1243 3016 1298 3057 ⁶26,
1327 3017 1382 3050 20.
1518 3018 1530 3037 ⁰
1557 3017 1624 3052 Gal
1653 3018 1683 3058 5,
1711 3018 1766 3051 24.

173 3066 185 3086 ⁷
211 3068 392 3101 Luthemcs
426 3069 461 3101 in
496 3079 561 3102 sua
588 3068 782 3102 Bibliorum
819 3069 983 3102 versione
1014 3069 1188 3102 usitatum
1214 3069 1302 3103 illud
1330 3070 1477 3104 verbum
1510 3070 1661 3113 π1311330ιι
1692 3070 1817 3104 multis

57 3116 196 3160 quidem
232 3119 319 3154 locis
354 3120 513 3161 retinuit,
550 3121 630 3155 aliis
664 3133 749 3155 vero
790 3121 1067 3164 ,oblitte1·avit“.
1120 3122 1282 3167 Exempli
1321 3134 1427 3157 causa
1464 3135 1554 3167 pono
1588 3123 1643 3157 Mt
1672 3124 1723 3163 11,
1751 3123 1813 3157 20:

58 3168 167 3213 ’,Τότε
192 3171 325 3216 ἤρξατο
354 3172 386 3217 [ὁ
412 3172 556 3218 Ἰησοῦς]
583 3176 757 3214 ὀνειδίζειν
784 3176 845 3213 τὰς
871 3175 987 3213 πόλεες
1005 3201 1012 3208 .
1033 3202 1039 3209 .
1060 3201 1067 3208 .
1096 3177 1145 3208 ὅτι
1173 3177 1213 3209 οὐ
1238 3177 1483 3221 μετενόησαυ.“
1541 3177 1727 3210 Postrema
1754 3176 1815 3210 illa
