2045 3471
687 194 833 238 Dilinga
858 194 914 228 29.
933 192 1090 237 Augusti
1119 193 1220 228 1566.
1752 194 1834 234 301

73 314 116 356 in
157 313 349 356 futurum
391 327 562 363 annum,
605 316 654 356 ut
693 313 841 355 uideat
880 313 999 368 prius
1039 312 1285 366 exemplum
1326 311 1480 365 synodi
1513 309 1837 353 Prouincialis1.

74 379 202 421 Jnter
233 380 408 420 caetera
448 378 596 419 multis
629 377 720 431 egit
760 392 929 420 mecum
972 378 1024 419 de
1056 377 1393 431 Archiepiscopo
1427 375 1680 429 Moguntino
1694 376 1723 425 2,
1767 375 1839 428 qui

74 444 225 486 literas
247 443 302 485 ad
324 442 594 485 Cardinalem
617 442 748 493 dedit,
781 443 976 496 grauiter
998 445 1042 485 et
1064 442 1325 497 permoleste
1347 441 1505 491 ferens,
1540 441 1653 494 quod
1676 441 1839 482 Romae

74 508 180 550 nihil
227 522 396 558 eorum,
445 521 556 561 quae
603 508 657 549 ad
705 508 1048 550 conseruandam
1095 509 1140 549 et
1186 506 1523 561 promouendam
1570 505 1839 559 Religionem

75 572 341 615 Catholicam
381 572 558 626 petiuit,
605 572 800 614 obtinere
842 572 978 626 possit
1023 586 1048 614 a
1094 571 1302 615 Pontifice
1345 570 1550 620 Maximo,
1596 570 1680 611 imo
1726 570 1838 623 quod

77 637 209 679 etiam
240 637 368 679 isthic
400 637 513 679 male
546 637 694 678 audire
728 640 924 690 cogatur,
967 637 1071 679 nihil
1113 636 1304 689 alioquin
1345 636 1434 678 tale
1467 634 1728 689 promeritus
1760 635 1840 676 hoc

75 705 283 756 tempore.
328 701 486 744 Scribit
517 701 651 755 igitur
673 702 914 744 Cardinalis
947 702 1001 743 ad
1033 702 1152 743 illum
1186 701 1341 755 ipsum,
1375 702 1424 742 ut
1455 699 1663 754 optimum
1687 698 1842 740 Archi-

77 766 326 820 episcopum
357 766 400 808 in
433 767 513 808 hac
546 767 871 820 perturbatione
904 767 1152 809 consoletur
1184 769 1316 819 atque
1349 766 1572 807 confirmet
1603 764 1646 805 in
1679 763 1841 806 offitio:

79 831 235 874 Scribit
266 832 398 874 etiam
432 831 486 873 ad
519 831 791 873 Cardinalem
824 832 1180 882 Alexandrinum,
1214 830 1444 873 Araecaeli
1458 831 1486 881 3,
1520 829 1753 879 Amulium,
1796 831 1844 869 ut

77 896 202 938 huius
234 896 445 951 Principis
478 896 692 939 Electoris
724 896 939 939 rationem
979 897 1138 940 iustam
1171 896 1374 946 habeant,
1417 897 1462 937 et
1498 895 1534 936 si
1566 895 1674 936 bene
1706 893 1843 935 uelint

79 961 350 1011 Germaniae,
383 975 468 1003 non
503 961 666 1004 duriter
698 961 817 1002 illum
850 961 1036 1004 tractari
1067 962 1225 1011 sinant,
1261 961 1333 1014 qui
1364 961 1575 1002 hactenus
1598 973 1692 1001 cum
1716 958 1843 1000 laude

78 1041 200 1068 suum
235 1029 280 1068 et
311 1026 562 1080 primarium
594 1027 713 1068 illum
746 1027 887 1068 locum
920 1027 962 1068 in
985 1026 1177 1081 Jmperio
1201 1029 1360 1069 tuetur.
1407 1025 1548 1075 Quare
1570 1024 1708 1066 uoluit
1728 1023 1842 1065 idem

80 1091 318 1134 Cardinalis
340 1095 389 1134 ut
411 1106 492 1144 ego
512 1091 566 1133 ad
584 1091 902 1133 Paternitatem
919 1092 1055 1133 Tuam
1078 1091 1269 1133 scribens
1290 1090 1396 1132 illud
1420 1103 1588 1143 quoque
1610 1102 1843 1137 monerem,

79 1156 225 1209 magni
247 1156 425 1207 referre,
458 1158 506 1198 ut
528 1156 596 1197 hic
618 1155 850 1209 singularis
872 1158 1021 1198 noster
1053 1159 1261 1210 patronus
1283 1170 1361 1210 per
1383 1169 1551 1197 omnem
1574 1153 1842 1196 occasionem

81 1224 125 1263 et
157 1223 441 1263 excusaretur
473 1235 499 1263 a
530 1221 665 1272 nobis,
700 1225 743 1264 et
776 1221 890 1275 apud
923 1221 1135 1263 maximos
1168 1235 1359 1274 quosque
1383 1221 1547 1262 Romae
1569 1218 1844 1261 commenda-

79 1288 212 1329 retur.
276 1286 452 1328 Nullum
495 1286 702 1328 habemus
745 1286 1029 1336 Germanum,
1074 1286 1145 1339 qui
1186 1300 1232 1327 se
1273 1286 1484 1328 hactenus
1525 1299 1632 1338 erga
1671 1286 1844 1326 nostros

80 1350 388 1393 liberaliorem·
420 1365 470 1392 ac
522 1351 897 1393 beneficentiorem
953 1351 1238 1405 ostenderJtaz
1293 1350 1496 1399 contulit,
1550 1349 1722 1403 opinor,
1775 1346 1845 1388 inb

82 1415 262 1458 Scholae
295 1417 339 1458 et
361 1416 538 1470 Collegij
563 1415 806 1468 Moguntini
839 1415 1075 1458 utilitatem
1107 1416 1203 1469 plus
1226 1415 1365 1457 minus
1389 1414 1544 1468 uiginti
1575 1414 1694 1455 milia
1716 1413 1842 1454 fiore-

81 1494 246 1530 norum,
291 1481 427 1523 multo
460 1481 587 1535 plura
619 1480 750 1523 etiam
784 1481 1033 1531 collaturus,
1078 1480 1113 1521 si
1156 1494 1266 1533 quae
1298 1483 1429 1522 antea
1469 1479 1636 1534 petiuit,
1680 1479 1844 1519 Romae

83 1559 287 1587 concessa
307 1545 505 1589 fuissent.
553 1547 715 1588 Verum
738 1546 790 1587 de
812 1545 879 1587 his
911 1547 1036 1599 plura
1058 1545 1180 1587 nouit
1202 1546 1248 1588 P.
1273 1544 1587 1593 Euerardus04,
1622 1543 1689 1585 cui
1712 1542 1843 1585 etiam

84 1611 312 1652 obscurum
339 1624 433 1652 esse
465 1625 550 1653 non
582 1613 740 1665 potest,
774 1611 1037 1664 permultum
1060 1610 1236 1661 referre,
1271 1610 1345 1652 utd
1375 1609 1419 1651 in
1452 1610 1531 1651 hoc
1559 1623 1705 1651 rerum
1727 1609 1847 1649 statu

81 1675 406 1730 Archiepiscopi
426 1675 565 1718 nostri
588 1676 809 1717 commode
832 1675 1104 1728 molliterque
1126 1678 1372 1718 tractentur
1384 1676 1412 1725 5,
1438 1689 1488 1716 ac
1511 1674 1546 1716 si
1571 1673 1664 1715 fieri
1686 1675 1844 1727 potest.

84 1740 214 1783 etiam
247 1741 524 1791 honorentur,
569 1741 682 1794 quod
715 1741 924 1783 aduersus
956 1741 1198 1783 haereticos
1229 1740 1380 1783 tandiu
1412 1743 1574 1792 tanque
1606 1738 1846 1792 periculose

83 1819 130 1847 se
162 1819 212 1847 ac
244 1820 345 1847 suos
376 1806 419 1848 in
443 1806 663 1848 Catholico
698 1806 838 1848 officio
870 1808 1090 1857 tueantur,
1126 1805 1243 1859 digni
1266 1819 1383 1855 sane,
1418 1804 1571 1858 quibus
1603 1804 1674 1858 pia
1705 1805 1848 1845 mater

85 1871 244 1913 Sancta
275 1871 472 1913 Romana
504 1870 700 1913 Ecclesia
733 1885 855 1912 suam
888 1873 933 1912 et
964 1870 1154 1923 gratiam
1189 1873 1233 1912 et
1274 1869 1621 1912 beneuolentiam
1662 1868 1848 1910 libenter

83 1935 317 1989 impendat,
351 1936 387 1977 si
419 1935 520 1989 quid
553 1950 633 1989 ego
665 1936 857 1977 iudicare
888 1949 1076 1989 possum.

203 2000 478 2043 Professores
512 2000 773 2054 Theologiae
815 2001 910 2051 duo,
955 2001 1025 2053 qui
1058 2000 1282 2054 Tubingae
1324 2001 1494 2050 docent,
1538 1999 1616 2041 sub
1650 1996 1848 2051 Principe

91 2065 520 2118 Witembergensiess,
568 2065 774 2119 scriptum
823 2066 950 2107 ualde
998 2067 1317 2108 amarulentum
1366 2068 1411 2107 et
1456 2064 1713 2106 maledicum
1758 2061 1847 2103 edi—

203 2156 230 2176 a!
253 2153 284 2176 In
306 2152 386 2177 arch.
405 2156 563 2176 correctum
582 2160 617 2176 er
637 2151 823 2176 ostenderet.
908 2150 939 2179 b)
960 2153 994 2176 In
1015 2153 1094 2176 arch.
1114 2152 1248 2183 sequitur
1268 2150 1327 2182 Mo,
1347 2160 1364 2176 α
1385 2152 1451 2176 libr.
1472 2151 1678 2176 oblitteratum.
1765 2151 1790 2174 ci
1812 2149 1846 2173 In

86 2193 164 2218 arch.
184 2194 317 2224 sequitur
337 2192 397 2225 quj,
416 2202 433 2217 a
453 2194 519 2218 libr.
540 2194 628 2217 oblitt.
703 2192 733 2225 d)
755 2195 779 2217 A
800 2194 866 2218 libr.
887 2201 960 2218 corr.
981 2202 1017 2218 ex
1037 2192 1072 2224 si,
1092 2194 1164 2225 quod
1183 2194 1314 2224 primum
1334 2194 1504 2224 scripserat.
1589 2199 1615 2216 e)
1637 2192 1700 2221 511¹,-
1719 2191 1847 2215 scriben-

88 2235 154 2258 dum
174 2236 274 2265 fuerat
295 2233 573 2266 &Virtembergensi
594 2235 637 2259 vel
656 2234 971 2266 Wurttembergensi.

210 2331 217 2350 ¹
246 2329 447 2363 Cardinalis
461 2329 670 2369 Truchsess,
697 2331 888 2373 antequam
908 2328 1074 2371 Dilingae
1093 2328 1269 2373 synodum
1290 2328 1536 2361 dioecesanam
1554 2325 1714 2365 haberet,
1742 2325 1846 2357 inter-

89 2393 167 2417 esse
193 2382 339 2416 volebat
365 2382 514 2417 concilio
540 2382 584 2416 ab
611 2382 856 2416 ecclesiastica
882 2382 1068 2426 provincia
1094 2382 1315 2424 moguntina,
1343 2381 1386 2414 ad
1413 2391 1519 2424 quam
1538 2378 1712 2412 dioecesis
1738 2388 1849 2420 augu-

88 2438 193 2469 stana
218 2435 431 2479 pertinebat,
458 2435 639 2470 habendo:
666 2435 748 2469 vide
775 2447 884 2480 supra
911 2447 944 2479 p.
972 2435 1052 2469 294.

207 2488 220 2508 ‘⁸'
246 2488 393 2522 Daniele
421 2488 583 2522 Brendel.
635 2488 687 2522 De
723 2489 799 2522 eius
840 2489 874 2521 in
911 2488 1125 2522 Societatem
1161 2487 1241 2520 lesu
1278 2498 1397 2520 amore
1436 2488 1471 2519 et
1497 2483 1730 2519 beneficentia
1757 2482 1850 2521 vide,

90 2552 180 2584 quae
198 2544 320 2575 narrat
338 2543 415 2575 Nic.
436 2543 606 2575 Set-arius
633 2541 666 2575 S.
681 2542 725 2580 J.‚
752 2541 1064 2583 Moguntiacarum
1086 2552 1206 2574 rerum
1226 2540 1320 2573 Libri
1340 2540 1506 2583 quinque,
1522 2537 1729 2580 Moguntiae
1750 2535 1850 2575 1604,

91 2594 286 2628 921-936.
331 2594 598 2638 Archiepiscopi
625 2594 825 2638 moguntini
853 2593 1161 2628 archicancellarii
1181 2593 1395 2627 Germaniae
1422 2594 1523 2625 erant
1550 2594 1585 2624 et
1612 2590 1704 2623 inter
1730 2599 1852 2622 omnes

91 2647 229 2692 imperii
256 2648 434 2692 principes
463 2647 560 2692 (post
585 2647 836 2692 imperatorem
863 2650 898 2681 et
924 2659 1045 2690 regem
1072 2646 1328 2688 Romanorum)
1349 2646 1501 2689 primum
1528 2645 1644 2678 locum
1671 2642 1851 2676 tenebant.

211 2702 223 2720 ³
248 2700 459 2734 Michaelem
486 2700 671 2734 Bonellum
699 2700 740 2734 O.
760 2701 817 2734 l'r.
846 2703 881 2734 et
908 2701 1126 2734 Clementem
1154 2699 1322 2732 Doleram
1350 2698 1390 2731 O.
1410 2698 1447 2731 F.
1467 2698 1515 2731 M.

211 2756 222 2773 ⁴
250 2754 288 2788 P.
322 2753 528 2787 Everardus
564 2754 821 2794 Merum-ianus,
862 2754 923 2797 qui
962 2765 992 2787 a.
1022 2753 1256 2787 1558—1565
1285 2751 1496 2785 Germaniae
1536 2749 1714 2783 inferioris
1753 2760 1850 2793 prae-

93 2806 230 2851 positus
264 2807 495 2851 provincialis
530 2807 659 2845 fuerat,
695 2819 715 2840 a
751 2806 944 2840 Societatis
971 2805 1248 2849 congregatione
1284 2804 1440 2838 secunda
1467 2815 1557 2837 unus
1588 2815 1632 2836 ex
1658 2802 1851 2847 praepositi

94 2859 272 2902 generalis
302 2860 595 2902 „assistentibiis“
626 2859 863 2899 renuntiatus,
900 2859 994 2903 apud
1030 2859 1196 2901 Borgiam
1225 2857 1448 2902 potissimum
1486 2868 1542 2889 res
1569 2855 1781 2890 Germaniae
1818 2859 1851 2888 et

96 2911 232 2946 Galliae
259 2913 417 2947 curabat.

213 2967 226 2985 5
255 2965 403 3000 Praeter
444 2966 693 3008 moguntinum
728 2965 893 2999 Canisius
935 2964 1090 2998 maxime
1133 2964 1338 3006 significare
1380 2963 1524 2996 videtur
1566 2962 1852 3007 archiepiscopos

95 3019 337 3052 treverensem
366 3019 548 3061 (loannem
576 3030 644 3051 von
672 3018 734 3051 der
761 3017 898 3061 Leyen)
927 3020 962 3050 ct
988 3017 1292 3059 salisburgensem
1322 3016 1503 3058 (Ioannem
1533 3015 1696 3049 Iacobum
1725 3015 1852 3049 Khuen

97 3070 140 3103 de
174 3071 340 3114 Belasy):
377 3075 484 3115 atque
520 3071 606 3105 mihi
637 3071 779 3114 quidem
816 3069 1011 3104 verisimile
1047 3072 1111 3109 est,
1148 3069 1253 3103 etiam
1292 3069 1578 3113 archiepiscopos
1616 3069 1851 3103 coloniensem

101 3123 332 3163 (Fridericum
375 3125 417 3158 de
454 3124 583 3166 cha)
628 3127 662 3157 et
705 3134 991 3157 cameracensem
1029 3122 1330 3164 (Maximilianum
1373 3133 1394 3155 a
1432 3121 1573 3164 Bergis)
1619 3122 1695 3156 eius
1737 3123 1853 3156 animo

99 3176 306 3210 obversatos
332 3189 421 3211 esse.
569 3179 580 3197 ⁰
606 3177 677 3211 Sub
705 3175 971 3220 Christoph0r0‚
999 3175 1315 3217 W'urttcmbergae
1343 3175 1441 3208 duce.
