2077 3461
352 206 453 241 1265.
479 205 682 241 Stanislaus
709 205 841 240 Hosius
868 205 1020 240 Canisio.
1060 204 1275 247 Heilsberga
1303 205 1333 238 7.
1353 203 1438 238 Dec.
1460 204 1560 238 1565.
1750 206 1828 246 137

193 324 323 359 Canisii
358 324 502 358 litterae
536 325 674 369 perisse
709 324 896 365 videntum
931 334 1047 367 neque
1082 322 1166 363 scio,
1202 333 1272 366 qua
1304 321 1461 366 epistula
1488 321 1629 355 Canisio
1656 320 1833 355 Polancus

72 378 317 422 rescripserit;
351 377 421 411 nisi
456 377 648 421 epistulam
683 377 872 420 significet,
908 387 1015 421 quam
1041 376 1154 410 Roma
1189 375 1244 410 21.
1271 374 1430 408 Ianuarii
1458 375 1548 409 1566
1584 374 1627 408 ad
1655 374 1694 408 Ρ.
1721 374 1833 408 Theo-

74 431 230 465 dericum
258 430 442 465 Canisium
468 430 575 471 dedit,
611 431 661 464 ita
696 432 828 472 tamen,
864 432 905 464 ut
931 441 1008 463 eam
1035 429 1144 462 Petro
1171 439 1313 472 quoque
1340 427 1482 462 Canisio
1518 428 1690 462 destinari
1725 428 1834 471 signi-

72 484 216 524 ficaret;
243 495 351 528 quam
377 483 460 517 vide
487 483 581 517 infra
606 495 640 518 11.
670 483 770 517 1278.

192 537 357 571 Canisius
399 536 454 570 21.
490 535 706 570 Novembris
746 536 835 570 1565
876 535 1058 570 Coloniam
1102 535 1298 575 advectus,
1342 544 1422 568 cum
1465 533 1667 576 „indultum
1705 534 1836 568 tertiae

73 590 231 634 gratiae“
271 589 429 624 nondum
466 601 506 623 eo
544 589 695 623 allatum
733 600 813 623 esse
851 589 1101 632 cognovisset,
1140 588 1197 622 22.
1234 586 1450 622 Novembris
1489 598 1569 620 cum
1605 586 1643 621 P.
1681 587 1836 621 Henrico

73 644 244 688 Dionysio
276 642 310 677 S.
339 643 372 677 J.
399 644 435 676 et
460 642 597 676 Thema
629 642 768 676 Busaeo
802 642 943 676 novicio
979 641 1012 676 S.
1040 642 1072 676 J.
1108 641 1372 684 Noviomagum
1405 639 1584 680 excurrit;
1627 639 1709 674 vide
1743 640 1837 674 infra

73 707 226 731 monum.
254 707 364 739 germ.
391 695 414 729 l.
436 695 525 739 (14).

75 807 225 843 1265.
336 805 623 842 CARDINALIS
663 804 1090 842 STANISLAUS
1126 803 1404 846 HOSIUS,
1447 804 1636 849 episcopus
1671 804 1838 849 princeps

240 861 468 901 varmiensis,
496 858 696 894 OANISIO.
1149 858 1366 901 Heilsberga
1393 858 1424 893 7.
1451 857 1660 892 Decembris
1688 858 1790 892 1565.

193 930 249 965 Ex
274 930 481 976 apographo
510 929 781 974 (commentario
793 929 827 974 2³)
856 941 964 963 manu
983 929 1154 963 Stanislai
1172 928 1303 970 Rescii,
1330 928 1391 972 qui
1418 928 1478 962 diu
1497 927 1599 962 Hosii
1621 927 1840 962 secretarius

75 984 154 1026 fuit,
181 984 334 1029 script0;
371 984 407 1018 in
441 983 604 1027 margine
629 982 817 1028 epistulae,
853 994 962 1016 manu
988 982 1129 1017 Rescii:
1170 981 1229 1024 „R
1258 981 1400 1016 Canisio
1437 982 1480 1016 .7.
1508 981 1675 1016 Decemb:
1704 981 1839 1021 1565“;

74 1038 110 1071 in
135 1037 297 1081 margine
318 1037 573 1081 „Postscripti“
596 1037 720 1070 eadem
738 1047 866 1070 manu:
898 1036 1096 1077 „Canisio“.
1137 1035 1333 1069 Cracoviae
1360 1035 1394 1068 in
1421 1034 1637 1068 bibliotheca
1664 1034 1839 1069 universi-

75 1091 161 1125 tatis
187 1090 432 1134 iagellonicae,
460 1090 543 1125 Cod.
575 1090 684 1132 „161“
714 1089 803 1124 fasc.
834 1090 848 1123 1
878 1101 912 1124 11.
942 1090 995 1123 15.

197 1161 362 1194 Socz'etati
384 1160 605 1204 yrateclatur,
641 1161 735 1204 quod
761 1160 931 1194 Sanctum
958 1160 994 1192 F
993 1161 1193 1192 rancisczcm
1220 1159 1392 1202 Boryictm
1419 1159 1557 1202 eleyerit
1583 1159 1838 1202 praepositum.

81 1215 292 1248 cardinales
317 1214 576 1247 Borromaeum
607 1218 637 1247 et
666 1214 861 1247 Gislerinm
897 1217 956 1247 etc.
993 1213 1140 1253 landast
1172 1223 1207 1244 se
1244 1213 1290 1244 viis
1323 1223 1426 1255 saepe
1461 1223 1622 1244 causamn
1656 1212 1840 1254 reliye'onis

78 1268 330 1301 commendare.
383 1267 516 1301 Calicis
551 1267 805 1300 concessionem
840 1266 999 1299 eeclesiae
1035 1276 1105 1298 non
1135 1265 1330 1308 profuisse,
1366 1266 1434 1298 sibi
1468 1260 1838 1298 molestias'attulisse

77 1321 121 1354 In
153 1321 328 1364 anqustiis
355 1321 495 1363 positus
521 1320 706 1353 Societatz‘s
735 1319 903 1362 precibus
939 1320 1059 1352 luz-ari
1094 1317 1199 1361 cupit.
1251 1318 1581 1360 Brazmsberyeuses
1606 1318 1728 1351 Socios
1762 1329 1839 1351 cum

75 1374 199 1415 fructu
233 1374 409 1416 laborare,
445 1374 516 1406 nisi
550 1373 644 1417 qnod
679 1374 903 1406 concionator
938 1383 960 1405 a
990 1372 1124 1415 populo
1151 1382 1220 1404 uon
1247 1372 1481 1414 intelleyatzcr.
1537 1372 1687 1414 Gaudet,
1725 1371 1838 1414 „Con-

75 1425 283 1469 fessionenff‘
318 1438 440 1468 suam,
480 1429 553 1460 iam
589 1430 716 1470 quater
749 1427 860 1459 decies
895 1436 1078 1468 excusam,
1114 1425 1287 1467 Luqdum‘
1322 1425 1436 1458 denuo
1471 1425 1607 1458 eaecudi.
1662 1424 1840 1465 Quomodo

78 1481 282 1514 excudenda
315 1481 371 1513 sit.
426 1480 548 1523 Timet,
584 1491 625 1513 ne
652 1477 890 1523 ,‚Itcdicium“,
929 1481 1030 1512 enites
1063 1489 1099 1511 se
1133 1482 1313 1512 auctorem
1351 1488 1535 1520 nunqnam
1568 1479 1615 1511 sit
1645 1478 1840 1520 professus,

78 1534 293 1576 Autem-piae
327 1534 464 1567 edatur.
519 1534 700 1576 Queritm,
732 1533 900 1576 Grefsore'i
925 1532 1077 1576 Nysseni
1112 1532 1153 1564 de
1187 1531 1314 1564 ultima
1351 1542 1435 1563 cena
1470 1531 1603 1564 dictum
1629 1541 1650 1562 a
1676 1530 1842 1573 theoloyis

78 1587 238 1620 romanis
263 1587 301 1619 in
328 1584 599 1630 „Confessionffl
627 1590 845 1629 truncatum,
872 1587 977 1619 immo
1003 1587 1064 1618 vix
1088 1595 1160 1618 uon
1185 1584 1363 1618 sublatum
1391 1594 1470 1617 esse.
1510 1584 1611 1625 Quod
1638 1594 1721 1616 num
1749 1584 1841 1626 Lust-

80 1641 169 1673 <luni
195 1641 449 1673 restituendum
474 1641 530 1683 sit,
561 1640 706 1673 Canis-to
729 1639 903 1682 permittit
928 1639 1177 1680 definiendum.

197 1717 300 1759 Cum
323 1717 428 1759 totis
451 1719 549 1759 octo
572 1717 814 1758 mensibusa
844 1717 1020 1770 praeter
1052 1729 1125 1757 eas
1149 1728 1259 1768 quae
1281 1714 1383 1756 mihi
1406 1714 1604 1756 redditae
1626 1715 1729 1756 svnt
1749 1712 1842 1767 ipso

80 1781 148 1824 die
181 1783 223 1826 S.
255 1781 456 1824 Nicolail
486 1782 561 1823 uix
593 1782 705 1824 ullas
736 1784 836 1824 tuas
868 1781 1040 1823 litteras
1073 1779 1313 1834 acceperim
1344 1781 1469 1821 tanto
1502 1778 1665 1821 maiore
1697 1778 1843 1821 leticia

80 1861 175 1889 svm
201 1848 382 1889 affectus
401 1882 410 1890 .
430 1861 526 1889 cvm
549 1847 603 1889 ad
624 1846 918 1889 intermissvm
942 1844 1156 1887 scribendi
1178 1859 1334 1886 mvnus
1351 1846 1396 1886 te
1418 1844 1598 1898 redijsse
1619 1843 1813 1885 viderem
1834 1877 1842 1885 .

81 1926 131 1954 ac
152 1912 337 1967 primvm
361 1911 582 1966 gratulorb
605 1911 813 1954 Societati
842 1914 1016 1953 vestrae
1048 1910 1170 1952 uobis
1202 1909 1335 1952 talem
1367 1909 1692 1964 praepositum‘2
1725 1907 1844 1950 cuius

81 1977 262 2031 insignis
302 1977 443 2032 pietas
482 1979 577 2020 toto
619 1976 866 2018 celebratvr
905 1976 949 2017 in
991 1975 1094 2017 orbe
1118 2009 1127 2018 .
1151 1978 1283 2028 atque
1314 1977 1363 2017 ut
1395 1974 1517 2016 uobis
1549 1974 1656 2016 haec
1689 1973 1843 2016 electio

81 2045 231 2085 vestra
262 2042 474 2085 foeliciter
506 2041 679 2084 eveniat
711 2041 837 2083 devm
869 2054 1061 2095 praecor.
1115 2039 1224 2090 Quin
1246 2053 1449 2093 magnam
1472 2039 1550 2082 tibi
1572 2039 1843 2092 voluptatem

83 2108 281 2151 attulerit
321 2122 469 2150 eorvm
511 2106 792 2149 cardinalivm
834 2106 1131 2149 consuetudo,
1157 2119 1338 2159 quorvm
1385 2105 1428 2146 in
1474 2104 1633 2147 litteris
1678 2104 1732 2146 ad
1776 2116 1844 2145 me

83 2173 169 2215 tuis
201 2172 462 2214 meministi3
502 2171 604 2213 mihi
646 2171 816 2225 quidem
850 2171 1025 2213 dubivm
1057 2185 1142 2212 non
1177 2173 1244 2213 est
1268 2205 1276 2212 .
1300 2171 1403 2212 svnt
1435 2169 1547 2211 enim
1580 2183 1734 2210 revera
1766 2167 1849 2209 viri

85 2237 320 2280 doctissimi
352 2240 397 2280 et
428 2236 543 2279 omni
573 2237 701 2279 laude
734 2236 864 2290 digni.
917 2236 1012 2289 Ego
1035 2250 1137 2278 uero
1170 2235 1213 2277 in
1244 2235 1326 2276 hac
1359 2234 1591 2278 solitudine
1622 2247 1719 2275 mea
1752 2247 1848 2274 cvm

85 2303 189 2345 viris
230 2303 401 2356 quidem
442 2301 727 2344 sanctissimis
769 2301 1123 2344 consuetudinem
1163 2300 1301 2342 habeo
1326 2334 1334 2342 .
1359 2300 1435 2342 sed
1477 2313 1657 2353 quor-vm
1701 2302 1849 2341 tamen

86 2368 255 2410 animae
286 2367 451 2422 pridem
483 2367 526 2409 in
559 2369 783 2410 aeternam
814 2366 934 2409 illam
966 2366 1140 2407 domvm
1172 2365 1428 2415 translatae,
1471 2367 1515 2406 et
1546 2364 1590 2405 in
1622 2364 1848 2405 beatorvm

87 2433 211 2475 sedes
251 2434 456 2486 receptae
496 2434 611 2474 svnt.
684 2431 805 2481 Quod
845 2445 914 2473 me
954 2444 1104 2473 mones
1128 2464 1136 2473 .
1160 2433 1210 2472 vt
1252 2429 1504 2472 Cardinales
1546 2428 1753 2482 quosdam
1795 2427 1850 2469 ad

86 2497 275 2540 studivm
308 2497 360 2539 de
392 2497 588 2539 Ecclesia
619 2496 842 2539 Catholica
882 2494 1185 2537 benemerendi
1226 2494 1386 2537 litteris
1424 2494 1531 2535 meis
1564 2493 1763 2543 excitem,
1806 2492 1850 2533 id

87 2576 113 2604 a
154 2576 221 2604 me
261 2563 311 2604 fit
352 2576 437 2604 non
478 2576 578 2604 raro
602 2596 611 2605 .
635 2560 832 2614 quamuis
874 2574 942 2602 me
985 2559 1197 2602 monitore
1239 2573 1324 2601 non
1367 2562 1558 2612 egeant.
1584 2561 1627 2600 et
1669 2557 1711 2599 in
1753 2570 1850 2599 evm

89 2629 253 2669 statvm
300 2641 431 2669 causa
477 2626 698 2679 religionis
739 2625 950 2679 perdvcta
996 2625 1082 2667 iam
1129 2624 1218 2667 sit.
1243 2626 1292 2666 vt
1339 2623 1393 2666 ad
1441 2637 1535 2665 eam
1583 2622 1850 2664 iuuandam.

90 2692 315 2734 uoluntate
355 2692 488 2733 simus
530 2705 676 2733 omnes
714 2704 842 2743 quam
875 2690 1109 2732 facvltate⁰
1139 2689 1383 2744 paratiores
1407 2723 1416 2731 .
1439 2686 1547 2742 Ι)[0]
1581 2686 1850 2731 Sanctissimi

91 2757 141 2799 D.
174 2757 260 2800 N.4
300 2757 527 2811 praeclara
568 2755 794 2797 voluntate
828 2789 836 2797 .
871 2755 1111 2796 Ecclesiam
1159 2753 1261 2796 dei.
1285 2753 1351 2795 cui
1399 2756 1574 2807 praeest
1598 2787 1606 2796 .
1630 2751 1808 2794 ivvandi
1843 2786 1850 2793 .

92 2824 134 2864 et
180 2822 271 2864 eivs
317 2820 627 2874 tranquillitati
674 2819 923 2862 consulendi
972 2832 1095 2861 nemo
1142 2818 1238 2872 pius
1286 2818 1485 2860 dubitare
1531 2820 1690 2872 potest.
1768 2816 1852 2859 Sed

210 2903 238 2933 a)
268 2904 369 2928 Decem
400 2910 440 2928 vv.
469 2910 526 2933 sqq.
555 2909 647 2932 supra
678 2908 793 2925 vet-sum
821 2899 925 2923 <uzalim
953 2902 1028 2923 smil.
1112 2897 1142 2929 b)
1175 2899 1237 2922 Duo
1270 2906 1311 2923 vv.
1338 2908 1397 2929 ΜΗ.
1426 2898 1455 2922 in
1486 2899 1615 2930 ‘mer-tsine
1644 2898 1747 2922 addila
1775 2901 1852 2922 sunt.

93 2944 118 2976 c)
139 2945 276 2976 Sequitur
296 2944 510 2977 promptiorem
531 2951 547 2967 α
569 2944 602 2967 R.
624 2943 713 2967 oblim.

215 3039 224 3059 ¹
250 3038 316 3072 Die
342 3039 374 3072 6.
402 3037 629 3076 Decemb1·is;
656 3035 723 3070 has
748 3035 831 3069 vide
857 3045 967 3079 supra
993 3046 1026 3079 p.
1053 3035 1135 3068 ÷]6›
1148 3034 1203 3068 97.

213 3091 226 3111 2
252 3091 422 3126 Sanctum
448 3090 679 3124 Franciscum
706 3088 748 3122 de
775 3087 917 3130 Borgia.

215 3145 226 3164 ³
253 3143 286 3177 S.
313 3143 431 3178 Caroli
458 3141 674 3184 Borromaei,
702 3140 845 3176 Grislerii
873 3140 924 3183 (S.
951 3139 1005 3173 Pii
1032 3139 1103 3181 V.)‚
1132 3138 1275 3180 Amulii,
1303 3138 1464 3179 Dolerae,
1493 3139 1624 3173 Sir-leti.

216 3199 227 3217 ⁴
254 3196 307 3229 Pii
333 3196 395 3231 1V,
