2045 3471
487 191 581 226 Mon.
602 191 669 227 762
695 191 774 227 sive
800 203 912 236 germ.
931 191 952 227 l.
975 192 1065 236 (37).
1103 191 1151 227 M.
1170 191 1273 227 Febr.
1292 203 1324 227 a.
1345 192 1445 228 1566.
1759 194 1843 236 689

203 309 350 343 Hansen
376 308 568 353 significat,
602 320 642 344 se
667 308 846 344 Riessium
882 321 924 344 ea
959 310 994 344 in
1029 321 1068 344 re
1102 310 1223 354 sequi;
1261 310 1365 344 Riess
1391 313 1510 345 autem
1541 312 1577 345 et
1611 310 1749 355 reliqui,
1785 311 1844 354 qui

83 362 227 407 quidem
252 362 487 397 assertionem
513 364 736 406 argumentis
762 363 973 397 confirmare
999 365 1172 398 conentur
1199 363 1325 408 (aliqui
1343 363 1528 398 affirmant
1545 363 1716 406 tantum),
1741 363 1846 397 unius

84 415 249 451 Sacchini
273 414 518 449 testimonium
545 415 750 460 proferunt:
786 416 879 460 quod
906 417 1000 450 enim
1025 415 1153 450 Ranke
1182 416 1220 459 (l.
1247 428 1276 451 c.
1304 417 1383 451 adn.
1402 416 1439 460 2)
1467 417 1567 451 addit
1599 416 1845 451 testimonium

88 468 264 511 „Maderi“
289 467 404 511 (legez
423 467 570 511 Raderi)
595 468 657 511 „de
675 469 752 503 vita
770 469 809 504 P.
829 469 963 504 Canisii
981 469 1003 504 l.
1022 469 1067 510 II,
1086 481 1116 504 c.
1135 469 1188 504 11⁸
1204 482 1210 504 :
1230 470 1265 503 id
1282 481 1350 503 non
1370 469 1414 504 ad
1433 470 1611 504 Treveros
1628 470 1784 515 pertinet
1803 489 1845 493 —

83 520 182 556 nulla
208 520 301 566 apud
328 520 506 555 Raderum
538 521 640 563 (Can.
663 522 864 566 148—153)
893 522 1129 557 Treverorum
1157 522 1290 556 mentio
1315 541 1361 547 —
1387 523 1450 557 sed
1477 523 1521 557 ad
1547 522 1704 567 reliquas
1729 523 1846 563 urbes,

84 574 128 608 ad
155 585 245 618 quas
271 573 454 608 canisium
481 573 601 608 adisse
627 574 753 609 Ranke
778 575 947 609 affirmat.

202 626 327 671 Neque
352 638 438 661 vero
461 626 634 661 Sacchino
660 627 727 662 hac
752 628 789 661 in
814 639 852 662 re
879 627 974 662 credi
1001 629 1130 673 potest.
1172 627 1263 662 Nam
1290 628 1446 662 refertur
1473 628 1616 672 quidem
1641 628 1678 662 in
1703 627 1846 668 litteris,

83 679 213 724 quibus
230 679 291 714 ille
309 679 352 714 ad
376 679 469 714 hanc
494 681 735 714 narrationem
755 681 1035 726 componendam
1053 692 1141 715 usus
1159 683 1225 722 est,
1251 681 1454 722 canisianis,
1482 693 1562 715 cum
1581 681 1847 726 archiepiscopo

81 733 282 767 treverensi
301 732 485 767 canisium
511 744 630 767 coram
656 734 793 776 egisse;
821 745 935 778 neque
961 735 1083 768 tamen
1109 734 1248 775 dicitur,
1276 746 1356 768 eum
1380 734 1548 768 Treveris
1574 734 1710 778 egisse;
1738 736 1847 778 atque

83 786 173 821 satis
191 785 403 820 inusitatum
431 787 509 820 erat
533 786 814 831 archiepiscopis
838 787 1109 821 treverensibus
1134 787 1230 821 illius
1248 788 1379 822 aetatis
1397 787 1559 822 habitare
1577 787 1755 828 Treveris,
1781 787 1847 822 hoc

84 839 241 874 maxime
266 841 438 884 tempore,
473 850 543 883 quo
570 840 613 873 de
639 839 736 873 civili
762 840 861 874 urbis
896 840 1051 874 dominio
1081 840 1169 885 ipsis
1206 852 1286 874 cum
1313 840 1453 875 civibus
1480 841 1725 875 controversia
1751 843 1845 874 erat:

85 892 354 927 Confluentibus
388 892 440 926 illi
475 892 705 937 praecipuam
739 893 860 927 sedem
887 892 1077 934 habebant,
1114 905 1156 927 ac
1183 893 1348 928 Canisius
1384 893 1499 938 planis
1525 894 1645 928 verbis
1675 892 1847 928 cardinali

83 945 284 979 Truchsess
300 945 457 990 scripsit,
483 957 522 980 se
541 945 810 980 Confluentibus
829 957 908 980 cum
926 945 1194 991 archiepiscopo
1213 946 1326 981 fuisse
1346 946 1395 990 (v.
1415 958 1525 991 supra
1542 959 1576 992 p.
1595 946 1689 990 135).
1723 945 1846 990 Neque

84 999 119 1032 in
145 998 305 1033 fontibus
331 998 599 1033 treverensibus
629 998 684 1038 (ut
710 998 745 1032 in
773 998 912 1042 collegii
946 999 1166 1034 treverensis
1200 999 1333 1034 litteris
1363 1000 1491 1034 annuis
1517 999 1576 1034 vel
1601 999 1636 1033 in
1664 999 1845 1034 Sociorum

82 1052 344 1086 treverensium
371 1051 535 1097 epistulis
561 1052 728 1096 privatis)
753 1052 827 1086 ulla
853 1055 1036 1097 comparet
1053 1053 1185 1087 mentio
1205 1052 1338 1088 Canisii
1356 1052 1524 1087 Treveris
1543 1053 1691 1088 versati.
1728 1052 1847 1096 Atque

85 1104 250 1139 Canisius
280 1105 367 1150 ipse,
403 1104 568 1139 absoluta
603 1104 783 1149 legatione
809 1105 997 1148 Moguntia
1027 1108 1146 1148 „recta
1181 1106 1407 1150 profecturus
1432 1106 1654 1150 Augustam“
1687 1105 1742 1148 (ut
1770 1105 1847 1150 ipse

84 1158 141 1192 27.
161 1158 318 1192 Ianuarii
346 1158 436 1193 1566
463 1158 615 1202 Borgiae
651 1158 825 1203 scripsit),
862 1159 897 1192 in
932 1158 1065 1193 litteris
1100 1159 1156 1194 28.
1176 1159 1331 1193 Ianuarii
1360 1160 1449 1194 1566
1485 1160 1528 1193 ad
1556 1159 1723 1202 Borgiam
1753 1158 1847 1193 datis

85 1211 128 1244 de
153 1210 268 1245 tribus
303 1210 375 1245 illis
405 1210 578 1254 collegiis,
614 1211 743 1255 quibus
770 1211 961 1246 Societatis
995 1211 1181 1256 provincia
1215 1212 1374 1246 rhenana
1409 1212 1606 1253 constabat,
1642 1212 1846 1252 coloniensi,

83 1264 305 1307 moguntino,
330 1264 542 1305 treverensi,
568 1264 620 1298 ita
645 1264 806 1298 rettulit:
837 1264 940 1307 ,Vidi
965 1267 1158 1309 utrumque
1185 1264 1382 1309 Collegium
1409 1265 1660 1309 Moguntinum
1686 1267 1723 1299 et
1749 1265 1847 1299 Colo-

84 1316 218 1358 niense,
253 1328 319 1351 nec
343 1317 438 1351 ullas
463 1316 674 1352 Visitatoris
700 1319 823 1362 partes
848 1318 883 1351 in
910 1329 951 1351 eo
978 1317 1064 1352 mihi
1090 1318 1239 1363 sumpsi.
1291 1318 1461 1353 Gratulor
1487 1318 1559 1352 illis
1585 1320 1620 1352 et
1646 1318 1748 1352 nobis
1774 1318 1848 1352 foe—

83 1370 190 1404 licem
215 1381 424 1405 successum
451 1370 690 1414 Collegiorum
716 1370 822 1404 huius
848 1371 1064 1413 Prouintiae,
1099 1370 1190 1405 Nam
1217 1371 1438 1405 Treuerense
1463 1371 1580 1415 magis
1606 1371 1713 1405 etiam
1740 1382 1845 1415 quam

84 1423 337 1467 Moguntinum
370 1423 498 1457 florere
524 1423 665 1457 dicitur.
709 1422 763 1457 Sit
796 1435 924 1457 nomen
951 1423 1090 1458 Domini
1117 1424 1372 1459 benedictum.“
1420 1424 1486 1458 His
1505 1423 1626 1458 verbis
1644 1424 1757 1458 omnis
1776 1425 1845 1458 iam

83 1477 259 1510 dubitatio
285 1477 466 1510 aufertur!

203 1529 415 1564 Sacchinum
442 1529 531 1564 haec
556 1529 667 1564 verba
692 1529 873 1573 fugerunt.
925 1530 1044 1574 Atque
1070 1529 1135 1564 hoc
1162 1530 1223 1564 ille
1249 1542 1312 1575 pro
1339 1532 1436 1564 certo
1461 1530 1659 1576 sumpsisse
1685 1530 1846 1565 videtur:

86 1583 282 1628 Episcopos
316 1594 506 1626 germanos
542 1582 639 1616 illius
674 1583 846 1627 temporis
881 1582 1027 1627 perinde
1062 1586 1171 1627 atque
1205 1583 1312 1618 italos
1347 1584 1382 1617 in
1411 1583 1558 1618 urbibus
1584 1583 1847 1628 episcopalibus

83 1635 205 1670 sedem
241 1636 409 1670 habuisse
428 1637 448 1669 ¹.
500 1635 667 1670 Fortasse
703 1636 811 1670 etiam
845 1647 931 1681 prae
966 1636 1130 1670 manibus
1164 1636 1320 1671 habebat
1354 1636 1546 1682 epistulam
1581 1648 1601 1671 a
1636 1637 1675 1671 Ρ.
1695 1637 1847 1670 Antonio

84 1688 203 1723 Vinck
223 1688 256 1723 S.
272 1689 304 1723 J.
343 1688 651 1732 Aschaffenburgo
670 1689 725 1723 29.
740 1689 954 1723 Novembris
976 1690 1064 1723 1565
1085 1690 1234 1724 Romam
1251 1690 1409 1731 missam,
1428 1690 1463 1724 in
1482 1701 1551 1734 qua
1570 1690 1630 1724 ille
1647 1690 1845 1727 nuntiabat.

85 1741 267 1776 Canisium
295 1742 469 1784 dubitare,
497 1744 614 1776 utrum
642 1741 709 1776 sibi
728 1742 874 1776 Colonia
892 1744 1171 1785 Argentoratum
1198 1743 1290 1777 ituro
1310 1755 1372 1788 per
1389 1743 1565 1777 Treveros
1590 1743 1847 1777 transeundum

84 1798 182 1830 esset
207 1807 251 1829 an
278 1807 342 1840 per
367 1795 590 1829 Voriuatiam
616 1798 652 1829 et
678 1795 816 1840 Spiram
846 1795 897 1838 (v.
924 1807 1034 1840 supra
1060 1808 1093 1841 p.
1113 1796 1211 1839 649).
1261 1797 1310 1830 At
1334 1796 1530 1830 intervenit
1563 1808 1659 1831 mors
1685 1796 1739 1830 Pii
1768 1796 1846 1837 1V.;

84 1859 195 1892 quare
222 1848 398 1888 Canisius,
433 1851 570 1882 mutato
606 1849 763 1890 consilio,
799 1852 926 1883 neutra
958 1849 1015 1883 via
1042 1851 1322 1893 Argentoratum
1358 1850 1472 1895 petiit,
1507 1850 1570 1884 sed
1606 1849 1750 1884 Colonia
1785 1861 1847 1894 per

86 1902 309 1945 Moguntiam
337 1904 373 1936 et
399 1901 536 1946 Spiram
564 1902 670 1936 rediit
696 1903 897 1946 Augustam
928 1903 976 1945 (v,
996 1914 1104 1947 supra
1131 1914 1163 1947 p.
1187 1903 1250 1937 173
1281 1903 1375 1946 188).

87 2028 193 2065 762
220 2030 298 2064 sive
325 2038 493 2073 germ.
512 2028 548 2064 l.
569 2028 700 2073 (37).
775 2028 817 2065 M.
837 2029 1037 2065 Februario
1063 2039 1097 2064 a.
1116 2028 1210 2065 1566.

206 2099 261 2133 Ex
279 2099 499 2143 archetypis,
517 2111 538 2133 a
557 2099 593 2133 P.
611 2099 745 2133 Didaco
763 2100 922 2134 Jimenez
941 2100 975 2134 S.
995 2101 1028 2135 J.
1047 2101 1193 2144 scriptis
1211 2102 1247 2134 et
1264 2112 1284 2134 a
1304 2100 1342 2134 Ρ.
1363 2100 1457 2134 Hier.
1474 2099 1602 2134 Natale
1620 2100 1845 2145 subscriptis.

86 2153 170 2188 Cod.
193 2152 295 2196 „EN“
317 2165 351 2187 n.
373 2154 437 2187 148
459 2153 524 2187 158
544 2153 584 2195 (f.
603 2153 684 2187 158a
704 2153 814 2195 1112).
853 2153 968 2186 Etiam
990 2153 1049 2196 (ex
1068 2153 1290 2198 archetypis)
1312 2154 1345 2187 in
1366 2153 1452 2198 Epp.
1473 2154 1594 2187 Nadal
1611 2153 1661 2186 III
1679 2153 1746 2187 246
1766 2153 1846 2188 300.

210 2224 354 2257 Ccmisio
381 2235 423 2256 ex
449 2225 573 2257 itinere
599 2223 758 2257 rhenano
786 2225 984 2265 Auqzcstam
1009 2224 1172 2257 redeunti
1198 2226 1266 2257 500
1287 2225 1416 2265 flor-eni
1440 2228 1630 2266 supersunt
1655 2225 1696 2256 (Ze
1720 2225 1847 2257 viatico

86 2287 108 2309 α
137 2277 201 2309 Pio
228 2277 288 2310 JV.
316 2281 345 2309 et
371 2277 414 2309 ab
440 2278 523 2309 aliis
549 2281 696 2319 accepto.

207 2349 256 2390 P.
290 2348 575 2402 Hieronymus
607 2349 790 2402 Natalis,
834 2350 1050 2390 Societatis
1091 2350 1294 2401 visitator,
1340 2348 1563 2402 Oeniponte
1597 2353 1634 2391 (i.
1661 2348 1847 2390 Octobris

89 2416 203 2455 1555
236 2414 278 2455 S.
304 2413 531 2454 Francisco
565 2414 748 2468 Borqiae
786 2415 1023 2468 praeposito
1062 2414 1251 2467 qenerali
1291 2414 1482 2467 scripsit:
1523 2412 1557 2452 Il
1595 2412 1734 2454 Padre
1766 2413 1844 2454 Ca-

88 2477 196 2518 nisio
221 2512 229 2520 .
256 2512 264 2520 .
291 2512 298 2519 .
323 2477 378 2518 ha
411 2477 627 2519 destinato
662 2479 746 2519 500
769 2477 908 2518 fiorini
932 2478 1009 2519 che
1042 2478 1069 2518 li
1103 2481 1327 2519 restorouo
1351 2477 1418 2518 del
1445 2476 1612 2518 Viatico
1637 2477 1703 2518 del
1728 2477 1846 2531 Papa

88 2542 163 2584 Pio
197 2544 243 2583 4?
276 2545 320 2584 et
353 2542 454 2584 dato
487 2542 529 2583 in
563 2542 758 2595 deposito
793 2547 860 2584 etc.
915 2543 970 2583 Et
992 2543 1170 2597 Dilinya
1195 2545 1262 2584 14.
1286 2542 1530 2583 Novembris
1553 2545 1691 2583 1:30'0·.·
1724 2542 1774 2584 V.
1800 2543 1844 2584 P.

87 2607 124 2648 si
156 2607 377 2648 ricordara
410 2607 460 2648 de
494 2607 521 2647 li
557 2608 640 2648 500
674 2606 813 2648 fiorini
846 2606 923 2648 che
957 2610 1181 2648 restorono
1215 2607 1253 2648 al
1288 2606 1426 2648 Padre
1449 2606 1618 2648 Canisio
1652 2607 1718 2648 del
1747 2606 1845 2648 Via-

88 2672 175 2713 tico
209 2671 276 2713 del
310 2672 429 2725 Papa
462 2674 506 2713 et
539 2671 576 2712 d’
601 2671 713 2712 altri.

206 2752 348 2787 Natalis
374 2753 484 2795 igitur
520 2752 694 2796 prioribus
722 2752 852 2785 litteris
879 2751 928 2785 ita
955 2752 1110 2796 scripsit,
1146 2763 1187 2785 ac
1213 2752 1242 2785 si
1278 2753 1354 2785 tota
1380 2763 1419 2785 ea
1456 2751 1605 2796 pecunia
1632 2752 1774 2786 Cunisio
1801 2764 1844 2786 ex

88 2807 220 2841 viatico
247 2806 427 2851 pontificio
454 2805 710 2850 superfuisset;
748 2808 872 2849 postca
899 2817 994 2844 vero,
1022 2816 1100 2838 cum
1128 2805 1241 2837 denuo
1269 2804 1310 2837 de
1338 2805 1487 2848 pecunia
1515 2804 1574 2837 illa
1601 2816 1678 2838 cum
1705 2804 1846 2839 Canisio

88 2860 233 2903 egisset,
270 2859 346 2903 ipse
381 2870 419 2892 se
456 2858 648 2901 corrigens,
684 2870 760 2891 eam
795 2870 837 2891 ex
874 2858 1004 2891 viatico
1030 2869 1050 2891 a
1076 2857 1242 2901 pontifice
1279 2861 1314 2890 et
1340 2858 1382 2890 ab
1410 2857 1489 2891 aliis
1517 2858 1599 2890 data
1625 2858 1846 2902 superfuisse

87 2913 149 2947 ait.
193 2911 315 2945 Nuntii
343 2915 439 2945 certe
466 2911 652 2956 apostolici
679 2923 720 2945 ea
747 2914 864 2944 aetate
896 2923 964 2944 non
1001 2911 1268 2944 instruebantur
1304 2910 1456 2954 copiosis
1491 2910 1652 2945 viaticis:
1689 2922 1845 2944 nonnun-

89 2976 197 3010 quam
224 2977 308 2998 vere
344 2965 514 3008 egebant,
552 2966 596 2999 cf.
620 2966 705 2998 Can.
737 2964 765 2997 ll
802 2964 869 2997 322
906 2964 992 3003 3253
1032 2963 1078 2996 [V
1107 2963 1302 3002 743-744,
1338 2967 1373 2997 ct
1401 2965 1552 3007 I'oqiani
1588 2963 1766 3008 Epistolas
1796 2965 1843 2997 111

212 3073 221 3091 ²
250 3070 364 3104 Etiam
401 3071 500 3103 Riess
534 3069 556 3103 l.
585 3081 613 3102 c.
642 3068 774 3102 Canisii
812 3068 929 3108 verba,
967 3080 1056 3112 quae
1085 3068 1290 3106 Sacchinus,
1325 3069 1409 3103 Can.
1436 3069 1633 3109 226—227,
1669 3073 1845 3113 posuerat,

89 3135 216 3168 parum
243 3126 338 3157 recte
364 3123 623 3166 interpretatus
650 3133 728 3156 esse
747 3122 898 3155 videtur.
940 3121 993 3155 Ex
1013 3121 1193 3155 historicis
1213 3122 1272 3155 ulii
1292 3122 1472 3155 Canisium
1493 3121 1673 3155 Coloniam
1693 3125 1846 3163 euntem,

90 3176 150 3210 alii
179 3175 323 3210 Colonia
350 3176 554 3209 redeuntem
582 3175 759 3208 Treveros
785 3175 927 3208 venisse
954 3174 1085 3208 dicunt.

163 3239 473 3271 Braunsberger,
494 3238 606 3264 Canisii
628 3238 782 3271 Epistulae
803 3238 834 3264 et
849 3238 932 3263 Acta.
957 3237 991 3264 V.
1518 3235 1562 3266 44
