2077 3461
185 197 352 233 Codices:
382 197 411 231 1.
431 196 545 231 colon.
581 196 613 231 2.
633 195 756 239 diling.
791 195 824 230 3.
843 194 974 229 londin.
1010 195 1044 228 4.
1063 205 1202 228 monac.
1238 193 1416 237 5.'otting.
1453 195 1485 227 6.
1503 193 1652 227 romani.
1746 193 1850 223 LXIX

731 325 769 360 3.
798 324 929 360 Codex
954 323 1216 359 londinensis.

207 414 357 448 Londini
384 415 419 448 in
445 425 566 448 museo
592 413 792 448 britannico
822 411 996 456 („British
1024 411 1254 453 Museum“):

209 465 301 512 ‚,Eg.
327 465 451 502 1078.“
503 466 624 501 Codex
650 467 684 500 in
709 467 757 500 4⁰
782 466 926 500 maiore.
971 464 1164 508 Signatura
1189 475 1335 498 recens:
1383 464 1466 507 „Eg
1496 463 1617 498 1078.“
1662 462 1852 506 Inscriptio

90 520 126 553 in
164 520 286 555 dorso:
329 520 599 564 „Negoziazioni
634 519 691 553 del
731 519 992 553 Commendone
1034 517 1264 552 1566-1571
1305 516 1375 551 vol.
1413 517 1457 550 ΙΙ.
1508 517 1600 551 Mus.
1636 516 1724 550 Brit.
1759 515 1850 549 Bibl.

90 573 257 616 Egerton.
317 573 372 607 Ex
398 573 533 616 Legato
574 572 710 613 Caroli,
745 572 896 606 Baronis
930 570 1185 613 Farnborough
1221 570 1331 604 1078“
1371 569 1515 603 Titulus
1549 569 1583 602 in
1620 569 1697 614 ipso
1732 568 1852 602 codice

90 626 247 670 positus:
278 626 545 669 „Negoziazioni
574 625 630 659 del
657 625 920 659 Commendone
947 624 1005 658 dal
1033 624 1135 658 1566.
1162 635 1183 657 a
1208 625 1302 657 tutto
1329 622 1353 656 il
1381 623 1503 657 1571.“
1544 622 1704 665 Paginae
1722 621 1854 656 codicis

91 678 224 723 duplici
249 678 341 713 serie
366 690 593 712 numerorum
621 679 785 720 signatae
811 680 904 719 sunt,
932 677 1078 720 antiqua
1106 679 1142 711 et
1169 676 1323 715 1·ecenti;
1350 675 1417 709 hac
1443 677 1676 709 numerantur
1696 686 1753 719 pp.
1773 674 1851 714 680,

91 731 154 765 illa
188 742 245 776 pp.
283 730 385 765 1480.
444 730 532 773 Pag.
570 731 660 765 1470
696 741 796 774 sqq.:
838 729 978 771 „Indice
1017 729 1109 762 delle
1146 728 1274 762 lettere
1310 727 1551 771 negoziazioni
1590 727 1646 761 del
1685 726 1853 761 Cardinal

93 783 353 818 Commendone
378 782 514 827 Legato
541 794 561 816 a
586 783 699 816 latere
726 782 796 816 alla
821 783 962 816 Maesta
997 781 1078 815 dell’
1106 781 1325 825 Imperatore
1355 783 1392 814 et
1415 780 1450 814 in
1478 780 1644 814 Polonia:
1684 782 1719 813 et
1752 779 1852 813 varie

91 837 218 870 lettere
253 836 323 869 dell
349 836 428 870 abb.
457 835 622 870 Graziani
652 847 716 869 suo
749 835 973 878 segretari&
1006 834 1249 868 1566—1571.
1301 833 1422 868 Codex
1456 833 1613 867 continet
1648 831 1855 877 apographa

92 889 235 923 saeculo
260 889 374 924 XVII.
393 889 451 922 vel
477 888 608 922 XVIII.
661 888 821 931 (Romae,
857 888 958 932 puto)
995 888 1130 932 scripta
1165 886 1410 932 epistularum,
1445 898 1535 930 quas
1561 897 1592 919 a.
1621 885 1850 920 1566—1571

93 942 135 976 ad
162 942 292 983 varios,
318 942 473 976 maxime
500 942 542 976 ad
571 942 705 975 curiam
724 953 918 981 romanam,
945 941 1043 974 dedit
1060 940 1253 974 cardinalis
1270 940 1421 974 Ioannes
1439 939 1652 973 Franciscus
1671 937 1853 972 Commen-

93 995 216 1036 donus,
248 1006 269 1029 a
295 995 328 1029 S.
355 995 420 1029 Pio
445 994 488 1030 V.
515 1006 546 1029 a.
577 995 666 1029 1556
692 995 895 1038 Augustam
931 994 975 1027 ad
1007 993 1151 1027 comitia
1176 993 1327 1037 imperii,
1359 1004 1391 1026 a.
1420 993 1510 1027 1568
1535 993 1570 1026 in
1597 991 1783 1026 Austriam
1809 990 1853 1024 ad

94 1048 378 1082 Maximilianum
409 1048 453 1082 ΙΙ.
488 1048 758 1093 imperatorem.
795 1059 825 1081 a.
856 1047 943 1080 1571
980 1047 1015 1080 in
1051 1046 1234 1081 Poloniam
1267 1046 1310 1080 ad
1346 1045 1614 1089 sigismundum
1649 1045 1852 1087 Augustum

95 1101 263 1135 Poloniae
289 1112 410 1144 regem
436 1101 590 1144 legatus.
1833 1117 1838 1122 0

212 1154 340 1188 Codice
373 1165 460 1188 usus
494 1157 550 1188 est
584 1155 633 1188 Io.
661 1154 897 1196 Hzmyerford
922 1153 1043 1186 Pollen
1070 1152 1103 1186 S.
1130 1152 1173 1193 J„
1210 1151 1321 1195 Papa]
1357 1151 1607 1194 Negotiations
1634 1150 1722 1184 with
1747 1149 1852 1194 Mary

94 1206 215 1248 Queen
241 1208 280 1242 of
303 1207 406 1241 Scots
432 1207 559 1250 during
584 1206 648 1241 her
673 1206 773 1249 reign
800 1206 835 1239 in
861 1205 1028 1239 Scotland
1059 1206 1302 1245 1561-1567,
1330 1204 1535 1247 Edinburgh
1569 1204 1669 1243 1901,
1696 1204 1740 1238 63
1767 1205 1854 1243 etc.;

95 1271 180 1294 usus
206 1271 285 1294 sum
304 1272 369 1304 ego
387 1271 528 1304 quoque
545 1260 581 1293 in
603 1259 798 1302 „Stimmeu
816 1270 881 1293 aus
899 1258 1170 1292 Maria—Laach“
1193 1258 1317 1298 LXXI,
1343 1257 1517 1300 Freiburg
1535 1257 1555 1291 i.
1575 1257 1633 1291 ΒΓ.
1655 1257 1754 1298 1906,
1775 1255 1853 1290 182.

732 1381 769 1417 4.
798 1381 928 1418 Codex
954 1381 1217 1417 monacensis.

213 1471 393 1507 Monachii
419 1470 455 1504 in
481 1469 628 1504 archivo
653 1470 754 1513 regni
782 1469 941 1503 bavarici
970 1468 1327 1511 („Reichsarchiv“):

217 1523 371 1570 „Resp.“
422 1523 634 1568 Descriptus
659 1523 695 1557 in
721 1522 792 1557 vol.
818 1523 862 1563 ΙΙ,
889 1534 922 1567 p.
950 1533 1138 1556 mli—mv.

740 1646 777 1680 5.
804 1645 936 1681 Codex
963 1645 1210 1688 ottinganus.

215 1736 385 1779 Ottingae
420 1734 563 1769 Veteris
593 1733 804 1778 (Altotting)
841 1733 876 1767 in
911 1733 1066 1767 Bavaria
1101 1732 1296 1777 superiore,
1331 1732 1366 1765 in
1401 1731 1617 1765 bibliotheca
1651 1729 1857 1764 monasterii

96 1789 286 1834 superioris
314 1788 490 1830 („Oberes
516 1788 700 1830 Kloster“)
730 1787 863 1820 ordinis
890 1787 1170 1831 Capucinorum:

215 1841 276 1888 „L-
303 1840 361 1877 C.“
411 1841 622 1886 Descriptus
648 1841 683 1874 in
710 1840 780 1874 vol.
807 1840 866 1881 IV,
894 1851 926 1884 p.
953 1850 1249 1873 LXXIII—LXXIV.

766 1962 804 1997 6.
833 1961 995 1998 Codices
1021 1961 1192 1997 romani.

215 2054 250 2093 a)
279 2052 412 2085 Romae
438 2051 474 2084 in
500 2050 647 2085 archivo
674 2050 815 2094 collegii
842 2050 1058 2093 germanici:

217 2103 314 2148 ‚,All.
341 2103 424 2139 coll.
452 2102 593 2139 Germ.“
645 2104 856 2148 Descriptus
882 2103 917 2136 in
943 2103 1014 2137 vol.
1041 2103 1067 2144 I,
1095 2115 1127 2147 p.
1155 2113 1383 2136 Lvn—Lvm.

214 2163 250 2204 b)
279 2163 412 2197 Romae
438 2163 471 2196 in
499 2163 716 2197 bibliotheca
741 2163 928 2196 vaticana:

215 2214 318 2260 „Lat
346 2214 471 2251 3376.“
522 2216 711 2261 Inscriptio
746 2216 893 2260 antiqua
927 2215 963 2249 iu
998 2215 1130 2260 pagina
1164 2214 1281 2259 priore
1316 2213 1492 2248 involucri
1524 2213 1686 2247 adversi:
1725 2211 1855 2256 „Copia

97 2269 130 2303 di
156 2269 300 2303 Lettere
327 2269 361 2302 di
388 2269 422 2304 S.
450 2268 555 2303 Carlo
590 2270 780 2303 Borromeo
804 2269 807 2311 Ι
830 2269 1026 2312 Legatione
1056 2268 1114 2302 del
1140 2267 1307 2302 Cardinal
1343 2267 1604 2302 Commendone
1628 2266 1631 2307 Ι
1655 2265 1726 2299 alla
1751 2264 1856 2298 Dieta

99 2323 130 2356 d'
157 2324 344 2365 Augusta;
371 2325 406 2356 et
432 2322 522 2356 altre
545 2321 549 2366 l
573 2321 747 2356 Scritture
773 2321 1023 2367 appartenenti
1050 2320 1122 2354 alla
1140 2332 1290 2366 prosecu
1313 2319 1316 2363 Ι
1340 2321 1436 2354 tione
1464 2319 1555 2363 degl’
1580 2318 1708 2352 Annali
1736 2317 1856 2352 Eccle-

91 2375 268 2410 siastici“.
303 2374 496 2418 Signatum
514 2376 691 2409 recentior
711 2374 992 2418 (barberiniana)
1009 2388 1016 2408 ε
1049 2374 1176 2417 „XLIL
1196 2375 1280 2415 61“;
1308 2374 1496 2417 signatura
1513 2373 1726 2406 novissima:
1756 2371 1854 2413 „Lan

96 2428 207 2468 3376;
233 2429 272 2462 4⁰
298 2428 379 2462 mai.
402 2428 553 2470 (formae
571 2430 697 2471 rom.);
725 2429 759 2463 ff.
780 2428 871 2469 2163
898 2428 1027 2472 quibus
1053 2428 1227 2461 accedunt
1254 2427 1391 2471 aliquot
1415 2426 1500 2460 folia
1520 2437 1645 2459 vacua.
1689 2424 1856 2459 Continet

96 2481 280 2526 epistulas,
315 2481 524 2522 relationes,
560 2483 815 2515 commentaria
851 2492 1070 2515 summorum
1106 2480 1326 2524 pontificum,
1363 2478 1616 2517 cardinalium,
1650 2478 1854 2512 nuntiorum

96 2534 370 2579 apostolicorum
399 2534 577 2578 (inprimis
603 2534 636 2569 S.
659 2534 778 2569 Caroli
804 2534 1009 2568 Borromaei
1035 2537 1071 2567 et
1096 2534 1240 2567 loannis
1266 2532 1447 2567 Francisci
1467 2531 1719 2566 Commendoni
1745 2531 1856 2564 cardi-

95 2587 244 2631 nalium)
273 2587 317 2620 ad
342 2587 529 2621 historiam
555 2587 838 2622 ecclesiasticam
874 2587 1008 2621 saeculi
1035 2586 1130 2620 XVI.
1164 2586 1377 2631 spectantia,
1413 2597 1525 2628 eaque
1554 2584 1698 2618 saeculo
1723 2583 1854 2618 XVIII.

96 2641 238 2674 ineunte
266 2639 383 2684 (puto)
413 2639 594 2684 exscripta
620 2652 665 2674 ex
691 2640 898 2685 archetypis
925 2640 982 2674 vel
1010 2639 1228 2684 apographis
1255 2638 1525 2682 antiquioribus,
1553 2649 1644 2681 quae
1661 2637 1853 2671 maximam

96 2697 234 2738 partem
260 2692 542 2727 asservabantur
568 2693 602 2726 in
629 2693 885 2727 mediolanensi
912 2693 972 2727 illa
995 2693 1232 2735 „bibliotheca
1250 2692 1495 2726 ambrosiana“
1518 2693 1554 2724 et
1579 2692 1615 2724 in
1640 2690 1854 2724 bibliotheca

96 2745 287 2780 cardinalis
324 2746 479 2780 Fabricii
518 2745 657 2789 Spadae
697 2746 733 2790 (†
774 2747 894 2789 1717).
954 2746 1074 2780 Codex
1110 2745 1365 2779 asservabatur
1399 2744 1531 2778 Romae
1565 2744 1600 2778 in
1638 2743 1854 2777 bibliotheca

95 2799 354 2840 barberiniana,
390 2798 501 2833 donec
527 2798 699 2843 proximis
725 2799 825 2833 hisce
851 2798 953 2833 annis
980 2810 1060 2832 cum
1087 2800 1163 2832 tota
1189 2797 1250 2831 illa
1283 2796 1498 2831 bibliotheca
1532 2796 1568 2830 in
1602 2796 1854 2831 bibliothecam

99 2852 302 2886 vaticanam
328 2851 529 2885 translatus
555 2857 621 2885 est.

214 2904 342 2939 Codice
377 2904 447 2938 iam
482 2905 565 2938 olim
592 2916 678 2938 usus
704 2908 759 2938 est
785 2905 934 2938 Iacobus
962 2903 1190 2944 Laderchius,
1228 2915 1272 2937 ex
1306 2903 1582 2947 congregatione
1608 2901 1774 2943 Oratorii,
1810 2902 1852 2935 ad

96 2957 260 2992 Caesaris
302 2957 448 2991 Baronii
496 2957 673 2999 „Annales
720 2957 1014 2991 Ecclesiastico&
1061 2957 1193 2990 Romae
1235 2968 1266 2990 a.
1308 2957 1549 2990 1728—1737
1592 2956 1708 2990 tribus
1748 2955 1854 2989 tomis

99 3009 422 3053 (XX11.—XX1V.)
450 3010 494 3044 ab
521 3022 552 3045 a.
582 3011 670 3044 1566
698 3010 742 3043 ad
771 3010 856 3044 1571
887 3010 1157 3043 continuandos.
1208 3009 1340 3043 Eodem
1366 3009 1420 3043 usi
1446 3012 1539 3048 sunt,
1568 3012 1710 3053 praeter
1743 3007 1853 3042 alios:

96 3064 297 3097 Vincentius
327 3064 368 3096 de
400 3064 582 3106 Broqnbli,
620 3063 723 3096 Studi
758 3063 880 3096 storici
916 3062 972 3096 sul
1008 3062 1131 3105 Regno
1158 3062 1191 3096 di
1219 3063 1253 3096 S.
1279 3063 1343 3096 *Pio
1370 3062 1423 3103 V.,
1452 3063 1534 3096 voll.
1563 3064 1594 3101 2,
1621 3062 1733 3096 Roma
1762 3061 1851 3095 1879

98 3116 188 3150 1882
225 3116 275 3159 (v.
308 3128 341 3160 g.
368 3116 401 3150 II
435 3117 657 3159 192—197);
685 3116 839 3150 editores
877 3115 1138 3159 „Epistolarum
1174 3115 1214 3149 P.
1242 3117 1455 3159 Hieronymi
1480 3116 1602 3149 Naclal
1636 3116 1669 3150 S.
1698 3115 1751 3149 J.“
1790 3114 1852 3155 111,

96 3168 233 3203 Matriti
261 3168 361 3210 1902,
389 3169 593 3209 700-—701;
622 3180 687 3212 ego
714 3169 748 3202 in
780 3168 972 3210 „Stimmen
1000 3179 1065 3202 aus
1092 3168 1362 3202 Maria-Laach“
1394 3168 1506 3202 LXXI
1535 3169 1612 3203 166.
