2045 3471
222 227 309 268 530
401 222 502 257 1467.
530 220 695 255 Canisius
721 219 756 253 S.
774 217 964 252 Francisco
991 216 1034 250 de
1058 214 1202 258 Borgia.
1245 213 1411 256 Augusta
1428 210 1535 245 Vind.
1553 210 1608 244 26.
1627 207 1710 242 Iulii
1729 208 1831 242 1567.

337 341 550 389 Alterum,
593 337 707 391 quod
747 337 803 379 ad
841 335 1090 378 institutum
1130 335 1327 374 nostrum
1369 328 1518 384 purius
1559 329 1604 370 et
1643 325 1879 381 perfectius
1911 323 1986 366 ob-

219 406 480 450 seruandum
495 406 687 458 spectat:
711 416 796 456 qua
817 400 987 443 ratione
1009 401 1226 453 putamus,
1261 395 1400 437 minus
1423 393 1584 435 malum
1607 394 1651 433 et
1672 389 1987 433 incommodum

219 474 301 515 1100
342 470 443 524 eligi
484 483 629 524 posse,
673 470 721 510 ut
761 465 1017 520 simpliciter
1057 475 1288 518 pareamus
1329 463 1374 502 et
1415 457 1715 501 executionem
1758 455 1990 497 offeramus

223 539 264 581 S.
283 538 336 580 D.
356 536 410 579 N.
440 535 484 577 in
507 532 810 589 promouendis
832 531 1049 573 duntaxat
1071 526 1246 570 Clericis
1279 523 1440 567 nostris
1472 525 1572 578 post
1602 522 1766 564 factam
1798 520 1989 574 ipsorum

220 601 550 658 professionem.
622 599 692 640 Ita
732 599 857 639 fieret
897 607 1144 649 speramus,
1195 594 1244 633 ut
1285 588 1516 632 Societatis
1558 589 1734 628 nostrae
1774 584 1990 633 instituto,

222 665 481 722 praesertim
514 678 569 706 ex
600 666 727 718 parte
759 659 1046 716 paupertatis,
1081 671 1191 711 quae
1214 653 1521 697 labefactanda
1552 665 1638 693 non
1671 653 1752 700 est,
1785 649 1904 691 nulla
1935 662 1991 689 ex

221 735 348 788 parte
392 729 799 786 praeiudicaretur³,
845 725 957 768 sicut
1001 722 1344 778 praeiudicatum
1386 719 1465 772 irjb
1509 731 1614 760 sane
1656 716 1850 764 uidetur,
1895 727 1990 754 cum

223 797 356 840 semel
399 794 700 838 admiserimus
740 792 809 834 uel
841 788 1223 836 introduxerimus,
1267 788 1314 828 ut
1356 784 1631 826 ordinenturc
1670 780 1809 822 nostri
1841 777 1992 821 Clerici

224 877 320 905 cum
362 861 490 904 titulo
531 857 778 914 patrimonij
811 855 882 897 uel
914 852 1197 897 ecclesiastici
1229 849 1437 903 beneficiJ',
1481 848 1549 890 uel
1581 846 1817 889 accedente
1849 842 1993 885 Socie-

224 928 331 970 tatis
359 928 534 968 nostrae
557 923 821 976 obligatione
844 920 897 962 ad
921 933 1021 961 suos
1045 917 1177 960 etiam
1208 918 1439 970 postquam
1463 915 1589 955 erunt
1612 910 1788 960 dimissi,
1822 911 1994 950 susten-

224 992 395 1035 tandos.
459 988 554 1031 Etsi
588 987 699 1029 enim
732 1000 817 1027 non
851 985 1008 1026 desunt
1038 980 1311 1024 incommoda
1342 978 1568 1032 quaedam,
1607 990 1717 1030 quae
1749 975 1860 1016 hanc
1892 972 1993 1014 sim-

226 1058 380 1112 plicem
415 1053 705 1097 obedientiam
747 1053 941 1092 nostram
983 1049 1317 1100 consequantur,
1359 1042 1619 1098 praesertim
1659 1040 1759 1094 quia
1791 1037 1995 1094 perpauci

227 1121 554 1169 ordinabuntur,
588 1121 736 1160 tamen
768 1116 882 1157 hunc
913 1114 1102 1155 fructum
1124 1111 1222 1153 inde
1246 1108 1533 1162 colligendum
1567 1119 1804 1160 speramus,
1838 1106 1887 1146 ut
1918 1116 1996 1144 suo

227 1190 423 1240 ternpore
456 1184 524 1226 uel
557 1183 682 1224 huius
715 1180 972 1236 praesentis,
1006 1178 1076 1219 uel
1109 1175 1288 1219 alterius
1322 1172 1544 1227 sequentis
1567 1170 1787 1213 Pontificis
1814 1168 1994 1217 animus,

228 1254 458 1306 postquam
481 1249 589 1291 haec
610 1245 882 1289 incommoda
904 1246 1021 1286 certo
1045 1239 1388 1296 deprehenderit,
1413 1237 1582 1280 facilius
1605 1236 1727 1278 nobis
1745 1232 1997 1276 concilietur

230 1319 275 1358 et
314 1316 367 1358 ad
408 1315 451 1356 id
493 1312 812 1355 concedendum
856 1310 1176 1364 permonemur,
1219 1305 1331 1359 quod
1371 1304 1584 1345 hactenus
1625 1302 1678 1343 ab
1720 1298 1817 1353 alijs
1849 1296 1998 1339 Ponti-

230 1378 408 1423 ficibusd
440 1392 704 1427 concessum,
739 1379 783 1418 et
814 1375 857 1416 in
891 1374 1110 1416 Societate
1142 1374 1295 1413 nostra
1326 1369 1536 1411 vsitatum
1570 1366 1693 1408 fuit1.

351 1445 567 1493 Tertium,
610 1445 756 1484 Vtrum
791 1438 1000 1482 Societati
1042 1439 1219 1479 nostrae
1261 1435 1318 1477 sit
1358 1432 1650 1481 tolerabilius,
1692 1430 1728 1471 si
1769 1443 1792 1471 e
1834 1427 1999 1469 duobus

233 1512 418 1554 alterum
452 1507 798 1563 amplectendum
832 1505 1043 1553 uideatur,
1079 1502 1277 1544 nimirum
1310 1502 1359 1542 ut
1391 1499 1459 1540 uel
1492 1498 1549 1540 sit
1581 1509 1713 1551 penes
1736 1493 1999 1537 Societatem

234 1576 442 1629 obligatio
484 1572 758 1616 sustentandi
799 1585 885 1621 005,
930 1568 1002 1622 qui
1035 1583 1057 1610 e
1090 1566 1250 1610 nostris
1292 1567 1390 1619 post
1422 1562 1736 1605 ordinationem
1770 1556 2000 1611 aliquando

235 1642 571 1689 dimitterentur,
615 1638 684 1679 uel
727 1640 773 1678 ut
806 1634 1055 1677 ordinandis
1097 1630 1344 1687 patrimonij
1379 1631 1455 1671 aut
1485 1626 1679 1679 beneficij
1712 1624 1866 1667 titulus
1899 1635 2001 1664 con-

236 1708 438 1749 cedatur:
473 1705 565 1754 Qua
597 1703 638 1744 in
671 1703 796 1756 parte
824 1700 1086 1742 arbitramur
1108 1696 1344 1739 consultius
1367 1693 1472 1743 fore,
1507 1692 1560 1734 ad
1585 1688 1816 1733 Societatis
1838 1686 2004 1739 obliga-

236 1773 396 1815 tionem
432 1784 523 1812 rem
556 1770 693 1811 totam
729 1767 957 1814 adducere,
991 1763 1190 1804 nimirum
1224 1764 1271 1803 ut
1303 1758 1520 1814 prouintia
1553 1755 1770 1809 quaelibet
1801 1766 1896 1794 sese
1929 1751 2004 1792 ob-

237 1837 347 1890 liget
387 1836 440 1877 ad
484 1847 583 1876 suos
626 1831 803 1874 alendos
845 1829 917 1883 qui
949 1830 1046 1882 post
1088 1827 1170 1868 hac
1205 1824 1530 1870 ordinabuntur,
1573 1833 1732 1873 eosque
1772 1819 2005 1872 propterea

239 1905 361 1944 curet
394 1899 520 1942 ualde
553 1898 759 1939 50100105θ
801 1899 845 1937 et
876 1894 1082 1949 probatos
1123 1904 1232 1940 esse,
1275 1889 1345 1942 qui
1379 1887 1685 1929 Coadiutorum
1718 1880 2006 1937 spiritualium

240 1966 377 2009 offitio
419 1964 555 2006 uelint
596 1966 640 2004 et
681 1960 848 2015 possint
886 1959 1030 2001 facere
1073 1956 1224 2005 satis2‚
1267 1958 1310 1995 et
1343 1952 1415 2006 qui
1453 1952 1496 1993 in
1529 1950 1756 1992 uocatione
1788 1961 1867 1989 sua
1897 1946 2006 1987 bene

241 2034 494 2074 constantes
527 2028 619 2070 fore
652 2027 894 2068 uideantur.
1079 2020 1252 2077 [S]aluo
1285 2018 1468 2061 aliorum
1500 2015 1654 2057 iudicio
1688 2015 1782 2056 Pet.
1815 2012 1917 2054 Can.

361 2114 388 2165 †
422 2112 663 2154 Admodum
688 2107 942 2150 Reuerendo
975 2106 1018 2147 in
1041 2104 1210 2147 Christo
1233 2101 1354 2144 Patri
1377 2099 1608 2142 Francisco
1642 2111 1667 2139 a
1690 2095 1850 2149 Borgia
1876 2094 2009 2135 Prae-

245 2178 386 2233 posito
422 2176 625 2220 Generali
658 2173 889 2217 Societatis
921 2171 1074 2214 JESV.
1139 2168 1315 2209 Romae.

364 2264 463 2306 Quod
491 2263 658 2297 canisius
683 2261 739 2295 his
765 2260 898 2294 litteris
923 2257 1092 2301 Borgiam
1119 2254 1275 2289 monuit:
1312 2252 1433 2286 Socios
1468 2262 1531 2295 per
1556 2258 1765 2293 responsum
1793 2246 1835 2279 de
1862 2245 1939 2286 5⁰l0
1965 2254 2010 2276 ex

243 2319 341 2354 Urbe
377 2318 444 2352 sibi
479 2317 628 2350 missum
663 2326 732 2348 non
771 2312 934 2354 „liberari
970 2310 1064 2344 omni
1100 2307 1303 2352 scrupulo“,
1346 2305 1380 2339 id
1417 2305 1456 2338 P.
1484 2302 1619 2336 Paulus
1651 2300 1820 2334 Hoffaeus
1855 2295 2011 2342 epistula

244 2371 433 2406 Monachio
452 2370 508 2404 20.
526 2368 708 2403 Februarii
730 2367 818 2400 1568
844 2366 955 2399 missa
974 2363 1126 2406 Borgiao
1152 2360 1377 2395 confirmavit
1403 2360 1437 2392 et
1457 2356 1634 2401 copiosius
1661 2351 1856 2398 explicavit
1877 2350 2010 2393 (Duhr,

248 2426 322 2459 Jes.
343 2425 358 2458 I
378 2423 594 2464 714—715).
634 2423 787 2464 Boryias
805 2420 916 2453 Roma
936 2418 990 2452 30.
1010 2415 1131 2450 Martii
1153 2415 1242 2449 1560*
1262 2411 1491 2456 *respouditz
1523 2409 1580 2452 „Si
1598 2408 1687 2442 uede
1706 2406 1770 2440 che
1796 2405 1831 2439 la
1856 2405 2012 2448 risposta

247 2479 313 2512 che
348 2478 378 2511 si
415 2479 490 2510 fece
525 2487 631 2520 sopra
666 2475 689 2507 il
726 2473 856 2518 piglizir
882 2473 901 2505 5
929 2483 992 2516 per
1019 2471 1133 2509 cento,
1169 2479 1236 2501 11011
1264 2466 1343 2500 leui)
1370 2467 1465 2498 tutte
1491 2463 1524 2496 le
1552 2459 1738 2495 difficulta.
1759 2486 1764 2492 .
1785 2485 1792 2492 .
1812 2485 1819 2491 .
1872 2456 1911 2490 Li
1938 2455 2013 2489 diro

248 2531 375 2565 alcune
402 2541 483 2563 cose
510 2528 544 2561 in
580 2529 707 2572 questa
734 2525 893 2560 materia.
945 2523 994 2557 La
1020 2522 1135 2567 prima
1161 2523 1190 2560 0,
1226 2520 1290 2553 0110
1326 2530 1389 2563 per
1415 2516 1435 2550 l’
1452 2514 1596 2550 auenire
1622 2512 1774 2558 potendo
1801 2510 2012 2544 bonamente

249 2583 438 2618 disuadere
465 2584 592 2626 questo
619 2580 820 2624 guadagno,
848 2578 1015 2611 massime
1042 2587 1062 2610 a
1088 2585 1237 2620 persone
1255 2571 1442 2610 facultose,
1468 2569 1501 2602 10
1528 2566 1742 2601 dissuadano
1769 2567 1787 2598 0
1812 2564 1873 2608 piu
1898 2562 2016 2596 sicuro

249 2640 286 2670 et
310 2639 420 2674 netto,
456 2635 596 2679 quando
632 2646 698 2678 pur
732 2644 800 2666 non
836 2632 865 2665 si
902 2630 1036 2675 potessi
1072 2631 1090 2662 ὸ
1118 2639 1186 2661 11011
1213 2623 1424 2660 0011110110551
1460 2621 1646 2656 dissuader
1677 2618 1729 2652 tal
1755 2617 1944 2661 guadagno
1970 2614 2013 2647 de

250 2691 282 2724 5.
304 2702 365 2734 per
387 2689 462 2723 100.
483 2700 501 2721 e
527 2688 616 2720 bene
643 2685 827 2720 essortarli
846 2686 866 2718 a
885 2683 974 2717 farlo
1001 2694 1066 2716 con
1094 2680 1201 2725 quelli
1229 2679 1284 2712 (101
1312 2676 1501 2711 conti-atti:
1529 2685 1597 2707 uno
1624 2672 1657 2705 di
1685 2669 1896 2715 compagnia
1922 2667 2014 2701 altro

251 2743 286 2777 di
313 2741 537 2776 assicuratio.
588 2740 638 2773 La
664 2739 702 2774 22}
728 2740 861 2782 quanto
896 2737 931 2771 al
966 2738 1122 2781 passato,
1157 2733 1187 2767 si
1223 2730 1332 2775 quelli
1368 2730 1433 2763 che
1468 2727 1585 2761 hanno
1621 2724 1860 2767 guadagnato,
1896 2719 2015 2764 questi

252 2797 380 2838 cinque
416 2806 478 2839 per
504 2795 616 2832 cento,
644 2803 729 2825 sono
764 2791 896 2835 poueri,
933 2801 951 2823 o
979 2787 1115 2833 pupilli,
1151 2788 1170 2819 o
1196 2785 1312 2825 uidue,
1347 2785 1366 2816 ὸ
1393 2779 1596 2819 miserabili,
1632 2780 1650 2811 ὸ
1676 2777 1882 2810 finalmente
1908 2774 2015 2816 gente

374 2871 403 2899 a)
425 2872 592 2901 Sequuntur
615 2876 654 2893 vv.
675 2867 731 2892 hoc
752 2865 845 2891 semel
866 2864 999 2890 admisso
1019 2863 1067 2888 uel
1088 2860 1274 2890 introducto,
1294 2868 1311 2884 α
1333 2861 1403 2885 Can.
1422 2857 1598 2881 oblitterata.
1670 2851 1700 2882 b)
1722 2853 1747 2876 Α
1769 2852 1838 2876 Can.
1858 2852 2015 2875 correctum

256 2920 291 2936 01·
312 2913 364 2938 ire.
429 2916 454 2941 c)
477 2912 536 2935 Hoc
558 2918 579 2934 v.
595 2917 611 2934 α
628 2911 655 2934 C.
678 2909 705 2933 in
727 2908 860 2939 maryine
882 2906 1015 2931 additum
1034 2908 1084 2929 est.
1149 2902 1179 2934 d)
1201 2903 1261 2927 Hm:
1282 2909 1304 2926 r.
1319 2909 1337 2925 α
1351 2901 1379 2925 C.
1393 2905 1486 2929 supra
1502 2903 1617 2921 versum
1631 2895 1836 2925 scriptumest.
1903 2891 1930 2922 e)
1951 2890 2016 2914 Duo

258 2962 300 2978 rr.
322 2963 380 2984 sqq.
401 2961 418 2976 (ι
440 2953 468 2976 C.
491 2952 519 2976 in
542 2951 673 2981 maryine
693 2949 797 2973 addita
815 2950 891 2972 sunt.

381 3048 389 3066 ¹
417 3046 596 3079 Canisium
616 3056 698 3089 spes
716 3055 786 3077 nou
800 3041 950 3081 fefellit;
967 3051 1050 3074 nam
1065 3039 1124 3082 qui
1141 3038 1174 3071 S.
1186 3037 1250 3070 Pio
1262 3036 1304 3071 V.
1320 3034 1481 3080 proxime
1495 3030 1681 3068 successit,
1696 3027 1892 3070 Gregorius
1905 3024 2013 3064 XIII„

258 3099 448 3133 societatis
474 3099 658 3142 pristinam
689 3108 729 3130 ea
755 3096 789 3129 in
816 3107 854 3129 re
881 3093 1104 3138 disciplinam
1132 3090 1292 3124 restituit
1319 3089 1491 3130 (Litterae
1514 3082 1732 3128 apostolicae
1753 3077 1968 3120 136—137).

379 3152 390 3171 2
420 3151 469 3183 De
489 3151 676 3184 Societatis
704 3147 968 3182 coadiutoribus
994 3143 1241 3190 spiritualibus
1270 3141 1346 3185 (qui
1373 3137 1632 3184 professionem
1659 3145 1729 3168 non
1755 3129 1909 3173 faciunt)
1935 3128 2016 3163 vide

263 3205 351 3238 Can.
380 3203 409 3236 lI
440 3204 532 3235 515⁴.
