2077 3461
165 200 265 235 1261.
294 200 459 236 Canisius
485 201 702 238 Theodorico
729 203 882 238 Canisio.
925 204 1113 248 Moguntia
1138 203 1233 238 inter
1261 205 1316 239 14.
1335 208 1370 239 et
1391 205 1444 240 16.
1464 205 1553 240 Nov.
1575 207 1674 241 1565.
1765 211 1843 251 131

90 315 233 351 1261.
333 317 550 354 GANISIUS
577 319 638 355 P.
666 319 1117 357 THEODORICO
1148 320 1426 358 CANISIO
1456 322 1508 359 S.
1536 323 1607 366 J„
1635 324 1847 360 Germaniae

252 371 447 415 superioris
473 373 778 417 viceproviuciali,
806 375 1057 409 universitatis
1083 375 1299 419 collegiique
1325 375 1499 419 dilingani
1525 378 1666 413 rectori.

893 428 1080 472 Mogontia
1106 428 1201 462 inter
1228 428 1282 462 14.
1310 432 1346 462 et
1375 430 1427 463 16.
1454 429 1669 466 Novembris
1698 432 1798 466 1565.

206 498 260 532 Ex
286 499 494 534 Theoderici
522 500 655 535 Canisii
682 501 813 537 litteris
839 503 1084 548 autographis.
1139 504 1201 547 „‹}.
1230 504 1294 549 Ep.
1321 505 1421 538 VIN
1451 506 1474 539 f.
1502 506 1596 540 2162.

204 575 367 617 Librum,
394 588 460 620 qno
478 578 628 611 Iacobus
645 579 813 612 Andreae
831 581 1015 614 Societatis
1039 580 1196 614 homines
1213 582 1545 624 Zwinylianismum
1563 584 1683 617 docere
1701 589 1845 628 asserat,

86 636 108 659 α
136 627 250 661 Sociis
277 630 607 672 inyolstadiensibus
632 633 867 673 refutandum
892 645 969 667 esse.

204 699 242 732 P.
275 699 512 733 Theodoricns
541 701 708 734 Canisias
733 703 882 745 Dilinya
909 705 962 736 24.
991 704 1163 737 Ianuarii
1190 707 1281 737 1566
1306 705 1455 738 Romam
1481 706 1529 738 ad
1555 706 1589 739 S.
1609 707 1846 740 Francis-cnm

84 750 254 793 Boryiatn
270 755 512 796 praepositum
528 755 727 797 [senei-alem
745 755 828 788 haec
847 757 980 789 rettulit
998 758 1039 789 de
1059 759 1161 790 Petro
1184 758 1328 791 Canisio
1344 759 1463 800 fratre
1479 770 1543 792 suo
1565 760 1847 804 Germaniaeque

83 807 280 847 superioris
291 807 510 849 provinciali
527 819 568 840 ac
585 809 625 840 de
644 809 769 841 Iacobo
788 810 955 842 Andreae
971 812 1171 853 praeposito
1196 811 1384 844 lutherano
1408 813 1714 856 universitatisque
1731 814 1845 846 tubin—

82 868 198 898 9anae
215 860 451 893 cancellario:
478 861 582 904 „Duo
609 862 701 894 anni
725 865 808 894 sunt
833 874 877 895 eac
903 873 970 906 quo
990 865 1103 896 nostri
1119 865 1419 907 Jnyolstadienses
1437 877 1513 898 cum
1534 866 1768 908 Superiornm
1791 878 1844 900 vo-

84 910 217 944 luntate
248 912 372 947 leeses
398 915 570 956 quasdam
597 915 807 948 aediderunt
833 916 874 948 de
899 917 1083 949 ssIaie-state
1108 917 1261 950 hominis
1281 918 1414 951 Christi
1426 918 1446 961 ¹,
1474 924 1597 952 contra
1627 920 1845 963 blasphemas

88 963 231 997 leeses²
248 967 434 999 cuiusdam
451 967 664 1011 Lutherani,
684 970 742 1001 cui
759 979 883 1002 nomen
897 970 1052 1003 Jacobus
1067 971 1233 1003 Andreae
1248 971 1520 1015 Schmidelinns,
1540 973 1602 1015 qui
1617 973 1754 1015 primas
1769 975 1845 1015 fere

79 1017 175 1050 inter
192 1018 417 1053 Lutheranos
435 1020 498 1053 hoc
515 1024 668 1064 tempore
686 1022 812 1055 obtinet
830 1023 867 1054 in
884 1023 1026 1056 Ducatu
1042 1024 1359 1067 Vuirtenberyensi,
1379 1025 1478 1058 nobis
1498 1026 1621 1060 m‘cino.
1653 1027 1845 1069 Respondit

81 1069 277 1105 haereticus
294 1073 342 1105 ad
359 1078 500 1106 nostras
523 1075 643 1107 'l'heses
656 1075 678 1108 ³.
700 1110 702 1112 ,
722 1075 847 1108 Nostri
864 1077 939 1109 eius
964 1078 1223 1119 responsionem
1250 1089 1343 1111 nouo
1360 1079 1504 1121 scripto,
1531 1080 1624 1122 quod
1643 1080 1758 1113 alieno
1783 1091 1843 1114 no-

83 1124 174 1157 mine
198 1126 352 1158 aeditnm
376 1127 461 1169 fuit,
487 1128 667 1170 superiori
701 1139 797 1161 anno
831 1130 1039 1171 refutarunt
1053 1131 1075 1163 4.
1127 1131 1205 1173 Ipse
1239 1142 1370 1164 nouam
1404 1133 1608 1174 nuperrime
1633 1133 1842 1176 Apologsiam

80 1177 224 1221 aedidit,
252 1180 290 1211 in
316 1190 385 1222 qua
410 1182 618 1213 nominatim
646 1185 770 1215 contra
789 1183 1098 1216 IESJ'ITABVM
1119 1184 1340 1226 Tlieoloyiam
1368 1187 1452 1228 assit,
1481 1187 1606 1228 impios
1630 1188 1762 1228 passim
1781 1198 1844 1220 nos

81 1239 217 1273 vocans,
243 1236 274 1264 et
290 1232 509 1276 Zicinyliani
526 1234 698 1276 cloqmatis
714 1240 878 1269 strennos
888 1241 1185 1279 propuynatores.
1224 1238 1280 1270 Ea
1304 1242 1419 1270 autem
1446 1243 1492 1271 est
1509 1238 1663 1271 hominis
1689 1241 1724 1272 in
1751 1251 1843 1273 men-

78 1284 194 1315 tiendo
212 1286 400 1329 temeritas,
420 1297 459 1319 ea
478 1288 645 1328 vafricies
663 1292 692 1320 et
706 1289 818 1331 dolus,
839 1294 869 1322 ct
888 1291 1030 1323 incauto
1049 1290 1170 1323 lectori
1184 1291 1328 1333 quiduis
1338 1292 1558 1334 persuadere
1573 1303 1671 1334 posse
1684 1297 1842 1337 putetur,

80 1336 184 1379 Vnde,
213 1342 243 1370 ct
268 1338 455 1380 illoquntia
489 1341 536 1373 ad
563 1351 624 1374 nos
654 1342 778 1374 scribit
796 1354 836 1385 p.
858 1344 1101 1385 prouincialis
1136 1348 1262 1387 noster,
1299 1345 1472 1377 Catholici
1506 1346 1576 1378 viri
1603 1351 1685 1388 post
1719 1347 1842 1379 lectam

78 1388 186 1422 ltui‘us
211 1390 363 1424 hominis
389 1393 600 1436 Apoloyiam
620 1398 848 1438 postremam,
880 1396 1044 1429 dubitare
1069 1398 1173 1429 etiam
1199 1397 1240 1429 de
1271 1402 1412 1430 nostrae
1436 1398 1520 1439 fidei
1543 1400 1752 1440 synceritate
1777 1400 1843 1432 visi

74 1447 167 1476 sunt.
221 1444 395 1485 Quocirca
429 1447 520 1478 idem
544 1458 578 1489 p.
600 1449 844 1489 prouincialis
878 1451 1159 1492 operaepretium
1183 1451 1262 1492 fore
1291 1453 1447 1494 putauit,
1485 1456 1515 1483 ct
1541 1452 1843 1493 Jnyolstadienses

78 1497 191 1528 nostri
225 1497 326 1530 breui
350 1499 524 1543 Apoloyia
560 1501 710 1533 obiectas
743 1501 977 1545 blasplten'tias
1004 1503 1212 1546 refutarent,
1248 1504 1364 1537 alieno
1392 1505 1542 1546 nomine,
1570 1505 1842 1548 Eapectabitnus

79 1549 249 1582 iudicium
276 1551 314 1583 P.
339 1551 377 1584 T.
403 1552 530 1585 Nostri
546 1554 848 1596 Jnyolstadienses
866 1556 1102 1599 Apologseticis
1126 1558 1271 1599 scriptis
1296 1557 1373 1589 istis
1395 1558 1543 1600 fatiyatz'
1565 1558 1641 1599 fere
1665 1559 1841 1602 videntur,

78 1605 108 1634 ct
134 1613 222 1645 quae
247 1603 380 1637 laboris
414 1607 601 1649 requirant
633 1607 842 1651 plurimmn,
870 1612 900 1640 et
924 1619 1059 1650 parum
1086 1609 1190 1651 forte,
1222 1609 1440 1652 proficiant:
1472 1611 1583 1653 Apml
1609 1612 1842 1645 aduersarios·

75 1658 190 1688 autem
226 1658 457 1690 maledicendi
490 1661 572 1700 finis
598 1660 718 1693 nullus
743 1662 800 1703 sit,
836 1666 867 1694 ct
893 1664 954 1704 qui
988 1663 1027 1694 in
1053 1662 1118 1694 hoc
1148 1673 1273 1705 yenere
1302 1664 1504 1705 plurimum
1538 1664 1688 1708 valeant,
1723 1668 1753 1697 et
1778 1670 1842 1708 qui

76 1709 333 1743 absurdissima
372 1722 527 1755 quaeque
566 1723 635 1746 non
675 1715 866 1747 concedant
903 1716 1004 1748 modo
1038 1716 1096 1748 sed
1134 1721 1163 1748 et
1199 1716 1336 1758 publice
1367 1717 1621 1759 profiteantur.
1671 1718 1837 1761 Exempli

72 1763 204 1805 yratia,
231 1764 270 1795 in
295 1764 388 1797 hisce
411 1765 578 1798 Thesibus
595 1767 636 1798 de
654 1768 838 1800 Maiestate
855 1768 1008 1801 hominis·
1029 1769 1173 1809 Christi,
1200 1770 1379 1802 mordicus
1390 1775 1635 1814 propuqnant,
1662 1772 1839 1804 Humani-

74 1819 176 1847 tatem
198 1816 334 1849 Christi
350 1818 471 1861 rbique
488 1830 556 1852 ess-e
577 1821 729 1862 perinde
755 1825 858 1864 atque
883 1822 957 1854 eius
983 1823 1218 1855 diuinitatem.
1239 1849 1246 1856 .
1267 1849 1273 1855 .
1295 1849 1301 1856 .
1323 1823 1511 1856 Praeterea
1539 1826 1650 1866 ipsam
1675 1825 1839 1858 leumani-

75 1871 179 1900 tatem
196 1875 361 1903 asserunt
385 1882 454 1904 esse
472 1873 738 1915 omnipotentem
762 1885 834 1907 non
851 1875 962 1907 solam
976 1875 1212 1919 diuinitatem,
1231 1876 1427 1919 Ridentque
1444 1877 1667 1910 scholasticos
1683 1879 1840 1911 docentes

78 1920 258 1955 Christum
282 1923 455 1957 hominem
482 1925 553 1957 dici
579 1926 844 1968 omnipotentem
878 1929 1016 1961 ratione
1040 1930 1179 1962 vnionis
1207 1933 1359 1962 naturae
1384 1930 1562 1963 hunianae
1587 1942 1664 1962 cum
1684 1942 1838 1974 persona

76 1974 179 2018 cerbi,
207 1986 275 2008 non
295 1981 410 2010 autem
436 1980 577 2011 ratione
594 1979 771 2012 humanae
798 1985 961 2025 natm-ae,
989 1986 1020 2014 ct
1046 1993 1134 2025 quae
1152 1987 1319 2016 creatura
1345 1984 1390 2016 sit
1409 1987 1438 2016 et
1463 1985 1606 2016 virtutis
1622 1985 1752 2025 finitae.
1774 2011 1780 2017 .
1803 2011 1809 2017 .
1829 2010 1836 2017 .

75 2027 126 2060 Jn
160 2029 282 2069 iJ'sdem
313 2029 506 2064 Tliesibus.
528 2033 780 2065 ..descensum
809 2034 944 2067 Christi
978 2036 1026 2067 ad
1059 2036 1196 2076 inferos
1229 2037 1280 2068 ita
1317 2037 1598 2079 interpretantur
1632 2041 1662 2069 rt
1698 2039 1838 2070 rideant

75 2080 226 2122 lynibum
253 2082 415 2125 Patrum,
454 2088 484 2116 et
508 2085 629 2117 dicant
658 2086 838 2119 Christum
864 2099 992 2121 reuera
1015 2099 1149 2131 poenas
1182 2090 1319 2130 inferni
1345 2090 1541 2132 deyustasse
1566 2095 1595 2123 et
1622 2102 1716 2123 more
1741 2091 1836 2123 dam-

75 2137 241 2167 natorum
267 2137 314 2168 ad
340 2141 473 2180 tempus
499 2137 731 2180 desperasse.“

191 2211 402 2254 ingolstadii
430 2213 610 2248 Sociorum
637 2226 722 2249 cura
740 2215 913 2259 vulgatus
940 2219 994 2251 est
1020 2217 1131 2252 liber:
1163 2218 1234 2260 „De
1260 2219 1451 2253 maiestate
1471 2222 1506 2253 et
1530 2220 1733 2264 praesentia
1753 2220 1834 2254 Cor-

73 2263 168 2306 poris
195 2263 328 2298 Christi
354 2265 514 2300 Domini:
542 2279 622 2300 cvm
649 2268 866 2302 refvtatione
892 2270 1044 2311 illorvm,
1080 2282 1171 2315 quae
1198 2272 1348 2306 Iacobus
1375 2272 1636 2307 Schmidelinus
1662 2273 1835 2307 aduersus

195 2388 204 2407 ¹
231 2387 368 2423 Harum
395 2390 539 2424 titulum
567 2391 648 2424 vide
679 2393 764 2426 Can.
792 2392 841 2426 IV
869 2394 1068 2429 609-610.
1216 2397 1228 2415 ‘-'
1255 2396 1345 2430 Vide
1376 2398 1462 2430 Can.
1490 2396 1540 2429 lV
1567 2397 1646 2430 610.

192 2441 204 2461 ³
239 2443 389 2477 Ioannes
425 2445 631 2477 Valentinus
665 2447 833 2480 Andreae
870 2447 905 2480 in
949 2447 1153 2492 „Trophaeo
1192 2450 1384 2483 Andreano
1422 2451 1500 2484 sive
1540 2450 1759 2494 Scriptorum
1798 2452 1834 2483 et

72 2494 399 2537 peregrinationum
417 2497 542 2531 Jacobi
560 2497 736 2540 Andreae,
755 2498 877 2534 Theol.
897 2499 938 2534 D.
958 2513 1020 2546 pro
1040 2501 1202 2536 Ecclesia
1221 2502 1356 2537 Christi
1375 2503 1527 2544 Indice¹‘,
1556 2514 1661 2546 quem
1684 2503 1832 2545 „Famae

72 2547 303 2582 Andreanae“
337 2550 585 2593 (Argentorati
616 2551 722 2594 1630)
759 2552 906 2594 addidit,
941 2555 1060 2598 posuit
1098 2554 1332 2599 ‚Apologiam
1370 2556 1533 2600 Cupitum
1569 2556 1833 2600 Disputationis

74 2599 116 2633 de
141 2600 334 2636 Maiestate
360 2602 525 2637 Hominis
544 2603 678 2637 Christi
705 2604 820 2649 deque
846 2607 1078 2641 substantiali
1105 2610 1310 2652 praesentia
1330 2609 1463 2643 Christi
1491 2609 1525 2642 in
1553 2620 1662 2642 coena
1681 2635 1687 2642 .
1708 2613 1832 2644 contra

72 2652 388 2697 Ingolstadienses.
414 2668 506 2690 anno
535 2657 644 2691 1564‘
679 2657 718 2700 (f.
746 2659 789 2694 ΕΞ.
809 2659 897 2702 111³).
937 2660 1096 2694 Eundem
1123 2661 1253 2694 librum
1281 2664 1535 2705 Sommemoyel
1562 2662 1612 2696 ita
1639 2665 1830 2697 memorat:

78 2706 167 2748 „lae
195 2709 358 2742 Andreae
386 2709 561 2754 Apologia
596 2712 721 2744 contra
756 2711 891 2746 Theses
926 2713 967 2747 de
998 2714 1189 2759 Majestate
1216 2714 1380 2748 Hominis
1407 2715 1540 2748 Christi
1575 2715 1610 2748 in
1636 2715 1830 2750 Academia

72 2758 342 2803 Ingolstadiana
360 2763 572 2807 propositas.
601 2763 796 2807 Tubingae,
818 2766 917 2807 1564,
935 2767 993 2800 40“
1019 2767 1124 2810 (Bibl.
1145 2767 1194 2800 Vl
1213 2768 1311 2810 458).
1340 2768 1458 2802 Facile
1476 2771 1595 2802 autem
1614 2771 1723 2813 patet,
1749 2768 1829 2803 libri

72 2812 214 2847 titulum
240 2827 355 2859 neque
382 2816 416 2850 in
440 2816 680 2861 „Trophaeo“,
706 2828 821 2861 neque
847 2820 940 2863 apud
960 2819 1228 2863 Sommervogel
1256 2821 1298 2854 ad
1326 2821 1474 2855 verbum
1501 2833 1711 2865 expressum
1739 2834 1828 2858 esse.

191 2869 202 2887 ⁴
229 2867 282 2902 De
308 2868 376 2902 hoc
402 2870 536 2914 scripto
563 2872 599 2902 et
625 2869 668 2903 de
694 2881 787 2904 nova
812 2872 987 2915 Apologia
1013 2873 1057 2907 ab
1084 2873 1248 2907 Andreae
1275 2874 1370 2907 edita
1398 2874 1489 2916 vide,
1522 2885 1613 2918 quae
1639 2875 1704 2909 sub
1730 2875 1828 2920 ipsas

72 2917 137 2952 has
162 2919 303 2955 litteras
330 2922 503 2956 dicentur.
543 2923 721 2956 Polam-ns
746 2923 846 2957 iussu
866 2924 979 2959 Lainii
1006 2926 1201 2970 praepositi
1227 2927 1407 2969 generalis
1426 2927 1538 2961 Roma
1565 2928 1594 2961 7.
1614 2927 1827 2963 Novembris

73 2971 163 3006 1564
181 2973 220 3007 P.
239 2973 456 3009 Theodorico
476 2975 618 3009 Canisio
645 2976 774 3010 rectori
801 2976 1071 3020 ingolstadiensi
1091 2979 1329 3023 *scripseratz
1360 2980 1430 3022 „La
1449 2981 1677 3025 Antipologia
1704 2985 1826 3016 contra

72 3024 243 3060 Jacobum
262 3026 520 3072 Smjdellinum,
548 3030 566 3062 e
591 3029 658 3062 ben
685 3029 776 3062 fatto
802 3041 871 3063 non
897 3030 932 3064 la
959 3031 1139 3075 publicare
1167 3043 1265 3065 come
1293 3043 1376 3067 cosa
1399 3035 1534 3074 nostra,
1559 3045 1603 3068 ne
1621 3034 1825 3068 mostrando

71 3077 189 3111 studio
214 3079 255 3113 de
282 3085 484 3115 contrastar
518 3093 583 3115 con
619 3081 748 3115 huomo
784 3081 952 3123 heretico,
990 3095 1048 3117 ma
1082 3085 1111 3118 si
1148 3085 1318 3128 potrebbe
1354 3086 1438 3120 dare
1473 3086 1544 3120 allo
1572 3086 1826 3121 Jllustrissimo

72 3128 171 3164 Duca
197 3143 259 3176 per
284 3133 339 3166 cui
366 3134 486 3167 ordine
512 3134 541 3168 si
570 3136 587 3167 e
614 3135 749 3178 scripta
776 3140 812 3168 et
838 3146 903 3169 sua
930 3135 968 3169 E.
996 3136 1073 3170 fara
1100 3148 1198 3170 come
1224 3137 1356 3181 meglio
1387 3138 1411 3172 li
1437 3141 1584 3184 parera⁴⁴
1618 3140 1677 3183 (ex
1703 3151 1824 3185 apogr.

73 3181 182 3217 eiusd.
208 3187 334 3230 temp.;
366 3186 508 3228 „Grernh
534 3188 598 3222 61⁴
629 3188 652 3221 f.
681 3187 793 3230 206⁶).

1492 3253 1541 3286 9*
