2045 3471
707 199 895 234 Monachio
923 199 977 234 21.
997 198 1083 233 Maii
1103 199 1204 234 1567.
1744 199 1828 240 473

69 321 277 376 postulat,
319 322 370 362 vt
401 320 502 362 uiua
534 319 665 362 etiam
698 333 847 362 sorore
878 319 1132 372 Margareta
1170 317 1334 360 factum
1367 317 1450 359 fuit
1464 318 1491 359 1.
1554 316 1709 358 Junior
1751 316 1830 358 im—

69 385 235 428 becillis
267 387 335 426 est
367 398 418 426 ac
450 384 780 434 ualetudinaria,
819 397 929 437 quae
961 397 1046 424 non
1078 383 1225 437 procul
1260 396 1286 424 a
1317 381 1421 436 ptisi
1452 382 1604 423 abesse
1635 382 1828 435 putatur.

68 450 293 492 Archidux
314 449 454 491 frater
475 463 588 491 nunc
611 455 794 491 nouama
815 448 980 491 extruit
1007 448 1177 489 domum
1201 446 1373 499 utrique
1401 446 1550 496 sorori,
1584 448 1633 488 ut
1655 445 1828 499 scripsi-

68 515 201 565 mus2,
235 517 279 556 et
311 516 483 556 nostros
515 514 610 556 vult
640 514 724 555 illis
757 527 853 556 esse
885 513 1050 555 vicinos
1082 512 1125 553 in
1157 510 1332 566 propria
1364 511 1502 561 domo,
1537 524 1647 563 quae
1680 511 1828 553 decem

67 579 138 621 uel
170 578 393 621 duodecim
426 578 586 621 habeat
616 578 944 621 inhabitatores.
998 577 1090 626 Qua
1123 576 1174 618 de
1206 590 1254 618 re
1286 575 1390 617 nihil
1413 589 1494 628 ego
1528 576 1641 629 apud
1673 575 1828 617 Archi-

68 644 217 686 ducem
250 645 326 685 aut
357 657 529 685 sorores
561 643 652 685 eius
685 643 768 696 egi,
802 642 960 697 partim
995 642 1107 695 quod
1140 644 1367 695 expectem
1400 641 1446 682 P.
1470 640 1518 682 T.
1552 640 1826 690 sententiam,

67 708 168 762 quid
209 708 290 750 hac
329 708 373 749 in
415 710 539 762 parte
581 722 606 749 a
647 708 770 749 nobis
813 707 906 749 fieri
946 706 1268 761 uelitxpartim
1306 705 1420 758 quod
1461 718 1545 746 non
1586 704 1828 757 intelligam

66 773 250 816 istarum
282 773 548 825 Reginarum
592 772 771 823 animos,
815 772 968 826 quibus
1008 771 1197 814 fortasse
1229 771 1369 812 uisum
1402 772 1467 812 est
1501 769 1624 819 satis,
1667 769 1774 811 duos
1806 783 1829 811 e

65 838 226 881 nostris
248 837 546 880 Confessarios
578 840 789 892 perpetuo
814 838 966 879 adesse
998 836 1079 878 sibi
1109 850 1194 878 non
1228 849 1351 878 secus
1374 849 1502 888 quam
1535 835 1571 876 si
1605 834 1829 877 domestici

65 907 212 946 essent
244 902 470 957 capellani.
524 903 660 945 Credo
692 902 879 953 interim,
914 903 959 944 P.
984 901 1174 944 Dirsium
1208 903 1253 943 et
1274 901 1320 943 P.
1345 900 1528 942 Paulum
1551 913 1635 941 non
1668 913 1828 953 graua-

63 968 143 1011 tim
175 969 230 1010 ad
261 969 373 1010 hunc
407 967 623 1021 quietumb
655 981 873 1009 secessum
904 967 1063 1010 ituros:
1097 966 1174 1008 sed
1207 965 1391 1019 ambigo,
1425 979 1479 1007 an
1512 964 1597 1006 illis
1630 967 1673 1007 et
1704 964 1827 1006 nobis

64 1033 270 1088 expediat
309 1034 421 1074 hanc
453 1032 631 1086 Reginis
672 1033 836 1074 seruire
868 1032 1166 1073 seruitutem3.
1230 1031 1385 1073 Posset
1424 1030 1597 1072 interim
1638 1029 1827 1072 fortasse

64 1098 213 1140 domus
246 1097 572 1139 Professorum4
605 1100 681 1139 aut
712 1096 974 1140 nouitiorum
1006 1096 1134 1138 isthic
1167 1095 1372 1146 construi,
1407 1095 1444 1136 si
1468 1094 1724 1136 Archiducis
1756 1094 1827 1136 uel

62 1177 258 1205 sororum
292 1162 383 1204 eius
415 1162 583 1204 animus
615 1162 697 1203 huc
728 1165 878 1215 posset
909 1161 1165 1215 permoneri.
1220 1161 1381 1202 Verum
1405 1159 1744 1214 expectabimus,
1778 1162 1827 1202 ut

64 1227 110 1271 P.
134 1227 309 1270 Natalis
340 1227 491 1278 voluit,
527 1241 581 1269 ex
603 1227 722 1269 Vrbe
753 1240 1020 1281 responsum.

182 1292 227 1335 P.
251 1293 444 1335 Joannes
478 1292 592 1334 Saxo
625 1292 733 1333 mire
770 1292 914 1345 placet
946 1291 1228 1341 auditoribus,
1271 1304 1321 1332 ac
1354 1290 1486 1332 etiam
1517 1288 1750 1331 Archiduci
1782 1290 1826 1331 et

61 1358 275 1400 nobilibus
306 1357 350 1400 in
383 1357 685 1400 contionando.
737 1357 969 1411 Jngenium
1002 1370 1104 1398 uero
1139 1356 1266 1409 quale
1306 1355 1479 1405 habeat,
1523 1358 1567 1397 et
1608 1368 1735 1408 quam
1769 1353 1826 1396 sit

61 1422 278 1477 impotens
309 1422 388 1472 sui,
430 1422 538 1464 satis
570 1421 699 1464 isthic
732 1425 881 1464 notum
918 1424 1035 1476 puto.
1100 1421 1273 1463 Timent
1312 1420 1464 1471 nostri,
1505 1433 1560 1461 ne
1600 1419 1643 1460 in
1683 1418 1824 1461 medio

61 1501 188 1530 cursu
221 1487 433 1538 concidat,
478 1490 554 1530 aut
586 1486 775 1541 seipsum
817 1486 994 1541 perdat:
1037 1489 1127 1528 tam
1169 1486 1402 1528 uehemens
1435 1499 1486 1527 ac
1526 1487 1698 1527 tantum
1738 1498 1823 1526 non

59 1552 246 1595 furiosus
278 1552 364 1595 leui
392 1552 524 1594 etiam
548 1552 600 1594 de
632 1566 763 1594 causa
796 1565 891 1593 esse
923 1552 1048 1600 solet,
1082 1553 1158 1593 aut
1184 1551 1347 1604 fugam,
1382 1552 1459 1592 aut
1482 1551 1680 1591 extrema
1702 1549 1824 1590 nobis

59 1617 277 1660 minitans.
340 1618 422 1659 Hic
462 1620 564 1671 eget
603 1617 790 1659 Rectore
831 1617 1001 1671 placido
1039 1619 1083 1659 et
1123 1630 1254 1670 saepe
1295 1615 1561 1669 indulgente,
1603 1614 1824 1668 ipsiusque

58 1682 231 1725 natiuos
262 1682 450 1737 impetus
482 1684 577 1725 arte
609 1682 748 1735 magis
781 1695 909 1735 quam
941 1681 985 1723 ui
1017 1681 1201 1735 quadam
1234 1681 1501 1723 moderante.
1565 1679 1824 1722 Commendo

58 1747 178 1789 illum
210 1747 488 1801 peculiariter
519 1747 736 1801 sacrifitijs
768 1749 812 1789 et
843 1746 1042 1801 precibus
1074 1746 1121 1789 P.
1145 1746 1193 1789 Τ.

179 1812 247 1854 Ad
288 1812 514 1866 collegium
558 1811 862 1854 Monachiense
904 1826 1016 1853 nunc
1057 1811 1236 1862 accedo,
1283 1811 1395 1864 quod
1440 1810 1547 1852 satis
1589 1813 1656 1852 est
1696 1810 1821 1852 modo

58 1877 339 1930 tranquillum
363 1880 407 1919 et
438 1878 597 1919 florens
620 1877 700 1919 Dei
732 1877 890 1930 gratia.
943 1876 1176 1929 Nunquam
1199 1879 1330 1918 antea
1362 1877 1508 1930 plures
1534 1875 1821 1929 poenitentes,

61 1942 442 1992 communicantes,
478 1941 676 1996 discipuli
698 1944 742 1984 et
764 1942 986 1984 auditores
1008 1941 1168 1984 nostris
1201 1940 1335 1983 fuere.
1390 1941 1559 1983 Fauent
1582 1940 1820 1994 Consiliarij

58 2006 297 2061 principum
340 2007 535 2058 istorum,
582 2007 734 2061 nouitij
776 2010 994 2060 utcunque
1035 2020 1081 2048 se
1119 2009 1297 2060 gerunt,
1342 2005 1424 2048 nisi
1469 2005 1580 2059 quod
1625 2005 1823 2046 meliorec

59 2071 107 2114 P.
129 2071 353 2123 Michaele,
397 2072 593 2125 indigent
624 2072 948 2126 praeceptoref‘,
991 2072 1178 2124 suntque
1209 2074 1300 2113 tres
1333 2070 1404 2124 qui
1445 2085 1491 2112 se
1533 2072 1731 2120 offerunt,
1774 2072 1822 2111 vt

60 2136 235 2190 nouitijs
267 2137 619 2178 adnumerentur.
673 2136 801 2179 Jnter
832 2136 910 2178 hos
943 2136 1036 2189 agit
1068 2136 1359 2190 Hieronymus
1391 2149 1446 2177 ex
1479 2135 1596 2176 Vrbe
1638 2135 1822 2176 missus6

58 2201 193 2252 breui,
227 2204 272 2244 et
304 2216 416 2243 nunc
448 2201 609 2244 rectius
641 2202 806 2251 ualens,
840 2204 888 2244 ut
920 2201 972 2243 de
1004 2201 1076 2243 illo
1105 2200 1361 2243 dimittendo
1394 2203 1589 2242 statuere
1620 2213 1821 2241 necessa-

58 2265 169 2308 rium
201 2280 286 2308 non
319 2266 531 2309 uideatur.
615 2267 803 2321 Tempus
843 2266 1017 2308 interim
1050 2266 1234 2315 docebit,
1278 2265 1379 2318 quid
1421 2266 1472 2307 de
1512 2265 1585 2306 illo
1627 2264 1821 2319 polliceri

59 2330 181 2373 nobis
213 2331 439 2385 possimus.

177 2417 206 2448 a)
228 2419 276 2442 Ιια
296 2418 324 2443 C.
345 2418 473 2442 correxit
492 2426 528 2443 ez:
547 2425 627 2444 nouo
648 2420 692 2444 vel
710 2419 804 2444 simili
825 2427 847 2443 υ.
916 2417 946 2450 b)
967 2418 1107 2450 Sequitur
1126 2424 1231 2444 succes
1251 2418 1294 2442 vel
1313 2418 1409 2442 simile
1432 2425 1464 2447 ι’.,
1483 2417 1571 2442 obliti.
1637 2418 1662 2447 c)
1682 2416 1821 2447 Sequitur

60 2464 159 2492 quam,
179 2459 267 2484 oblitt.

182 2557 191 2576 ¹
216 2557 436 2599 Margaritae
465 2557 501 2600 (†
523 2555 575 2589 12.
593 2555 715 2589 Martii
742 2556 847 2598 1567)
877 2557 913 2589 et
938 2554 1097 2589 Helenae
1123 2553 1364 2588 confessarius
1391 2555 1467 2586 erat
1496 2552 1532 2586 P.
1552 2551 1686 2586 Paulus
1713 2552 1820 2585 Hetz-

59 2620 231 2650 covaeus;
268 2609 495 2653 Magdalena,
531 2610 617 2643 natu
643 2608 813 2649 maxima,
848 2608 916 2643 sibi
952 2620 972 2642 a
999 2608 1283 2642 confessionibus
1310 2618 1388 2640 esse
1417 2605 1560 2640 volebat
1585 2605 1623 2639 P.
1652 2606 1817 2639 Ioannem

60 2661 249 2708 Dyrsium3
290 2663 333 2697 de
371 2674 441 2706 quo
480 2664 643 2696 Lanoius
680 2664 798 2696 rector
825 2661 1024 2707 Oeniponte
1051 2662 1082 2696 7.
1110 2660 1293 2694 Februarii
1322 2660 1410 2693 1567
1448 2659 1599 2701 Borgiae
1626 2658 1817 2703 *scripsitz

58 2715 258 2759 Margarita
294 2718 329 2750 et
356 2715 493 2750 Helena
531 2716 584 2758 „lo
617 2715 781 2760 riputano
817 2726 916 2749 come
951 2714 1074 2759 spione
1109 2716 1146 2748 et
1180 2714 1364 2747 turbatore
1401 2712 1434 2745 di
1470 2712 1505 2746 la
1539 2711 1592 2745 lor
1617 2713 1723 2756 pace“
1758 2711 1818 2755 (ex

59 2770 218 2812 autogr.;
250 2768 312 2811 „G.
341 2769 404 2814 Ep.
424 2769 530 2803 VHI‘
561 2768 585 2803 f.
608 2768 702 2812 171).

178 2822 192 2842 ²
216 2822 268 2856 De
294 2822 363 2856 hac
389 2822 604 2856 Ferdinandi
631 2822 674 2857 ΙΙ.
701 2821 950 2855 aedificatione
977 2820 1115 2854 halensi
1142 2819 1223 2853 vide
1251 2829 1359 2863 supra
1388 2830 1419 2862 p.
1447 2818 1527 2852 434.

179 2875 191 2895 ³
218 2875 271 2909 Of.
298 2875 333 2909 Is
362 2875 415 2915 14,
443 2876 482 2916 33
512 2875 560 2909 ΕΖ
586 2875 641 2917 29,
671 2876 725 2909 18.

177 2930 191 2947 ⁴¹
217 2927 369 2961 Domum
397 2927 493 2968 dicit,
528 2928 563 2962 in
591 2939 661 2971 qua
686 2927 893 2961 sacerdotes
919 2928 1003 2959 vota
1029 2925 1217 2959 sollemnia
1243 2924 1434 2958 societatis
1464 2924 1655 2968 „professi“
1687 2924 1816 2958 contio-

58 2979 163 3014 nibus
197 2980 381 3021 habendis,
417 2980 635 3015 catechismo
670 2979 895 3025 explicando,
932 2977 1216 3012 confessionibus
1243 2977 1473 3021 excipiendis,
1509 2977 1687 3011 similibus
1718 2977 1817 3011 mini-

58 3033 179 3067 steriis
205 3045 348 3078 operam
376 3036 521 3074 navent,
556 3035 662 3078 stipe,
698 3046 766 3067 non
794 3032 911 3066 reditu
938 3033 1034 3065 certo
1062 3031 1227 3065 viventes
1257 3030 1556 3074 (Constitutiones
1582 3030 1615 3065 S.
1638 3031 1683 3070 J„
1718 3031 1757 3066 P.
1785 3031 1815 3072 3,

60 3096 89 3120 c.
111 3086 141 3126 1,
167 3097 200 3120 n.
228 3087 283 3128 27,
310 3086 360 3126 X;
389 3087 429 3120 P.
456 3087 488 3127 6,
516 3099 544 3121 c.
572 3087 604 3128 2,
630 3099 664 3121 n.
691 3087 812 3129 2—4).

178 3139 192 3159 ⁵
217 3138 255 3173 P.
282 3138 439 3173 Michael
464 3140 601 3174 Marius
628 3140 840 3182 magistrum
866 3138 1086 3172 noviciorum
1113 3137 1261 3181 agebat;
1289 3137 1371 3171 vide
1397 3148 1505 3182 supra
1531 3148 1564 3182 p.
1584 3137 1652 3171 378
1678 3137 1758 3171 457.

178 3191 192 3212 ⁶
218 3191 269 3225 De
295 3191 418 3226 Marco
443 3192 661 3236 Hieronymo
687 3192 817 3226 Thatio
843 3191 926 3225 vide
952 3203 1060 3235 supra
1086 3203 1118 3235 p.
1137 3190 1216 3224 459.
