2045 3471
203 203 287 244 658
518 199 611 234 Mon.
632 199 700 233 743
726 199 805 233 sive
830 209 941 242 germ.
960 198 983 233 1.
1005 198 1094 242 (18).
1139 199 1193 232 25.
1213 197 1303 232 Nov.
1320 218 1363 222 ——
1378 198 1410 233 4.
1430 197 1514 232 Dec.
1537 197 1638 232 1565.

324 319 490 352 Canisius
525 317 735 360 Noviomaqi
769 318 866 361 apud
903 328 1020 351 omnes
1054 318 1204 351 civitatis
1238 317 1382 350 ordines
1417 317 1596 359 copiosum
1630 317 1774 359 pietatis
1806 317 1965 359 fructum

201 372 342 415 colliyit.

322 443 547 485 Gerardns
561 442 768 494 Busaeus,
792 442 1017 497 colleyialis
1040 443 1232 484 ecclesiae
1254 442 1297 482 S.
1314 441 1491 482 Victoris
1513 442 1732 482 xantensis
1748 439 1965 490 (Xanten)

204 509 443 560 canonicus,
479 507 656 559 (Xe-nto,
700 511 746 548 ut
776 507 961 559 videtur)
995 508 1067 548 18.
1090 507 1294 548 Ianuarii
1327 507 1443 547 1566
1485 506 1647 547 litteras
1681 505 1796 546 dedit
1828 505 1964 555 (Colo-

199 575 316 614 niam
360 573 418 613 ad
458 573 507 614 P.
531 572 704 614 Petrum
736 572 953 613 Busaeum
985 573 1027 614 S.
1051 572 1133 613 (Ἀρ
1190 571 1273 612 Hic
1306 575 1412 611 certe
1445 570 1636 612 Gerardi
1673 570 1814 622 frater
1846 575 1964 622 erat;

200 639 293 680 vide
319 638 421 679 Can.
446 637 575 679 1544
587 637 637 690 3),
672 638 718 678 in
739 637 889 691 quibus
911 637 1023 690 haec,
1048 641 1220 691 praeter
1243 637 1343 685 alia,
1367 634 1522 689 refert:
1555 634 1710 676 Paucis
1732 635 1962 676 admodum

201 702 350 744 diebus
382 716 428 744 se
460 702 625 744 Doctor
656 701 811 744 Petrus
840 701 1034 743 Canisius
1066 700 1442 753 Neomagensibus
1474 699 1707 741 videndum
1738 699 1960 754 praebuit:

201 766 435 809 contestati
477 769 622 809 autem
664 768 765 808 sunt
805 766 908 807 mihi
941 780 1102 816 omnes,
1146 765 1259 818 quod
1291 764 1530 807 mirabilem
1573 764 1761 806 fructum
1793 764 1963 815 fecerit,

199 835 292 874 tum
314 832 429 886 apud
451 834 674 885 cognatos,
698 835 788 874 tum
813 831 927 884 apud
949 830 1270 883 magistratum,
1304 831 1480 880 clerum,
1513 830 1718 884 populum
1742 844 1791 871 ac
1813 829 1961 871 iuuen-

199 900 339 940 tutem
374 894 486 951 [et]⁸
517 897 708 938 eiusdem
750 896 1089 938 moderatoresa.
1151 896 1330 938 Vtinam
1363 896 1481 937 Deus
1519 895 1707 949 optimus
1748 894 1963 936 maximus

200 964 245 1004 et
276 962 396 1003 illum
429 961 498 1003 diu
533 963 760 1003 conseruet
792 960 1000 1002 eeclesiae
1032 974 1136 1003 suae
1169 961 1438 1009 incolumem,
1473 963 1517 1002 et
1547 959 1608 1001 illi
1641 959 1683 1001 in
1708 959 1961 1010 eruditione,

200 1026 403 1069 facundia
446 1027 650 1080 vitaeque
698 1026 985 1068 sanctimonia
1031 1025 1193 1068 similes
1240 1029 1373 1079 atque
1420 1039 1569 1080 pares,
1623 1024 1964 1079 quamplurimos

200 1092 446 1134 exuscitare
468 1091 588 1135 velit.
634 1091 904 1145 Optimorum
926 1090 1117 1132 virorum
1151 1105 1369 1144 nunquam
1402 1090 1529 1131 nimis
1553 1104 1712 1143 magna
1735 1092 1800 1131 est
1823 1090 1960 1143 copia,

199 1157 350 1200 talium
384 1171 434 1199 ac
466 1159 685 1199 tantorum
718 1157 907 1198 virorum
941 1156 1072 1198 hocce
1104 1156 1247 1198 seculo
1280 1169 1440 1209 magna
1472 1157 1540 1197 est
1571 1155 1728 1209 inopia.

319 1237 484 1272 Canisius
510 1238 546 1271 in
573 1249 614 1272 ea
640 1236 928 1282 peregrinatione
954 1236 1063 1270 Xanti
1089 1248 1199 1270 unum
1227 1236 1330 1277 diem,
1357 1248 1426 1270 non
1453 1236 1598 1277 diutius,
1629 1235 1764 1270 mansit
1792 1235 1842 1277 (v,
1869 1235 1963 1268 infra

200 1302 232 1335 p.
252 1290 350 1334 666).
389 1290 486 1332 Quae
512 1302 580 1329 res,
608 1292 716 1334 atque
743 1290 850 1324 etiam
878 1289 1080 1334 complures
1106 1289 1208 1329 aliae,
1235 1290 1438 1329 ostendunt,
1466 1290 1656 1329 Busaeum,
1684 1289 1768 1332 quid
1796 1287 1962 1322 Canisius

199 1343 424 1387 Noviomagi,
458 1355 528 1377 non
555 1343 639 1388 quid
665 1343 775 1377 Xanti
803 1344 918 1387 egerit
946 1344 1107 1386 (Hansen
1135 1343 1157 1377 l.
1186 1355 1214 1376 c.
1242 1343 1357 1386 519²),
1393 1342 1538 1377 referre.
1591 1342 1773 1377 Gerar-dus
1799 1342 1962 1375 Busaeus

203 1397 340 1440 (Gerrit
365 1397 480 1442 Buys)
518 1398 755 1440 noviomagus
784 1396 1065 1440 (1538-1603),
1092 1396 1241 1430 Lovanii
1278 1396 1321 1429 ad
1349 1395 1566 1439 theologiam
1594 1396 1792 1437 institutus,
1819 1394 1962 1429 a.1569

200 1450 431 1485 Guilielmum
458 1451 656 1484 Lindanum
683 1450 835 1494 primum
864 1449 1067 1494 episcopum
1094 1450 1420 1483 ruraemondanum
1452 1449 1486 1483 in
1512 1449 1627 1494 prima
1654 1448 1828 1483 dioecesis
1858 1447 1961 1490 „visi-

199 1504 335 1538 tatione
360 1504 551 1548 pastorali“
583 1504 775 1537 comitatus
802 1505 857 1537 est
883 1506 919 1537 et
944 1515 975 1537 a.
998 1503 1087 1536 1572
1106 1503 1371 1537 Catechismum
1399 1503 1523 1545 lingua
1550 1502 1743 1536 vernacula
1770 1513 1791 1536 a
1816 1513 1854 1535 se
1882 1513 1961 1535 con—

200 1557 374 1602 scriptum
394 1557 561 1592 Coloniae
579 1557 757 1600 vulgavit.
793 1557 833 1590 In
861 1556 1011 1601 capituli
1037 1557 1225 1591 xantensis
1244 1555 1500 1601 „Nec2·0l09io‘¹
1521 1558 1671 1590 vocatur
1694 1556 1769 1598 „vir
1794 1555 1961 1599 optimus,

199 1609 274 1644 Deo
301 1613 337 1644 et
361 1610 564 1644 hominibus
590 1613 715 1653 gratus
751 1612 786 1643 et
820 1621 1017 1654 pauperum
1053 1610 1173 1653 pater“
1217 1611 1376 1651 (Allard,
1409 1609 1599 1644 Canisiana
1626 1608 1668 1648 V,
1704 1609 1738 1642 in
1770 1608 1957 1651 „Studien‘

199 1662 241 1696 D.
270 1662 378 1705 LVII,
413 1663 564 1698 26-28.
615 1664 858 1696 Publications
892 1663 934 1696 de
969 1662 1004 1696 la
1031 1662 1169 1696 Societe
1204 1663 1404 1706 historique
1440 1665 1476 1696 et
1511 1661 1785 1705 archeologique
1812 1661 1900 1695 dans
1926 1660 1959 1694 le

200 1716 314 1750 duche
341 1716 383 1750 de
410 1716 604 1759 Limbourg
629 1716 776 1757 XXVII,
804 1715 1018 1750 Maestricht
1046 1715 1146 1756 1890,
1174 1716 1273 1758 238).

317 1770 414 1803 Iuvit
447 1771 544 1803 certe
571 1769 736 1803 Canisius
763 1769 861 1803 cives
887 1769 960 1802 illis
987 1769 1121 1802 diebus.
1173 1769 1213 1803 R.
1243 1769 1281 1803 P.
1313 1770 1354 1802 G.
1382 1771 1426 1803 A.
1455 1770 1582 1811 Meijer
1607 1767 1648 1802 O.
1667 1768 1736 1807 Pr„
1764 1767 1823 1811 qui
1849 1767 1958 1800 histo-

199 1821 288 1855 riam
314 1822 631 1865 noviomagensem
658 1822 932 1865 diligentissime
963 1823 1155 1856 tractavit:
1196 1823 1295 1865 „Aan
1332 1822 1383 1855 dit
1418 1821 1603 1866 zegenrijk
1638 1820 1772 1855 bezoek
1798 1831 1868 1854 van
1895 1819 1958 1854 Ca-

198 1875 347 1916 nisius'‘,
373 1876 500 1919 inquit,
531 1875 605 1917 ⁷‚zal
625 1888 705 1909 men
725 1888 811 1909 voor
838 1887 901 1909 een
928 1876 1018 1918 goed
1045 1875 1123 1909 deel
1150 1876 1217 1909 den
1244 1876 1345 1909 moed
1373 1875 1440 1909 end
1467 1875 1534 1909 den
1560 1874 1791 1919 geloefsijver
1817 1876 1958 1907 moeten

200 1928 451 1973 toeschrijven,
488 1929 543 1962 die
579 1929 621 1962 de
647 1928 889 1962 Katholieken
924 1941 995 1962 van
1022 1929 1211 1974 Nijmegen
1246 1929 1280 1962 in
1317 1928 1360 1962 de
1386 1928 1608 1962 aanstaande
1636 1928 1750 1970 hange
1776 1938 1863 1960 uren
1890 1937 1958 1960 aan

199 1980 266 2014 den
293 1981 363 2024 dag
388 1981 523 2015 zouden
549 1981 701 2024 leggen“
734 1981 772 2025 (l.
800 1994 827 2016 c.
855 1982 869 2015 l
897 1982 971 2025 37).

200 2098 302 2134 743
329 2099 407 2134 sive
434 2108 600 2143 germ.
620 2097 656 2133 l.
677 2097 810 2143 (18).
885 2097 939 2133 25.
966 2097 1154 2133 Now—4.
1173 2097 1254 2133 Dec.
1273 2096 1367 2133 1565.

317 2169 373 2204 Ex
407 2169 634 2215 apographo,
674 2181 785 2213 eoque
825 2169 947 2203 eodem
986 2169 1061 2203 fere
1096 2172 1256 2214 tempore
1291 2170 1326 2203 in
1353 2168 1544 2203 Societatis
1580 2167 1730 2211 collegio
1766 2167 1958 2201 coloniensi

198 2223 341 2268 scripto.
393 2223 476 2258 Cod.
504 2223 616 2257 colon.
647 2222 705 2265 „L.
725 2222 809 2264 Qu.“
840 2224 864 2256 f.
883 2223 954 2257 832².
1006 2223 1061 2256 Ex
1087 2223 1210 2256 eodem
1237 2222 1443 2268 apographo
1470 2222 1562 2255 hanc
1588 2221 1791 2255 litterarum
1817 2221 1956 2264 partem

198 2288 310 2321 paene
335 2276 513 2320 integram
540 2276 640 2320 ponit
666 2277 812 2309 Hansen
847 2276 870 2309 l.
899 2287 927 2309 c.
955 2275 1154 2310 518-519.
1204 2276 1351 2310 Litteris
1380 2275 1614 2320 (archetypis,
1650 2274 1751 2319 puto)
1788 2285 1874 2307 usus
1902 2275 1956 2307 est

199 2331 235 2363 et
269 2329 453 2374 complura
488 2341 533 2363 ex
569 2329 611 2362 iis
650 2328 734 2371 (etsi
770 2341 830 2363 eas
862 2341 931 2362 non
957 2329 1146 2373 memorat)
1176 2341 1290 2373 paene
1326 2329 1370 2362 ad
1396 2328 1546 2362 verbum
1572 2327 1723 2372 protulit
1748 2327 1957 2369 Saccltinus,

200 2382 285 2417 Can.
312 2383 511 2423 221—222‚
546 2385 581 2416 et
606 2382 753 2416 brevius
779 2382 873 2416 Hist.
901 2381 935 2416 S.
955 2382 987 2416 J.
1015 2383 1076 2425 III,
1113 2383 1135 2416 1.
1163 2383 1195 2422 2,
1231 2395 1264 2416 n.
1292 2383 1348 2416 21.
1401 2381 1555 2415 Easdem
1591 2380 1737 2414 adhibui
1764 2390 1957 2423 earumque

198 2438 320 2480 partes
346 2436 484 2480 aliquot
509 2436 712 2479 germanice
738 2447 864 2470 versas
890 2435 990 2480 posui
1017 2436 1053 2469 in
1081 2434 1294 2480 „Ste'mmen“
1323 2437 1390 2469 etc.
1417 2434 1532 2468 LXXI
1560 2434 1764 2474 171—177;
1800 2445 1887 2467 usus
1914 2433 1958 2466 iis

200 2491 254 2523 est
280 2489 386 2523 etiam
414 2491 450 2523 et
475 2489 689 2534 particulam
714 2489 942 2523 neerlandice
968 2490 1089 2534 posuit
1114 2491 1155 2523 L.
1183 2501 1252 2522 van
1279 2490 1386 2522 Miert
1411 2487 1434 2521 l.
1462 2499 1491 2522 c.
1519 2487 1644 2521 6—11.

322 2561 487 2593 Canisizis
505 2561 714 2604 Noviomayi
739 2561 778 2593 in
801 2562 998 2604 gymnasio,
1025 2562 1148 2604 templo
1169 2562 1204 2594 S.
1224 2561 1409 2603 Stephani,
1435 2560 1697 2592 valetudinario
1723 2569 1853 2601 maqna
1880 2569 1957 2591 cum

200 2614 304 2646 lande
341 2614 433 2646 dicit.
496 2614 647 2647 Senatus
684 2625 760 2646 cnm
799 2625 943 2647 munere
980 2615 1132 2647 honorat
1170 2615 1214 2647 ab
1251 2625 1356 2657 eoque
1393 2613 1614 2645 admonetur.
1674 2612 1812 2644 Canisii
1848 2622 1955 2653 opera

194 2676 373 2708 pauperes
397 2671 618 2709 recreantur,
642 2677 718 2709 pax
743 2668 974 2709 componitur,
1000 2669 1195 2710 propinqui
1211 2668 1294 2709 fidei
1312 2667 1542 2699 constantiam
1562 2666 1742 2707 spondent.
1781 2664 1958 2697 Pecuniae

201 2718 340 2760 colleyco
367 2719 556 2751 coloniensi
581 2720 722 2752 dandae
748 2722 921 2762 neqotium
949 2721 1007 2753 ille
1033 2721 1076 2753 ab
1102 2721 1187 2753 aliis
1212 2721 1365 2753 tractari
1390 2719 1471 2751 vult.
1515 2719 1672 2751 Societas
1698 2718 1956 2750 Franciscanss

200 2770 238 2801 in
265 2772 418 2812 capitulo
442 2772 602 2813 yenerali
627 2773 901 2806 commendatur.

320 2842 367 2882 P.
398 2842 609 2884 Henricus
643 2844 874 2899 Dionysius
915 2845 958 2886 S.
982 2845 1025 2886 J.
1071 2844 1241 2886 Colonia
1275 2846 1343 2885 11.
1376 2843 1617 2885 Decembris
1648 2843 1762 2883 1565
1801 2842 1954 2883 Sancto

203 2904 429 2947 Francisco
470 2908 665 2961 Boryiae,
708 2910 926 2950 Societatis
962 2911 1202 2963 praeposito
1242 2909 1443 2964 yener’ali,
1485 2908 1598 2957 haec,
1636 2911 1810 2960 praeter
1850 2907 1951 2956 alia,

202 2971 380 3010 rettulit:
420 2971 487 3011 Ex
517 2972 693 3013 consilio
728 2973 966 3014 Reuerendi
1000 2973 1046 3015 P.
1070 2973 1314 3015 Leonardi1
1345 2986 1438 3015 sum
1475 2973 1542 3012 22.
1566 2970 1825 3012 Nouembris
1859 2984 1953 3012 cum

270 3086 287 3112 d
321 3047 348 3078 a)
375 3049 422 3072 Sic
448 3051 489 3073 rel
515 3051 629 3075 omnino
654 3052 793 3077 similiter
818 3053 991 3084 corriyemla
1016 3060 1076 3078 esse
1097 3061 1225 3084 prorsus
1250 3060 1358 3084 censeo,
1386 3059 1458 3084 quae
1478 3051 1597 3076 suntin
1617 3058 1734 3082 apaan:
1762 3049 1953 3075 iuuentutem

201 3086 266 3112 eius
290 3094 336 3112 em
357 3088 566 3117 moderatoris,

324 3183 334 3202 ¹
360 3182 496 3224 KesseI,
524 3186 672 3219 rectoris
699 3186 841 3230 collegii
867 3187 1089 3221 coloniensis.
