2045 3471
397 196 491 230 Mon.
511 196 580 231 814
605 197 684 231 sive
709 198 748 232 it.
769 197 859 241 (21).
898 199 929 231 A
958 198 990 233 d.
1010 198 1041 232 7.
1060 198 1153 233 Iunii
1179 199 1223 233 ad
1250 199 1306 234 23.
1326 199 1422 245 Sept.
1445 200 1546 235 1565.
1770 204 1850 244 751

209 314 393 368 Prosper
425 329 554 357 comes
587 316 639 357 ab
672 318 790 358 Arcu
821 316 975 368 (Areo)
1008 332 1231 360 caesareus
1265 320 1383 374 apud
1414 321 1552 361 sedem
1586 322 1853 376 apostolicam

90 384 232 420 orator
254 380 555 422 Maximiliano
577 381 636 423 ΙΙ.
661 383 909 435 imperatori
930 384 1100 436 scripsit
1121 383 1257 424 Roma
1285 386 1324 426 9.
1348 385 1468 426 Iunii
1491 387 1605 427 1565
1618 401 1629 426 .·
1660 386 1851 428 Nudius-

90 444 237 485 tertius
268 443 315 484 fu
346 443 530 486 liberato
564 445 662 497 quel
694 445 812 498 figlio
846 447 915 487 del
948 449 1075 488 conte
1108 446 1148 488 d’
1167 447 1286 489 Aran
1321 462 1495 491 scozese
1516 449 1631 491 fatto
1657 449 1853 503 prigione

88 521 166 562 per
207 510 334 550 conto
376 508 473 550 dell’
498 508 775 562 inquisitione
791 512 817 561 ¹,
879 511 938 553 Et
979 512 1048 553 1161
1089 512 1322 554 1116(16611110
1361 516 1508 567 tempo
1550 513 1704 556 furono
1737 514 1853 569 presi

90 572 159 626 doj
201 572 471 627 Τ116(166611]“2
511 587 596 615 vno
640 574 680 616 di
722 575 1021 630 Norinberga,
1085 576 1143 619 Et
1184 577 1211 618 l’
1239 578 1353 619 altro
1400 578 1517 631 figlio
1566 579 1605 620 d'
1630 593 1686 620 un
1732 582 1851 622 certo

89 637 335 680 Camerario
368 638 446 680 che
478 652 603 680 serue
636 640 677 681 al
710 639 867 693 Signor
897 642 1020 683 Duca
1053 641 1095 682 di
1127 641 1332 683 Sassonia
1361 642 1559 685 Elettore
1573 644 1601 693 3,
1631 643 1676 697 jo
1705 644 1853 698 jntesa

87 703 131 744 16
163 716 263 745 6066
295 703 422 757 andaj
457 705 483 745 6
515 717 593 745 6116
625 705 788 748 santita
802 706 830 755 4,
865 706 923 748 Et
954 706 994 748 le
1028 706 1131 748 dissi
1164 706 1242 748 che
1275 707 1418 759 questi
1450 721 1581 750 erano
1603 708 1718 750 modi
1740 709 1852 751 male

84 767 231 821 jntesi,
265 768 324 810 Et
355 768 433 810 che
466 768 501 810 si
534 769 800 822 perderebbe
832 770 904 824 piu
936 772 1053 813 tosto
1087 770 1152 812 ch'
1171 771 1298 822 altro,
1332 772 1419 814 Che
1450 773 1493 813 la
1520 773 1745 825 germania
1766 787 1851 815 non

89 845 163 874 era
195 846 315 874 come
346 832 373 873 l’
388 833 503 886 ι16016
535 833 577 875 di
610 834 778 883 Scotia,
827 836 885 877 Et
918 836 1026 877 ch'a
1068 836 1211 889 questi
1254 836 1296 878 di
1337 850 1422 889 qua
1463 836 1499 878 si
1540 837 1768 879 leuerebbe
1810 837 1851 879 di

88 900 241 949 questo
274 898 400 939 modo
432 898 462 940 il
495 899 751 941 commercio
785 902 830 942 et
851 900 1020 954 pratica
1042 901 1083 942 di
1106 903 1225 944 tutta
1251 902 1396 954 quella
1427 902 1659 956 prouintia,
1693 902 1850 956 perche

88 975 173 1003 non
204 962 247 1003 ui
280 963 569 1016 protrebbono
603 964 740 1007 andar
771 965 912 1014 sicuri,
947 966 1005 1008 Et
1035 966 1193 1020 perche
1225 966 1458 1009 intendeno
1493 967 1557 1008 ch'
1577 981 1660 1009 uno
1684 967 1737 1009 de
1758 967 1851 1021 816-

88 1026 190 1069 suiti
221 1027 391 1069 haueua
423 1028 536 1071 fatto
569 1028 613 1070 la
635 1029 728 1083 spia
741 1030 768 1079 5,
803 1030 955 1084 pregai
977 1044 1056 1072 sua.
1079 1031 1244 1073 santita
1267 1032 1436 1073 uolesse
1460 1032 1681 1074 admonire
1709 1032 1851 1086 questi

87 1091 179 1145 talj,
223 1092 605 1135 ch'attendessino
639 1094 879 1137 solamente
911 1096 965 1137 ad
997 1096 1230 1149 insegnare
1266 1096 1301 1150 jl
1342 1096 1491 1138 viuere
1524 1097 1744 1149 cristiano,
1793 1097 1851 1140 Et

86 1170 171 1198 non
204 1159 237 1198 s'
256 1157 537 1212 impedissero
571 1159 610 1200 d'
629 1160 754 1209 altro,
789 1160 847 1202 Et
878 1160 920 1202 la
952 1160 1104 1215 pregai
1126 1161 1510 1204 medesimamente
1543 1164 1568 1204 a
1600 1162 1669 1204 far
1691 1162 1852 1204 liberar

82 1222 97 1275 j
132 1223 350 1276 pregionj,
399 1224 458 1264 Mi
490 1223 656 1277 rispose
689 1224 767 1266 che
800 1228 951 1278 queste
985 1240 1083 1268 cose
1118 1227 1157 1267 16
1200 1226 1527 1280 dispiaceuano,
1577 1228 1636 1269 Et
1677 1227 1755 1269 che
1796 1241 1850 1269 ne

85 1287 271 1340 parlassi
304 1301 382 1329 con
411 1289 427 1342 j
462 1288 678 1342 Cal-dinalj
720 1289 817 1331 dell'
841 1290 1136 1344 jnquisstione,
1179 1291 1252 1344 allj
1295 1292 1411 1346 qualj
1446 1291 1644 1334 hauendo
1676 1293 1848 1347 parlato

86 1351 191 1394 tutti
240 1355 484 1394 mostrorno
527 1353 605 1394 che
645 1354 705 1406 gli
747 1354 996 1408 dispiaceua
1041 1355 1098 1398 Et
1140 1355 1305 1397 dissero
1348 1360 1501 1409 questo
1544 1370 1689 1399 essere
1731 1359 1848 1399 stato

86 1415 199 1458 fatto
232 1417 472 1459 solamente
505 1418 576 1460 dal
609 1419 827 1461 cardinale
849 1419 1160 1462 Alessandrino
1175 1421 1203 1471 6,
1237 1421 1296 1462 Et
1320 1420 1558 1475 promisero
1593 1421 1634 1463 di
1666 1422 1849 1464 liberar-

85 1481 158 1534 811,
200 1481 230 1522 11
264 1481 341 1523 6116
374 1496 506 1536 1161160
539 1483 727 1536 66811116,
770 1485 927 1538 perche
960 1499 1044 1526 non
1078 1485 1220 1527 hanno
1252 1500 1306 1527 ne
1335 1486 1583 1539 jnsegnato,
1616 1501 1670 1528 ne
1703 1487 1849 1541 dispu-

84 1547 192 1597 tat0,
232 1560 285 1588 ne
317 1550 493 1601 portato
526 1547 636 1598 libri,
680 1563 733 1590 ne
765 1549 908 1591 hanno
941 1549 1090 1592 uiuuto
1119 1550 1167 1604 jn
1200 1550 1339 1592 Roma
1371 1551 1464 1593 61110
1498 1551 1845 1594 catolicamente.

204 1613 321 1654 Idem
356 1614 487 1654 eidem
522 1614 655 1655 Roma
688 1616 758 1657 16.
787 1614 908 1656 Iunii
939 1618 1078 1657 1565:
1119 1615 1188 1657 Ho
1229 1619 1474 1669 procurato,
1519 1616 1597 1658 che
1639 1618 1735 1671 quej
1779 1616 1846 1670 doj

86 1676 325 1731 Thedeschj
371 1677 448 1719 che
492 1691 569 1732 per
613 1679 683 1720 uia
728 1679 825 1721 dell'
853 1680 1129 1733 inquisitione
1174 1694 1305 1722 erano
1350 1681 1456 1723 stati
1499 1681 1636 1735 presi,
1682 1681 1847 1724 fussino

84 1741 270 1793 liberati,
309 1743 343 1796 jl
389 1742 466 1784 che
512 1757 596 1784 non
638 1743 730 1785 solo
772 1758 857 1785 non
901 1745 954 1786 ho
997 1759 1157 1787 ancora
1199 1748 1411 1796 ottenuto,
1458 1761 1528 1788 ma
1559 1746 1736 1788 intendo
1769 1747 1848 1788 che

86 1821 268 1849 cercano
302 1807 342 1848 di
375 1807 505 1860 fargli
539 1811 857 1851 secretamente
890 1809 1111 1860 abiurare,
1155 1811 1223 1852 Ho
1265 1814 1428 1853 mostro
1469 1811 1560 1853 loro
1594 1812 1672 1853 che
1705 1812 1847 1864 questi

84 1886 170 1914 non
211 1887 316 1914 sono
357 1873 471 1914 modi
512 1873 567 1914 da
607 1877 770 1923 tenere,
816 1874 873 1916 Et
915 1875 992 1917 che
1032 1889 1110 1929 per
1151 1880 1302 1928 questo
1336 1890 1422 1918 non
1454 1879 1728 1919 metteranno
1761 1877 1846 1919 6116

84 1938 198 1991 manj
229 1938 245 1991 j
279 1938 518 1991 Thedeschj
561 1940 823 1992 protestanti
864 1953 945 1981 con
976 1940 1034 1993 gl’
1054 1940 1177 1991 altri,
1221 1941 1294 1983 Ma
1335 1941 1650 1995 gl'iriteranno
1693 1944 1847 1984 contra

84 2003 215 2056 quellj
249 2003 316 2044 del
350 2005 465 2045 stato
490 2003 785 2055 Eclesiastico,
820 2004 876 2046 Et
909 2005 1270 2059 principalmente
1303 2009 1456 2048 contra
1484 2006 1501 2060 j
1533 2006 1648 2060 preti
1682 2006 1723 2048 di
1745 2021 1843 2059 qua,

84 2068 152 2109 Ho
184 2070 348 2109 mostro
382 2081 542 2110 ancora
572 2068 664 2110 loro
698 2071 767 2110 un'
787 2069 899 2111 altro
933 2083 1092 2120 errore,
1133 2070 1233 2123 qual
1267 2073 1289 2112 6
1322 2071 1386 2112 ch'
1406 2071 1548 2113 hanno
1582 2072 1786 2114 mandato
1819 2074 1845 2114 6

85 2133 194 2175 detti
226 2132 400 2186 giouanj
435 2133 674 2187 Thedeschj
708 2148 786 2187 per
816 2134 1001 2188 leuargli
1035 2135 1150 2176 della
1181 2135 1273 2177 loro
1307 2136 1535 2190 oppinione
1563 2137 1597 2190 jl
1631 2136 1800 2178 Canisio
1813 2138 1841 2187 7,

80 2198 113 2251 jl
156 2197 283 2250 quale
323 2211 484 2239 ancora
528 2198 650 2240 ch’io
692 2199 757 2240 616
798 2202 916 2241 certo
951 2199 1028 2241 che
1061 2200 1175 2242 della
1207 2203 1389 2254 captura
1422 2201 1462 2242 di
1497 2201 1637 2254 questi
1669 2201 1842 2255 giouanj

83 2276 167 2304 non
199 2263 255 2303 ha
288 2263 412 2315 601116
444 2263 620 2313 61611116,
663 2263 761 2305 Non
795 2264 964 2306 dimeno
998 2265 1205 2307 crederan
1246 2266 1276 2306 il
1316 2266 1556 2316 contrario,
1600 2266 1658 2308 Et
1690 2269 1842 2319 questo

82 2327 290 2381 potrebbe
331 2327 399 2368 far
439 2328 525 2369 mal
567 2328 761 2370 arriuare
802 2329 860 2371 Et
902 2343 998 2371 esso
1040 2330 1098 2372 Et
1141 2330 1242 2372 altri
1283 2330 1325 2372 di
1358 2331 1500 2383 quella
1543 2331 1841 2385 compagnia8,

83 2392 230 2441 Questi
265 2392 418 2433 adesso
451 2392 506 2433 mi
541 2393 682 2435 danne
716 2394 856 2436 buone
888 2394 1051 2448 parole,
1092 2409 1161 2436 ma
1194 2409 1279 2437 non
1312 2410 1359 2437 so
1393 2396 1536 2448 quello
1569 2396 1765 2446 faranno,
1796 2397 1841 2450 jo

203 2553 212 2571 ¹
239 2551 440 2594 Significari
468 2552 611 2585 videtur
646 2552 740 2585 filius
776 2552 872 2586 illius
899 2552 1039 2586 comitis
1075 2553 1117 2586 de
1144 2554 1258 2587 Arran
1287 2554 1460 2597 ducisque
1487 2554 1529 2587 de
1557 2553 1840 2595 Chatelheiault,

81 2605 151 2649 qui,
179 2616 258 2638 cum
278 2604 497 2648 aliquamdiu
516 2604 672 2638 Scotiam
691 2605 855 2646 rexisset,
883 2605 925 2638 ad
945 2607 1066 2639 castra
1085 2607 1363 2650 protestantium
1390 2606 1605 2641 sedicionem
1632 2607 1840 2641 facientium

80 2658 275 2692 transierat
301 2657 521 2700 (Helles-heim
548 2658 569 2691 1.
598 2669 626 2691 6.
655 2656 779 2702 [supra
805 2670 837 2702 p.
857 2657 955 2702 268¹]
984 2659 998 2691 1
1024 2659 1094 2693 414
1120 2659 1208 2699 427;
1237 2660 1267 2692 Il
1299 2660 1364 2694 149
1392 2660 1607 2703 162—163).

200 2711 213 2731 ²
239 2710 369 2744 Petrus
395 2710 517 2744 Rieter
543 2713 578 2744 et
606 2710 793 2755 Philippus
820 2711 1048 2745 Camerarius
1075 2712 1163 2746 iuris
1190 2712 1360 2753 studiosi;
1388 2713 1469 2746 vide
1496 2724 1605 2757 supra.
1632 2724 1664 2757 p.
1693 2713 1771 2747 743.

201 2765 213 2784 ³
240 2763 395 2797 loachim
423 2763 661 2805 Camerarius,
688 2764 845 2808 Philippi
873 2766 984 2808 pater,
1012 2764 1047 2797 in
1074 2765 1312 2799 universitate
1339 2765 1499 2810 lipsiensi
1529 2765 1719 2810 (Leipzig),
1747 2778 1839 2810 quae

80 2817 237 2860 Augusti
263 2816 439 2850 Saxoniae
458 2816 622 2850 electoris
649 2817 797 2861 imperio
815 2817 978 2851 subiecta
997 2820 1084 2859 erat,
1111 2830 1262 2861 graecas
1280 2818 1484 2862 latinasque
1510 2818 1651 2853 litteras
1669 2819 1840 2859 docebam

81 2870 162 2904 vide
188 2881 297 2914 supra
324 2882 355 2914 p.
384 2870 462 2904 741.
608 2872 619 2890 ⁴
647 2870 699 2903 Ad
728 2870 830 2903 Pium
858 2870 917 2904 IV.

200 2924 213 2943 ⁵
240 2923 373 2956 Rumor
407 2922 465 2956 hic
491 2922 606 2957 falsus
640 2923 753 2956 fuisse
780 2923 939 2963 videtum
977 2935 1059 2957 nam
1087 2923 1161 2968 ipse
1190 2923 1427 2965 Camerarius,
1460 2925 1594 2958 nullam
1623 2924 1838 2959 Iesuitarum

81 2976 297 3010 mentionem
324 2975 471 3014 faciens,
500 2976 547 3009 rei
576 2976 749 3010 rationem
776 2976 881 3019 longe
908 2976 1012 3010 aliter
1037 2979 1161 3010 narrat
1189 2977 1461 3020 (Schelleornius
1486 2977 1507 3011 l.
1536 2989 1565 3011 c.
1594 2977 1626 3010 II
1656 2978 1774 3022 1—8).

199 3030 212 3048 ὃ
239 3028 327 3062 Octo
354 3028 493 3062 illorum
522 3028 767 3069 cardinalium,
796 3030 854 3072 qui
882 3040 927 3063 m.
955 3029 1155 3074 Septembri
1182 3041 1212 3065 a.
1229 3030 1318 3064 1565
1350 3031 1600 3074 „inquisitores
1626 3031 1834 3073 generales“

81 3084 192 3123 erant,
210 3082 352 3115 nomina
369 3081 451 3115 vide
470 3092 578 3125 supra
605 3093 636 3126 p.
657 3083 732 3116 101.
768 3082 821 3115 Ex
841 3094 961 3116 eorum
980 3094 1127 3117 numero
1146 3086 1224 3117 erat
1241 3083 1396 3117 Michael
1415 3083 1585 3118 Ghislieri
1605 3082 1644 3119 O.
1662 3083 1717 3118 Pr.
1742 3096 1837 3127 „car-

81 3133 209 3168 dinalis
235 3134 536 3171 Alexandrinus&
565 3135 624 3178 qui
652 3135 756 3179 paulo
783 3138 863 3179 post
890 3135 1033 3169 futurus
1060 3138 1136 3169 erat
1165 3136 1349 3179 (Sanctus)
1378 3136 1464 3170 Pius
1484 3136 1525 3170 V.
1553 3147 1654 3180 papa.

200 3188 212 3207 ⁷
239 3186 292 3220 Cf.
319 3198 427 3231 supra
454 3199 486 3231 p.
515 3187 712 3222 743—745.
859 3189 871 3207 s
898 3188 950 3222 Cf.
978 3200 1085 3233 supra
1113 3201 1144 3233 p.
1173 3189 1369 3223 746—747.
