2045 3471
228 204 313 245 478
748 198 848 234 1444.
877 197 1059 233 Oliverius
1084 198 1277 232 Manareus
1304 196 1457 232 Canisio.

229 320 418 362 affirmet
449 332 496 360 se
528 317 658 360 nimio
688 318 837 360 labore
856 352 864 360 .
884 331 934 359 ac
965 317 1009 359 in
1032 316 1243 360 studendo
1266 330 1344 370 pro
1367 315 1455 357 suis
1476 314 1734 357 lectionibus
1756 314 1987 357 vehemen-

227 385 338 428 tiore
371 382 647 426 contentione
666 419 675 427 .
695 383 762 437 jta
794 382 928 424 fuisse
950 381 1114 424 viribus
1138 381 1293 436 capitis
1326 383 1369 422 et
1401 379 1537 423 totius
1570 379 1762 433 corporis
1794 382 1988 433 prostra-

228 453 333 492 tum.
386 448 470 490 Hic
499 461 671 502 semper
700 447 784 491 fuit
816 448 1000 497 auditor,
1034 446 1070 489 si
1102 446 1273 500 quando
1306 445 1482 488 studere
1513 444 1669 498 potuit,
1703 444 1808 486 Post
1829 444 1989 486 multas

230 512 602 568 peregrinationes
642 526 720 567 per
759 515 910 555 nostra
951 511 1135 564 collegia
1168 510 1282 553 aeris
1323 509 1518 552 mutandi
1560 522 1714 558 causa,
1755 507 1838 549 nisi
1878 522 1990 550 nunc

232 577 300 620 vbi
336 578 529 632 jncoepit
570 577 679 619 alios
710 577 810 619 vixa
832 575 893 631 [P]
937 576 1128 618 nonnihil
1161 588 1380 617 exercere.
1444 574 1571 616 Alter
1603 573 1769 615 scilicet
1799 573 1991 615 Joannes

228 643 348 685 halet
379 646 608 697 postquam
630 642 797 697 pariter
819 645 1025 695 expertus
1048 644 1165 683 esset
1187 641 1240 682 ad
1265 642 1452 692 quatuor
1474 651 1657 688 menses,
1691 637 1823 680 etiam
1845 651 1990 690 gram-

230 708 416 750 maticae
439 708 611 750 auditor
632 708 744 749 hunc
767 721 924 757 aerem,
958 705 1070 748 nonb
1093 719 1187 747 esse
1210 705 1290 746 sibi
1313 704 1528 746 salubrem
1552 703 1604 745 ad
1629 706 1773 745 aerem
1796 702 1989 745 natiuum

229 773 394 815 scilicet
425 773 679 815 flandricum
720 776 764 815 et
797 771 968 825 quidem
1001 771 1054 813 ad
1087 772 1292 824 parentes
1323 768 1466 823 redigit,
1510 768 1645 809 donec
1677 767 1990 820 aliquantulum

230 841 452 882 recreatus
492 837 635 892 potuit
674 837 836 880 nostris
877 835 1238 879 turnacensibusl
1280 834 1441 887 aliquid
1484 833 1612 886 officij
1659 835 1919 887 praestare.
1945 834 1993 874 vt

229 918 313 946 non
336 904 507 946 videam
540 916 623 956 quo
655 902 783 945 titulo
807 902 1039 943 debeamus
1063 901 1289 953 quicquam
1322 913 1400 953 pro
1433 898 1585 940 horum
1619 898 1797 939 duorum
1821 896 1993 939 viaticis

231 970 398 1011 soluere
423 1003 431 1011 .
456 968 491 1010 si
523 967 784 1010 seruandum
818 966 900 1008 erit
933 966 1168 1009 decretum.
1232 964 1306 1007 Cui
1341 964 1475 1006 bonoc
1507 964 1619 1005 eto.2

349 1033 506 1075 Missus
539 1035 606 1075 est
638 1035 866 1086 praeterea
890 1031 1174 1085 OEniponto3
1195 1030 1247 1072 D.
1272 1029 1493 1071 Emondus
1516 1029 1668 1081 Hayus
1701 1041 1795 1069 cum
1829 1027 1993 1069 duobus

232 1098 406 1153 nouitijs
439 1100 483 1140 et
506 1097 687 1139 Nicolao
711 1096 938 1139 Leodiensi
967 1097 1014 1150 jn
1046 1095 1286 1138 ministerio
1319 1095 1563 1136 scholarum
1593 1092 1849 1146 jnferiorum
1872 1091 1993 1133 nobis

232 1163 627 1217 vtili.scripsitque
649 1164 799 1204 vestra
820 1162 871 1204 R.
906 1161 1074 1203 misisse
1107 1161 1291 1203 alterum
1326 1173 1380 1200 ex
1412 1158 1588 1212 nouitijs
1610 1157 1780 1199 nomine
1803 1156 1994 1199 Christo·

233 1230 414 1283 phorum
457 1227 529 1281 qui
569 1242 682 1269 nunc
717 1227 879 1269 Romae
912 1226 1005 1279 agit
1044 1225 1144 1279 quia
1180 1224 1476 1279 jnfestabatur
1509 1237 1534 1265 a
1566 1222 1654 1264 suis
1686 1225 1778 1264 tum
1812 1221 1994 1263 dominis

233 1297 325 1337 tum
366 1293 618 1348 parentibus
659 1292 835 1334 nimium
878 1291 1029 1333 vicinis
1042 1292 1071 1334 4.
1142 1291 1267 1331 Hunc
1308 1288 1569 1343 nouitiorum
1612 1286 1994 1329 exercitationibus

235 1359 288 1401 ad
336 1359 501 1412 aliquot
547 1371 717 1399 menses
765 1357 1057 1407 exercuimus,
1105 1355 1283 1397 tandem
1327 1354 1555 1395 Billomum
1604 1351 1805 1395 studendi
1852 1351 1995 1404 gratia

236 1423 427 1465 misimus
441 1425 468 1466 5.
533 1424 591 1465 Et
627 1423 749 1476 jllinc
791 1436 885 1464 cum
919 1421 1027 1464 satis
1065 1421 1112 1475 jn
1144 1418 1428 1461 humaniorib.
1462 1417 1600 1460 literis
1633 1416 1899 1458 exercitatus
1930 1415 1995 1456 vi-

236 1489 409 1531 deretur
442 1489 636 1530 Romam.
691 1487 831 1537 Quare
864 1487 1040 1528 obsecro
1073 1485 1263 1538 exigitur
1296 1498 1321 1526 a
1352 1483 1476 1525 nobis
1508 1482 1712 1524 viaticum
1746 1481 1837 1523 eius
1869 1494 1994 1534 quem

234 1553 357 1595 vobis
389 1554 457 1595 hic
479 1553 747 1603 vestiuimus,
782 1552 978 1602 aluimus,
1012 1549 1396 1593 exercitationibus
1419 1547 1680 1590 nouitiorum
1707 1549 1750 1589 et
1771 1546 1995 1589 literarum

236 1619 367 1672 probe
405 1618 674 1672 jnstituimus
706 1620 756 1659 vt
788 1617 910 1658 vobis
952 1615 1182 1669 aliquando
1216 1614 1273 1656 sit
1314 1613 1542 1668 perutilis?
1583 1614 1754 1655 tantum
1792 1611 1916 1653 abest
1948 1613 1997 1652 vt

231 1684 416 1737 judicem
449 1697 527 1725 vos
555 1684 652 1737 jure
683 1682 726 1724 id
758 1695 885 1736 posse
918 1681 1094 1734 exigere
1119 1716 1126 1724 .
1151 1683 1200 1722 vt
1232 1679 1477 1722 existimem
1509 1680 1701 1719 vestram
1724 1675 1996 1718 Prouinciam

237 1749 473 1801 obligatam
497 1762 618 1790 esse.
638 1748 693 1789 ad
721 1747 991 1789 restituenda
1013 1746 1176 1788 viatica
1200 1780 1207 1788 .
1228 1744 1293 1798 ι1111
1327 1744 1430 1786 data
1452 1745 1501 1785 vt
1532 1742 1630 1784 hinc
1660 1742 1744 1783 iret
1767 1741 1996 1782 Billomum

237 1817 280 1857 et
309 1814 428 1869 jllinc
450 1814 646 1855 Romam.
701 1812 819 1861 Quae
852 1811 1084 1853 conficiunt
1106 1814 1154 1852 vt
1187 1809 1374 1851 arbitror
1403 1821 1615 1850 summam
1648 1807 1900 1848 ducatorum
1926 1807 1992 1847 12.

236 1879 351 1922 Nam
393 1879 501 1921 satis
543 1892 637 1919 esse
670 1877 792 1918 vobis
834 1877 961 1918 debet
1003 1876 1115 1928 quod
1156 1875 1297 1916 locum
1339 1873 1518 1915 alicuius
1556 1871 1736 1914 alterius
1769 1869 1997 1924 occupauit

237 1959 362 1998 quem
395 1943 588 1997 recipere
620 1942 909 1997 potuissemus
942 1941 1165 1983 nouitium.

354 2009 480 2051 Alter
522 2010 617 2049 erat
658 2021 819 2060 coquus
861 2020 967 2060 puer
1007 2005 1191 2059 anglus6
1222 2003 1425 2045 Nouitius
1467 2003 1594 2056 plane
1627 2016 1677 2043 ac
1713 2001 1761 2054 jn
1789 2000 1994 2054 jnstituto

233 2078 383 2117 nostro
423 2074 551 2127 plane
592 2072 709 2114 rudis
734 2107 742 2115 .
767 2073 878 2113 hunc
918 2073 1018 2125 post
1059 2070 1225 2123 aliquot
1264 2067 1557 2110 hebdomadas
1600 2066 1711 2119 quod
1750 2065 1995 2106 videremus

233 2140 336 2182 nihil
369 2139 568 2180 idoneum
592 2138 647 2180 ad
668 2140 862 2179 nostram
885 2136 1138 2178 societatem
1173 2137 1217 2176 et
1238 2133 1305 2175 hic
1327 2135 1377 2175 vt
1398 2133 1442 2174 in
1467 2131 1697 2174 Germania
1719 2129 1992 2173 tentationib.

351 2223 377 2246 a)
401 2220 556 2245 Obscurius
575 2219 724 2250 scriptzmz.
797 2216 826 2248 b)
848 2217 985 2248 Sequitur
1003 2216 1169 2246 recreatus,
1190 2216 1278 2239 oblitt.
1352 2214 1378 2246 c)
1401 2215 1436 2238 In
1456 2222 1502 2245 ap.
1525 2215 1682 2237 correctam
1703 2220 1739 2236 ea:
1758 2210 1876 2236 bonam.

355 2337 365 2357 ¹
392 2337 504 2370 Sociis
531 2335 670 2379 collegii
696 2334 919 2369 tornacensis
940 2332 1140 2376 (Tournai).

353 2390 365 2409 ‘²
392 2390 430 2424 P.
459 2391 699 2432 Hieronymus
725 2388 866 2421 Natalis
901 2386 1092 2420 Societatis
1126 2396 1188 2429 per
1225 2382 1455 2418 Germaniam
1488 2384 1524 2415 et
1559 2380 1715 2415 Galliam
1741 2378 1907 2412 visitator
1941 2377 1993 2412 sic

235 2442 439 2477 constituit:
471 2442 637 2485 „Quando
663 2441 855 2475 mittuntur
881 2440 993 2473 nostri
1021 2438 1065 2472 ad
1090 2437 1180 2472 alias
1204 2436 1418 2481 prouincias,
1447 2434 1526 2478 quis
1543 2434 1591 2467 sit
1608 2433 1791 2467 soluturus
1809 2431 1991 2476 viaticum,

234 2497 269 2530 id
304 2496 469 2541 pendebit
504 2508 548 2529 ex
583 2494 730 2529 arbitrio
765 2492 1001 2527 commissarii
1036 2491 1092 2525 vel
1131 2489 1309 2534 generalis
1335 2487 1547 2533 praepositi;
1586 2488 1767 2520 ettamen
1792 2484 1898 2518 facile
1925 2484 1992 2517 erit

234 2550 328 2583 inter
362 2560 400 2583 se
436 2548 623 2582 conuenire
658 2546 908 2592 prouinciales.
958 2545 1049 2579 Nam
1081 2544 1137 2578 cui
1163 2544 1253 2577 bono
1279 2542 1328 2576 sit
1354 2543 1409 2575 est
1434 2538 1730 2585 prospiciendum,
1758 2540 1794 2571 et
1819 2537 1849 2571 si
1875 2536 1992 2571 neutri

234 2602 439 2647 prouinciae
473 2602 531 2636 vel
566 2600 654 2635 nulli
690 2600 839 2643 collegio
875 2600 971 2633 esset
996 2599 1097 2637 bono,
1134 2596 1368 2631 communiter
1394 2594 1438 2628 ab
1464 2595 1616 2636 vtraque
1642 2590 1825 2636 prouincia
1850 2590 1993 2623 uidetur

235 2656 487 2689 conferendum
522 2654 713 2688 viaticum“
756 2653 859 2697 (Epp.
895 2653 1015 2685 Nadal
1050 2651 1099 2684 IV
1135 2649 1231 2692 558).
1282 2648 1329 2682 Et
1362 2647 1518 2681 secunda
1556 2646 1785 2688 Congreyatio
1817 2644 1991 2688 yeneralis

236 2708 423 2742 Societatis
450 2720 480 2742 a.
511 2708 598 2741 1565
626 2706 785 2740 decrevit
815 2706 924 2749 (decr.
943 2704 1017 2747 82),
1043 2706 1083 2737 ut
1108 2701 1397 2748 provincialibus,
1424 2697 1687 2738 commissaliis,
1713 2696 1884 2739 generali,
1910 2707 1990 2729 cum

236 2761 271 2794 in
296 2761 424 2794 itinere
459 2762 588 2801 essent,
624 2770 821 2803 „expensas
847 2758 1009 2792 facerent
1033 2756 1069 2797 ii,
1106 2755 1234 2799 quibus
1260 2755 1418 2788 futurum
1447 2754 1543 2786 esset
1567 2751 1657 2785 bono
1682 2749 1770 2783 illud
1796 2750 1882 2783 iter“
1915 2748 1991 2792 (In-

235 2816 394 2847 stinctam
421 2813 455 2847 S.
483 2813 515 2847 J.
543 2813 575 2846 Π
602 2813 698 2855 210).
750 2812 802 2845 Cf.
830 2812 938 2844 etiam
965 2810 1058 2843 infra
1084 2820 1177 2842 mon.
1204 2818 1280 2841 var.
1309 2807 1375 2849 (6).

356 2867 367 2885 3
393 2867 516 2900 Mense
543 2865 741 2909 Septembri
771 2864 861 2898 1564
890 2864 996 2908 (Can.
1023 2862 1072 2896 IV
1092 2861 1189 2903 683).

355 2920 368 2938 4
394 2919 670 2963 Christophorus
696 2917 840 2962 Neyner
866 2917 1134 2960 oeniponfflnus,
1161 2914 1216 2948 28.
1245 2911 1464 2956 Septembris
1484 2909 1574 2943 1564
1599 2909 1786 2951 Augustae
1812 2908 1847 2941 in
1874 2907 1988 2941 Socie-

236 2972 347 3004 tatem
383 2972 561 3005 admissus
590 2972 695 3014 (Can.
722 2970 772 3003 IV
790 2970 875 3004 410³
901 2970 997 3012 692),
1035 2969 1066 3002 5.
1094 2966 1251 3001 Ianuarii
1278 2965 1368 2999 1565
1395 2962 1543 2997 Parisiis
1569 2961 1758 2995 Societatis
1792 2963 1876 2994 vota
1902 2971 1988 2993 nun-

238 3024 383 3067 cupavit
413 3025 445 3065 (ὓ
457 3026 646 3067 Cataloyns
670 3022 905 3061 monacensis,
932 3023 1085 3055 exeunte
1113 3031 1143 3054 a.
1166 3019 1255 3053 1566
1282 3018 1448 3061 scriptus.
1504 3013 1610 3057 „GSC
1638 3014 1701 3048 66“
1732 3014 1755 3047 f.
1782 3013 1895 3056 4112).

357 3076 369 3095 ⁵
395 3076 591 3118 Collegium
618 3076 846 3110 billomaeum
875 3073 1035 3118 (Billom)
1065 3072 1279 3107 Guilielmus
1305 3082 1325 3104 a
1351 3070 1459 3103 Prato
1487 3068 1673 3112 episcopus
1701 3066 1988 3100 claramontanus

243 3126 452 3170 (Clermont)
483 3128 651 3162 societati
678 3129 894 3162 fundaverat
923 3127 1146 3170 (Samnium,
1173 3125 1266 3158 Hist.
1295 3123 1328 3157 S.
1347 3123 1379 3156 J.
1399 3122 1442 3162 II,
1468 3120 1490 3154 1.
1519 3120 1550 3161 3,
1577 3131 1610 3153 n.
1638 3120 1701 3159 653
1729 3119 1751 3153 l.
1779 3120 1810 3160 5,
1836 3130 1869 3152 n.
1891 3118 1985 3158 191).

359 3180 371 3199 θ
396 3180 545 3213 Nomine
572 3181 746 3219 Thomas3
773 3193 807 3214 v.
829 3182 915 3214 Can.
944 3179 991 3212 IV
1012 3179 1078 3213 683
1107 3178 1185 3212 692.
