2045 3471
186 211 271 251 744
360 208 454 242 Mon.
475 208 542 242 813
569 207 647 242 sive
672 207 711 242 it.
734 206 823 251 (20).
862 208 893 241 A
911 207 1002 241 med.
1022 207 1098 243 fere
1115 218 1162 242 m.
1176 207 1277 241 Iunio
1296 206 1339 240 ad
1360 206 1452 240 med.
1470 206 1546 240 fere
1564 217 1610 240 m.
1625 206 1719 250 Aug.
1738 206 1839 241 1565.

183 326 302 381 prius
334 325 510 368 licentia
542 339 567 367 a
599 325 828 368 Cardinale
861 326 913 368 de
934 326 1026 368 Ara
1052 325 1210 374 Coeli¹‚
1245 324 1316 377 qui
1348 324 1577 366 Protector
1608 323 1810 367 Nationis
1844 324 1952 366 Ger-

182 390 380 434 manicae
410 390 729 441 nominabatur,
761 390 805 432 in
838 391 1010 433 domum
1041 391 1174 440 illam,
1207 388 1480 442 Inquisitioni
1512 391 1557 431 et
1588 389 1795 431 custodiis
1817 389 1950 432 desti-

182 458 346 505 natam,
379 455 512 497 venit.
565 455 634 496 Ad
667 469 794 508 quem
827 469 923 497 cum
955 455 1194 497 accersitus
1217 468 1357 496 essem
1378 453 1421 495 in
1454 453 1673 507 peculiare
1695 453 1950 505 cubiculum,

183 519 351 574 prolixo
394 519 585 570 exordio,
628 520 783 562 Latino
825 534 1023 562 sermone
1063 534 1178 569 116116,
1222 518 1380 573 ajebat,
1423 531 1470 559 se
1512 519 1564 560 ob
1606 518 1951 572 conjunctionem

187 583 472 627 Germanicae
505 584 707 635 nationis,
742 599 797 627 ex
829 598 914 638 qua
946 587 991 627 et
1023 585 1116 639 ipse
1148 584 1354 626 oriundus
1386 585 1516 632 esset,
1550 597 1708 637 magno
1730 583 1879 625 labore
1907 586 1952 626 et

184 649 362 692 summis
393 649 607 704 precibus,
635 663 661 691 a
683 649 982 692 Cardinalibus
1005 648 1276 702 Inquisitioni
1300 647 1548 702 praefectis,
1581 647 1656 690 vix
1678 648 1950 702 impetrasse,

184 718 232 757 ut
265 714 408 757 aditus
431 714 486 756 ad
518 728 595 756 nos
617 715 852 768 permissus
875 714 955 756 sibi
979 717 1095 756 esset
1107 717 1135 764 2,
1170 712 1431 767 posthabitis
1455 712 1642 766 negotiis
1663 712 1950 766 gravioribus,

185 793 253 822 me
284 779 510 822 visitatum
543 779 736 829 venisse,
780 782 829 821 ut
869 793 991 822 suam
1034 793 1210 833 operam
1253 780 1297 820 et
1338 777 1527 820 studium
1569 791 1695 819 omne
1734 777 1778 818 in
1814 777 1952 820 tantis

185 844 388 899 periculis
421 844 544 886 nobis
567 844 771 886 deferret.
825 844 1010 897 Aliaque
1042 845 1169 898 plura
1201 842 1370 885 mellita
1391 843 1526 884 verba
1558 842 1802 896 adjiciebat,
1837 842 1953 895 (erat

185 909 295 952 enim
329 909 505 951 volubili
540 909 593 951 ad
627 909 905 962 garriendum
938 908 1087 961 lingua
1119 907 1361 962 praeditus)
1394 921 1504 960 quae
1538 910 1585 950 ut
1626 906 1730 948 mihi
1766 907 1952 949 molesta

185 974 336 1016 auditu
368 977 470 1016 tunc
503 976 649 1016 erant:
682 974 745 1016 ita
778 973 966 1015 scribere
988 974 1124 1016 veluti
1153 972 1387 1026 nugatoria
1408 975 1452 1014 et
1484 972 1628 1015 futilia
1658 971 1950 1014 necessarium

184 1053 270 1081 non
303 1039 424 1082 duco.
478 1039 669 1081 Tandem
704 1038 937 1080 admiranti
968 1038 1132 1089 similis,
1166 1038 1483 1088 sciscitabatur,
1518 1037 1729 1090 quomodo
1762 1037 1805 1078 in
1837 1036 1951 1078 hunc

186 1103 487 1146 calamitosum
528 1104 668 1146 locum
711 1104 1066 1145 devenissemus?
1121 1103 1260 1155 qualis
1304 1102 1510 1145 tractatio
1555 1104 1672 1144 esset
1714 1101 1757 1143 in
1798 1101 1952 1144 victu?

187 1168 338 1222 ecquid
372 1167 541 1221 aliqua³
573 1182 620 1210 re
652 1182 759 1222 opus
791 1168 1027 1210 haberem?

307 1233 401 1286 Ego
445 1247 549 1274 sane
592 1233 673 1276 etsi
715 1247 771 1274 ex
807 1233 994 1283 vestitu,
1048 1233 1169 1286 cujus
1211 1234 1357 1274 sectae
1399 1234 1537 1282 esset,
1579 1230 1707 1272 facile
1749 1231 1952 1284 colligere

187 1299 404 1351 poteram,
448 1300 595 1340 tamen
635 1297 769 1339 libere
810 1297 872 1339 illi
914 1297 1077 1347 omnia,
1121 1297 1333 1350 quomodo
1375 1298 1501 1348 gesta
1538 1298 1696 1343 essent,
1738 1295 1950 1346 recensui,

187 1365 340 1416 petens
382 1365 430 1405 ut
476 1376 522 1404 re
569 1363 664 1416 ipsa
712 1362 963 1404 ostenderet
1003 1362 1067 1413 id,
1117 1362 1230 1415 quod
1271 1361 1396 1403 modo
1444 1360 1763 1403 humanissimis
1806 1360 1951 1402 verbis

187 1430 342 1481 sponte
373 1427 644 1481 promiserat.
707 1427 778 1468 Me
811 1427 923 1469 enim
957 1441 1053 1469 esse
1081 1428 1171 1481 jam
1205 1427 1319 1481 apud
1353 1429 1541 1476 exteros,
1584 1429 1628 1468 et
1668 1424 1784 1467 omni
1823 1439 1949 1479 prae-

188 1492 295 1534 sidio
327 1492 515 1535 humano
558 1493 827 1543 destitutum,
871 1506 1111 1546 nomenque
1153 1492 1289 1546 ipsius
1326 1491 1548 1545 inquisivi;
1591 1494 1639 1533 ut
1679 1490 1805 1544 hujus
1845 1504 1951 1532 suae

188 1557 519 1600 benevolentiae
560 1557 811 1599 memoriam
855 1571 1114 1599 conservare
1159 1570 1330 1611 possem
1371 1559 1640 1610 perpetuam.
1712 1555 1952 1597 Nominant

188 1635 269 1672 me,
311 1623 532 1676 paululum
566 1622 804 1671 subridens,
846 1622 999 1676 inquit,
1043 1623 1232 1672 Petrum,
1276 1624 1321 1663 et
1361 1635 1463 1663 mox
1504 1621 1559 1663 ad
1591 1621 1677 1663 alia
1709 1620 1950 1662 orationem

189 1686 389 1738 deflexit,
435 1687 752 1740 admonereque
797 1700 864 1728 me
910 1687 1073 1740 coepit,
1116 1688 1165 1728 ut
1208 1686 1252 1727 in
1297 1685 1486 1727 animum
1532 1699 1672 1727 meum
1719 1684 1952 1737 diligenter

188 1751 448 1801 inducerem,
492 1766 574 1805 quo
615 1752 658 1793 in
700 1752 793 1794 loco
827 1766 1042 1801 versarer,
1086 1765 1217 1804 seque
1249 1750 1397 1792 mirari
1430 1750 1538 1792 satis
1569 1764 1655 1791 non
1686 1763 1827 1804 posse,
1868 1763 1951 1802 quo

190 1816 411 1870 proposito
452 1819 543 1859 tam
584 1817 822 1859 horrendos
864 1819 908 1859 et
945 1817 1034 1870 jam
1076 1816 1242 1870 pridem
1276 1816 1479 1869 explosos
1511 1829 1694 1866 errores,
1729 1814 1953 1856 confessus

192 1895 345 1924 essem.

307 1946 375 1988 Ad
416 1960 626 1988 summam
669 1947 850 1989 eandem
891 1947 964 1988 ille
1005 1947 1291 1995 cantilenam,
1335 1959 1463 1998 quam
1504 1944 1680 1998 reliqui;
1722 1944 1826 1987 licet
1867 1944 1952 1985 alio

188 2013 437 2065 praetextu,
481 2013 525 2053 et
564 2011 764 2066 politiore
805 2011 1110 2064 ornatioreque
1142 2024 1341 2053 sermone
1355 2011 1383 2061 3,
1427 2009 1665 2052 occinebat.
1732 2008 1953 2063 Respondi

190 2078 335 2118 autem
366 2076 429 2118 illi
461 2076 611 2118 eodem
643 2076 783 2127 modo,
827 2076 940 2119 siout
972 2078 1017 2118 et
1049 2078 1180 2118 antea
1213 2075 1394 2130 exposui
1406 2076 1434 2124 4,
1471 2075 1633 2116 Verum
1666 2088 1762 2116 cum
1793 2074 1952 2116 iterum

189 2141 480 2183 blandissimis
511 2141 669 2192 verbis,
711 2156 834 2183 suam
867 2155 1043 2196 operam
1076 2140 1280 2191 deferret,
1323 2140 1426 2182 licet
1466 2139 1529 2181 illi
1560 2153 1646 2181 non
1677 2140 1865 2189 fiderem,
1908 2141 1954 2180 et

190 2205 296 2247 dicis
328 2205 474 2259 gratia
505 2206 648 2248 omnia
680 2207 733 2248 ab
765 2206 838 2248 illo
881 2206 972 2248 fieri
1005 2220 1091 2248 non
1123 2206 1304 2248 obscure
1344 2204 1632 2258 intelligerem
1666 2203 1803 2258 (coepi
1839 2203 1949 2245 enim

190 2270 406 2313 recordari
429 2285 496 2312 me
519 2284 615 2313 eum
637 2270 680 2312 in
704 2271 915 2324 colloquio
934 2270 1249 2313 Wormaciensi
1271 2270 1396 2311 Anno
1424 2270 1548 2312 1557.
1583 2269 1754 2323 saepius
1777 2268 1951 2318 vidisse,

308 2366 335 2394 a)
358 2362 477 2395 aliaqua
497 2364 704 2394 typoyraphns.

315 2499 322 2517 ¹
351 2497 534 2531 Clemente
557 2497 700 2537 Dolera,
727 2497 768 2531 O.
788 2498 873 2532 Min.
893 2497 989 2539 Obs„
1016 2498 1227 2542 presbytero
1255 2496 1428 2531 cardinali
1453 2496 1551 2530 tituli
1579 2495 1612 2530 S.
1633 2496 1767 2529 Mariae
1794 2495 1837 2529 de
1864 2496 1950 2529 Ara-

193 2549 292 2589 coeli,
319 2551 530 2594 inquisitore
556 2551 715 2594 generali
742 2551 777 2584 in
797 2551 893 2585 Urbe
920 2552 985 2585 etc.
1017 2550 1420 2593 (ciaconius-Oldoinus
1445 2549 1467 2583 1.
1488 2561 1517 2583 c.
1545 2549 1694 2583 111860.
1734 2549 1954 2591 Waddinyus

193 2602 215 2636 1.
243 2614 272 2636 c.
299 2602 422 2648 [supra
457 2616 490 2648 p.
517 2603 592 2647 96⁴]
619 2604 692 2647 63).
744 2604 799 2645 IS,
834 2615 916 2638 cum
942 2603 1135 2638 cardinalis
1161 2603 1380 2644 Truchsess,
1414 2602 1642 2646 germanicae
1677 2601 1832 2635 nationis
1858 2601 1952 2645 apud

194 2655 313 2689 sedem
349 2656 584 2700 apostolicam
615 2658 849 2702 „protector“‚
886 2657 973 2691 urbe
1008 2656 1161 2698 abesset,
1198 2656 1275 2690 eius
1308 2655 1385 2689 loco
1424 2655 1720 2699 „protectione1n“
1761 2654 1858 2687 illam
1894 2653 1954 2687 ad-

195 2708 400 2742 ministrare
426 2710 566 2743 solebat
593 2711 790 2754 (Sclewarz,
819 2710 939 2744 Briefe
965 2722 999 2743 u.
1017 2710 1134 2743 Acten
1161 2709 1175 2742 I
1202 2709 1275 2751 56).

312 2762 324 2781 ²
350 2762 451 2802 Vide,
479 2774 569 2806 quae
595 2763 661 2797 sub
687 2763 802 2808 ipsam
828 2763 922 2797 hanc
947 2763 1190 2796 narrationem
1217 2762 1390 2796 dicentui.

315 2815 327 2833 ³
357 2814 443 2855 ⁷‚Mit
467 2815 677 2849 zierlichern
704 2816 775 2849 und
802 2815 1123 2859 gleissnerischern
1141 2815 1335 2849 Worteffl:
1362 2815 1493 2847 Kanne
1517 2813 1540 2847 1.
1568 2825 1596 2847 c.
1624 2813 1678 2847 31.

316 2870 325 2885 ⁴
356 2867 452 2901 Haec
477 2868 668 2913 praecipue
693 2869 852 2903 dixerat:
880 2869 982 2903 Nolle
1008 2880 1047 2903 se
1073 2880 1153 2902 cum
1172 2867 1349 2911 theologis
1368 2867 1571 2911 disputa1·e;
1597 2878 1646 2907 se,
1673 2877 1763 2910 quae
1789 2866 1824 2899 in
1843 2865 1953 2909 scrip-

196 2918 244 2952 tis
269 2919 486 2963 propheticis
512 2923 548 2954 et
572 2921 780 2965 apostolicis
799 2924 928 2963 essent,
956 2922 1007 2955 ita
1025 2923 1064 2955 ut
1083 2933 1114 2955 a.
1131 2921 1222 2955 1530
1247 2921 1283 2954 in
1306 2920 1558 2962 „confessione
1577 2919 1809 2962 Augustana‘
1832 2920 1955 2952 essent

197 2971 389 3014 proposita,
426 2973 581 3007 credere.
631 2973 729 3007 Nihil
756 2974 840 3008 mali
866 2986 887 3008 a
913 2986 951 3008 se
978 2985 1057 3008 esse
1084 2976 1350 3019 perpetratum;
1386 2973 1507 3016 itaque
1533 2983 1638 3017 posse
1675 2983 1713 3005 se
1740 2970 1953 3015 privilegiis,

198 3034 289 3065 quae
315 3023 609 3059 universitatibus
637 3038 657 3059 a
682 3026 910 3070 pontificibus
937 3030 972 3060 et
998 3026 1273 3071 imperatoribus
1291 3036 1463 3059 concessa
1481 3027 1612 3066 essent,
1636 3024 1708 3064 uti;
1736 3024 1786 3057 ita
1812 3024 1847 3056 in
1867 3022 1953 3057 Ger-

198 3074 336 3108 maniae
371 3076 667 3111 universitatibus
701 3078 823 3119 Italos,
863 3079 1052 3112 dummodo
1082 3079 1237 3122 „absque
1271 3089 1365 3112 noxa
1403 3080 1438 3112 et
1473 3077 1661 3111 scandalo“
1701 3087 1739 3110 se
1774 3077 1953 3119 gererent,

199 3127 342 3160 minime
370 3130 511 3169 vexari;
547 3140 586 3162 se
620 3130 656 3163 in
691 3131 846 3165 ecclesia
872 3132 1149 3175 protestantium
1185 3134 1221 3165 et
1246 3134 1369 3165 natum
1405 3133 1440 3164 et
1466 3129 1687 3175 baptizatum
1713 3140 1792 3163 esse
1819 3128 1952 3171 (Schel—

199 3179 349 3212 horm’ns
374 3179 396 3213 1.
424 3191 451 3213 c.
482 3181 628 3215 10—11.
664 3183 794 3216 Kanne
820 3183 841 3216 l.
870 3195 898 3217 c.
927 3184 1093 3226 26—27).
