2077 3461
264 228 433 258 XXXVIII
808 226 850 260 IL
878 226 1101 260 Prooemium
1128 225 1319 260 voluminis
1346 225 1472 270 quinti.

263 346 405 384 vinum;
439 355 538 377 soror
573 345 691 377 autem
727 355 806 377 cuin
841 343 978 383 marito,
1011 343 1107 377 lauto
1143 343 1306 376 convivio
1342 343 1595 385 magistratum
1622 343 1781 387 excepit;
1815 341 1880 376 sub
1907 341 2013 375 finem

263 408 416 435 mensae,
443 396 618 440 insignem
646 396 769 430 habuit
796 396 961 430 Canisius
986 396 1029 429 ad
1056 397 1308 438 magistratum
1336 395 1632 429 exhortationem.
1681 395 1760 429 Alio
1786 395 1842 429 die
1871 394 2016 428 invitati

266 450 409 484 fuerunt
434 460 555 483 omnes
581 449 781 493 superiores
807 461 886 483 eum
912 449 1019 483 sociis
1038 448 1121 482 cleri
1140 451 1212 481 tam
1232 447 1416 490 regulares
1435 459 1542 491 quam
1561 447 1753 481 seculares.
1773 475 1780 481 .
1801 474 1807 481 .
1827 474 1835 481 .
1865 447 2014 481 invitati

264 503 371 536 etiam
397 502 585 545 aliquoties
611 513 631 535 a
657 513 776 536 sorore
802 502 946 535 fuerunt
971 512 1092 535 omnes
1118 500 1233 541 amici,
1260 511 1348 543 quos
1373 502 1552 544 postremo
1579 500 1644 540 die,
1675 511 1743 543 quo
1768 500 1887 534 vocati
1914 501 2015 533 erant

264 555 307 589 ad
340 554 536 599 prandium,
572 555 677 588 iussit
704 555 742 589 P.
769 554 933 589 Canisius
968 554 1112 593 moneri,
1151 556 1191 586 ut
1222 554 1437 597 tempestive
1463 553 1645 593 venirent,
1682 553 1811 587 habere
1838 553 1930 586 enim
1965 564 2014 593 se,

264 609 357 652 quod
383 619 461 641 cum
489 607 560 641 illis
584 609 775 647 tractaret,
803 607 863 651 qui
890 610 926 640 et
950 609 1162 651 paruerunt;
1189 606 1310 649 itaque
1336 606 1498 648 singulos
1522 607 1671 639 maritos
1696 617 1775 639 cum
1802 606 1876 639 suis
1898 606 2015 639 uxori-

264 661 330 694 bus
355 660 502 694 seorsim
529 660 630 694 binos
657 672 698 694 ac
723 660 824 694 binos
850 660 884 693 in
912 659 1080 693 conclave
1106 658 1252 698 inducit,
1284 658 1481 692 efficaciter
1506 670 1565 692 eos
1591 658 1755 692 hortatur
1779 658 1822 691 ad
1854 660 2014 692 constan-

262 714 348 747 tiam
384 714 420 747 in
453 713 639 747 retinenda
664 713 732 746 fide
759 712 945 753 catholica,
975 739 980 745 .
1002 739 1035 745 ..
1063 711 1268 755 singulique
1302 711 1477 755 porrectis
1503 711 1662 745 dexteris
1687 711 1952 755 spoponderunt
1975 721 2015 744 se

264 778 343 801 cum
378 767 453 800 suis
487 766 591 800 fidem
625 766 799 799 maiorum
831 766 1034 799 constanter
1059 764 1302 804 retenturos“;
1340 763 1465 798 deinde
1495 764 1606 806 „idem
1643 764 1766 797 eodem
1797 764 1899 797 modo
1934 774 2014 796 cum

263 820 420 864 ipsorum
445 818 575 860 liberis,
602 818 694 852 binis
719 817 832 852 solum
860 817 1007 851 seorsim
1034 816 1183 857 vocatis,
1219 816 1356 859 egit...
1378 843 1384 850 .
1428 815 1719 860 Quandoquidem
1748 818 1867 850 autem
1901 815 2014 859 primo

264 872 372 906 etiam
407 872 564 905 adventu
596 882 659 904 suo
692 872 878 904 monuerat
904 881 942 903 se
976 871 1059 913 post
1083 881 1214 903 nonum
1241 869 1332 903 diem
1361 869 1563 903 necessario
1594 869 1844 909 discessurum,
1880 869 2015 902 essent<

263 936 331 968 que
366 924 502 968 aliquot
534 935 673 957 sorores
708 935 748 956 ac
783 923 928 963 sororii,
968 923 1027 966 qui
1062 923 1317 956 contenderent
1351 921 1502 965 singuli,
1542 924 1582 956 ut
1615 922 1709 966 apud
1743 922 1840 966 ipsos
1875 932 2015 964 quoque

263 978 462 1022 pranderet,
492 979 528 1010 et
553 976 701 1020 quilibet
729 987 849 1009 eorum
876 976 911 1009 in
937 987 977 1009 eo
1003 986 1041 1009 se
1068 975 1215 1019 reliquis
1241 975 1413 1019 praeferri
1440 974 1561 1016 vellet,
1588 974 1752 1008 Canisius
1778 974 1846 1008 hac
1878 974 2014 1007 ratione

264 1030 523 1064 contentionem
550 1029 747 1073 componit:
782 1029 881 1062 iubet
913 1028 1085 1071 singulos,
1121 1040 1212 1072 quae
1247 1028 1314 1061 sibi
1342 1027 1476 1061 vellent
1507 1039 1695 1072 apponere,
1731 1027 1869 1061 deferre
1895 1026 2014 1060 omnia

264 1083 307 1117 ad
333 1094 527 1127 pauperum
561 1082 748 1126 hospitale,
782 1081 901 1125 ibique
937 1093 1042 1125 quam
1078 1081 1213 1114 vellent
1246 1080 1572 1125 splendidissimum
1608 1080 1751 1125 epulum
1786 1081 2014 1119 instruerent,

263 1136 440 1179 simulque
458 1147 579 1169 omnes
597 1146 674 1168 sese
701 1137 967 1179 praepararent,
995 1136 1033 1168 ut
1056 1134 1185 1168 ibidem
1212 1134 1370 1168 divinum
1398 1133 1539 1178 epulum
1565 1133 1635 1178 ipsi
1660 1133 1883 1177 perciperent
1910 1134 1945 1166 et
1970 1132 2014 1166 ab

262 1189 338 1233 ipso
366 1188 645 1222 benedictionem
671 1189 892 1232 acciperent;
919 1188 1062 1228 dictum,
1089 1187 1243 1227 factum,
1272 1198 1400 1230 magno
1426 1187 1516 1220 bono
1542 1186 1722 1231 spirituali
1748 1187 1952 1226 amicorum,
1979 1188 2015 1219 et

263 1253 457 1286 pauperum
493 1242 599 1274 etiam
631 1241 821 1285 corporali,
857 1241 985 1285 quibus
1017 1240 1133 1274 onmia
1166 1240 1348 1274 esculenta
1384 1241 1420 1273 et
1454 1239 1643 1284 poculenta
1681 1241 1884 1279 cesserunt,
1923 1249 2014 1282 quae

263 1298 406 1338 peracto
441 1294 588 1338 prandio
623 1294 854 1338 supere1·ant“
896 1294 1008 1336 (663).
1068 1293 1166 1327 Haec
1202 1292 1334 1326 Hasius
1372 1293 1513 1326 rettulit
1550 1292 1592 1326 ad
1629 1292 1818 1326 Raderum.
1876 1291 1944 1325 Hic
1977 1291 2014 1324 in

264 1347 397 1381 Canisii
427 1348 502 1381 vita
529 1358 559 1381 a.
588 1347 679 1381 1614
703 1346 883 1381 Monachii
909 1347 1004 1380 edita
1034 1346 1238 1380 convivium
1265 1346 1298 1379 in
1327 1345 1589 1379 valetudinario
1615 1347 1859 1389 comparatum
1886 1343 2013 1388 amplis

263 1401 382 1434 verbis
409 1400 716 1434 commemoravit:
754 1411 845 1444 quae
875 1411 959 1433 vero
995 1401 1183 1443 acceperat
1218 1399 1260 1432 de
1296 1398 1438 1432 Canisio
1464 1410 1484 1432 a
1511 1398 1663 1432 Triestio
1699 1397 1830 1432 sororis
1865 1397 2013 1440 coniuge

263 1454 415 1498 hospitio
450 1456 600 1497 excepto
635 1455 671 1486 et
696 1453 738 1486 de
764 1455 901 1495 senatu,
937 1452 1041 1492 clero,
1076 1451 1285 1496 propinquis
1319 1451 1355 1484 in
1390 1451 1535 1484 Triestii
1570 1451 1672 1484 domo
1706 1450 1849 1484 honoris
1881 1449 2013 1484 Canisii

263 1518 369 1540 causa
398 1507 441 1540 ad
469 1506 634 1540 convivia
660 1507 833 1545 invitatis,
869 1505 1012 1539 silentio
1038 1505 1131 1538 texit
1158 1505 1271 1548 (664).
1321 1504 1423 1538 Hasii
1449 1507 1568 1537 autem
1594 1504 1747 1544 litterae,
1773 1503 1901 1547 quibus
1926 1503 2014 1537 haec

262 1560 509 1599 narrabantur,
536 1559 654 1593 nescio
673 1559 802 1603 quibus
820 1558 966 1592 latebris
985 1558 1148 1592 conditae
1165 1560 1269 1598 sunt;
1296 1557 1441 1591 ineunte
1459 1557 1602 1591 saeculo
1620 1556 1697 1590 XX.
1716 1557 1856 1590 demum
1876 1567 2014 1600 compa*

262 1615 418 1646 ruerunt.
455 1613 509 1646 Ita
535 1612 645 1655 igitur
672 1612 844 1645 Raderus.
882 1611 1094 1645 Franciscus
1113 1610 1318 1651 Sacchinns,
1346 1610 1564 1654 biographus
1589 1609 1777 1649 secundus,
1804 1621 1895 1643 anno
1924 1608 2012 1642 1616

263 1677 364 1699 suam
390 1665 598 1698 relationem
626 1677 669 1698 ex
694 1665 783 1699 libro
810 1664 940 1698 Raderi
966 1664 1130 1698 hausisse
1164 1663 1317 1704 videtur,
1354 1663 1513 1697 adhibita
1550 1663 1656 1696 etiam
1695 1661 1867 1707 epistula,
1906 1672 2011 1705 quam

264 1719 306 1753 de
332 1718 601 1760 noviomagensi
628 1718 688 1751 illa
720 1717 1006 1761 peregrinatione
1032 1716 1071 1750 P.
1098 1717 1276 1750 Hen1·icus
1302 1716 1506 1761 Dionysius,
1541 1714 1674 1750 Canisii
1700 1726 1828 1756 comes,
1865 1715 1919 1750 11.
1944 1714 2013 1748 De-

263 1772 416 1806 cembris
444 1772 532 1805 1565
568 1772 611 1804 ad
639 1771 672 1805 S.
700 1771 929 1805 Franciscum
956 1770 1124 1812 Borgiam
1150 1770 1314 1809 miserat3
1346 1769 1443 1809 haec,
1471 1771 1553 1802 ante
1580 1780 1711 1813 paucos
1737 1779 1848 1802 annos
1873 1770 1908 1801 et
1933 1768 2011 1812 ipsa

264 1837 307 1859 ex
333 1824 490 1858 tenebris
517 1827 629 1864 eruta,
656 1825 838 1868 complura
856 1823 997 1867 quidem
1015 1822 1220 1862 nonhabet,
1248 1834 1338 1865 quae
1364 1823 1400 1855 in
1418 1822 1521 1856 Hasii
1546 1822 1677 1855 litteris
1703 1822 1886 1861 dicuntur,
1914 1820 2011 1854 nulla

262 1881 383 1911 tamen
408 1878 544 1911 ratione
571 1889 650 1911 cum
669 1876 723 1910 his
742 1877 873 1910 litteris
891 1878 1046 1920 pugnat;
1074 1876 1181 1909 immo
1208 1875 1400 1919 complura,
1427 1886 1517 1919 quae
1544 1875 1677 1908 Hasius
1695 1875 1824 1919 posuit,
1850 1873 2013 1917 Dionysii

263 1931 465 1964 testimonio
491 1930 595 1975 plane
621 1930 876 1963 confirmantur
894 1929 1134 1971 (658—660):
1166 1928 1336 1971 „Senatus
1357 1929 1530 1972 quoque“,
1557 1928 1672 1972 inquit
1689 1927 1894 1971 Dionysius,
1924 1926 2012 1969 „etsi

264 1995 332 2017 non
350 1994 606 2027 usquequaque
625 1983 659 2017 in
688 1982 865 2016 catholica
891 1982 960 2015 fide
988 1982 1159 2022 sincerus,
1185 1981 1379 2015 honorifica
1410 1983 1530 2014 tamen
1556 1980 1771 2014 salutatione
1807 1982 1843 2013 et
1867 1991 2012 2013 munere

264 2036 437 2070 honorare
466 2036 551 2079 (quo
578 2036 780 2080 praeclaros
806 2034 937 2078 alioqui
964 2035 1060 2068 viros
1087 2035 1251 2078 excipere
1276 2033 1383 2077 solet)
1411 2033 1659 2067 Reverendum
1685 2033 1830 2067 Patrem
1863 2044 1932 2066 non
1959 2035 2014 2066 est

263 2089 487 2132 dedignatus.
537 2088 672 2122 Deinde
706 2089 749 2121 ad
779 2088 860 2121 fidei
887 2087 1083 2121 catholicae
1108 2087 1353 2129 integritatem
1381 2087 1630 2120 exhortantem
1655 2098 1721 2120 nec
1746 2085 1895 2120 moleste
1918 2084 2011 2123 tulit,

264 2154 328 2176 nec
363 2142 482 2185 iniquo
516 2142 632 2175 animo
659 2141 835 2175 audivit..
855 2167 862 2174 .
884 2168 890 2174 .
930 2141 968 2173 ln
994 2140 1215 2174 xenodochio
1242 2139 1366 2173 habuit
1391 2140 1593 2173 concionem
1629 2140 1673 2173 ad
1709 2150 1903 2183 pauperum
1933 2149 2012 2172 con-

263 2195 482 2235 solationem,
519 2206 606 2238 quos
632 2194 824 2228 amicorum
859 2193 1112 2232 munificentia,
1147 2193 1190 2226 ad
1226 2192 1419 2226 multorum
1454 2192 1748 2233 aedificationem,
1783 2203 1850 2225 nou
1883 2190 2011 2224 medio—

265 2248 372 2282 criter
398 2247 557 2281 confovit
574 2247 838 2290 recreavitque“
871 2246 984 2289 (659).
1026 2246 1218 2279 Praeterea
1243 2245 1436 2279 novissime
1454 2245 1666 2287 Noviomagi
1691 2245 1727 2278 in
1745 2244 1890 2278 archivo
1916 2243 2013 2277 urbis

265 2301 446 2345 inspectus
480 2303 534 2334 est
565 2299 734 2343 antiquus
769 2299 879 2333 codex
914 2299 1091 2332 rationum
1122 2299 1356 2338 urban-aruum
1393 2310 1437 2332 ex
1463 2309 1532 2341 quo
1567 2298 1661 2331 clare
1692 2300 1800 2342 patet,
1833 2296 2012 2330 Canisium

266 2353 335 2388 illis
354 2354 476 2387 diebus
496 2353 617 2387 vinum
644 2353 871 2386 honorarium
898 2363 917 2385 a
935 2355 1062 2386 senatu
1088 2352 1270 2395 accepisse
1299 2350 1428 2394 (663³).
1471 2351 1570 2384 Haec
1595 2353 1708 2384 testes
1735 2352 1770 2383 et
1786 2351 2014 2383 monumenta

265 2407 454 2440 eorundem
482 2407 539 2439 vel
565 2405 806 2450 proximorum
832 2408 1031 2449 temporum
1057 2404 1200 2438 habent.

383 2459 472 2500 Quid
507 2459 692 2503 biographi
722 2458 966 2502 posteriores?
1016 2457 1164 2491 Saeculo
1196 2456 1320 2497 XVH„
1355 2456 1537 2500 aliquanto
1572 2458 1691 2490 tamen
1722 2459 1802 2500 post
1836 2455 2012 2488 Raderum

265 2515 300 2546 et
326 2512 549 2553 Sacchinum,
584 2512 815 2553 Nieremberg
847 2513 883 2544 et
908 2510 1081 2553 Fuligatti
1106 2510 1344 2554 scripserunt;
1382 2513 1418 2543 et-
1442 2509 1478 2542 hi
1504 2509 1539 2542 iu
1564 2509 1631 2542 hac
1657 2509 1799 2552 quidem
1824 2519 1862 2541 re
1887 2507 2014 2541 sobrie.

266 2567 366 2598 Anno
395 2565 482 2599 1707
510 2565 662 2609 primum
688 2564 837 2597 Parisiis
863 2564 1011 2606 vulgata
1037 2564 1092 2597 est
1109 2563 1185 2596 vita
1204 2562 1335 2596 Canisii
1354 2574 1372 2595 a
1391 2562 1521 2596 Ioanne
1540 2562 1699 2606 Dorigny
1717 2561 1845 2604 gallice
1867 2560 2012 2604 scripta.

266 2617 332 2650 Hic
367 2618 590 2661 sponsionem
627 2617 669 2650 de
703 2617 771 2650 fide
807 2616 980 2650 catholica
1016 2616 1199 2649 retinenda
1229 2616 1263 2648 in
1290 2615 1391 2648 domo
1417 2614 1562 2648 Triestii
1588 2618 1624 2648 et
1649 2614 1809 2648 conclavi
1836 2612 1967 2647 Canisii
1993 2624 2013 2646 a

266 2670 472 2714 propinquis
502 2670 612 2711 „binis
639 2672 674 2703 et
699 2669 810 2703 binis*
849 2672 931 2702 ante
966 2669 1152 2713 prandium
1182 2668 1372 2712 „stipulata
1398 2668 1523 2701 manu“
1553 2668 1684 2701 factam
1711 2666 1945 2708 transfigurat
1977 2665 2013 2698 in

265 2722 520 2761 iusiurandum,
547 2723 637 2766 quod
665 2723 700 2755 in
727 2721 986 2756 valetudinario
1012 2722 1078 2755 sub
1105 2720 1259 2754 convivii
1277 2721 1382 2754 finem
1401 2720 1588 2764 propinqui
1607 2730 1729 2753 omnes
1750 2718 1866 2759 simul,
1892 2717 2013 2751 audita

268 2775 370 2818 gravi
396 2774 527 2808 Canisii
554 2775 810 2814 exhortatione,
842 2774 994 2808 elevatis
1024 2774 1187 2807 manibus
1223 2773 1401 2814 dederint;
1428 2775 1612 2817 praeterea
1637 2771 1797 2815 Dorigny
1823 2770 2014 2805 Canisium.

265 2839 309 2861 ne
336 2839 439 2870 quem
466 2838 511 2861 ex
537 2828 745 2871 propinquis
771 2827 974 2868 offenderet,
1010 2827 1103 2871 apud
1128 2826 1304 2860 neminem
1332 2837 1452 2859 eorum
1479 2825 1669 2859 divertisse
1695 2824 1866 2863 affirmat,
1905 2822 2012 2863 addit,

267 2892 345 2913 011111
381 2880 416 2912 111
453 2880 710 2914 valetudinario
745 2880 945 2920 habitasse;
980 2880 1045 2913 hoc
1075 2881 1194 2912 tamen
1220 2878 1318 2912 addit
1352 2878 1418 2912 hac
1445 2890 1524 2912 cum
1550 2877 1753 2911 condicione
1788 2878 1823 2909 et
1856 2876 2011 2909 modera-

266 2933 379 2966 tione:
411 2931 467 2973 „Si
492 2932 724 2966 relationibus
750 2932 960 2976 quibusdam
987 2932 1131 2966 credere
1156 2931 1362 2971 volumus“;
1389 2931 1557 2964 terminat
1582 2930 1651 2962 ita:
1681 2929 1777 2971 „Hoc
1794 2927 1921 2962 saltem
1941 2939 2012 2961 cer-

267 2988 341 3018 tum
369 2988 441 3018 est:
470 2984 632 3018 Canisius
658 2985 814 3018 animum
831 2984 1013 3024 inclinare,
1039 2988 1078 3018 ut
1096 2985 1132 3018 in
1150 2984 1409 3018 valetudinario
1427 2983 1615 3022 habitaret,
1632 2981 1877 3024 significabat“
1901 2981 2012 3023 (664).

268 3040 369 3070 Anno
408 3038 497 3071 1710
531 3036 709 3070 Monachii
744 3038 872 3071 Petrus
909 3037 1050 3081 Python
1086 3037 1264 3070 helvetius
1298 3036 1456 3079 Dorignii
1492 3035 1620 3068 librum
1654 3033 1762 3067 latine
1800 3044 1943 3066 versum
1979 3040 2011 3066 et

271 3089 483 3131 „multarum
510 3100 627 3122 rerum
654 3090 856 3122 accessione
883 3090 1070 3123 (1011atuni“
1100 3089 1283 3131 vulgavit,
1320 3089 1407 3122 haec
1441 3099 1498 3121 res
1523 3089 1664 3131 praeter
1689 3086 1779 3119 alias
1807 3085 2013 3127 „accessit“,

268 3142 359 3185 quod
385 3141 537 3186 Python,
563 3141 727 3184 neglecta
754 3141 815 3174 illa
841 3142 1000 3184 Dorignii
1026 3142 1276 3182 moderatione,
1303 3142 1372 3174 iam
1397 3140 1531 3183 absque
1549 3139 1621 3173 ulla
1639 3138 1857 3172 dubitatione
1875 3139 2012 3173 asserit.

268 3194 445 3228 Canisiuin
488 3193 647 3238 „publica
681 3194 847 3238 hospitali
875 3195 978 3228 domo
1004 3206 1065 3238 pro
1093 3194 1286 3228 diversorio
1321 3194 1444 3227 usum“
1483 3204 1560 3226 esse
1588 3192 1701 3235 (665).
1752 3191 1782 3224 A
1808 3191 2013 3235 biographis
