2045 3471
236 173 321 213 496
722 169 823 203 1457.
851 167 1015 203 Canisius
1041 168 1076 203 S.
1094 168 1284 202 Francisco
1311 168 1353 202 de
1380 167 1521 211 Borgia.

236 300 376 332 operam
412 289 552 320 dantem
588 287 619 319 ei
654 287 916 320 commendabat
951 291 980 320 et
1015 298 1098 331 cum
1127 298 1176 330 eo,
1211 287 1304 330 quod
1338 297 1427 320 raro
1461 287 1512 318 adv
1533 297 1568 319 se
1591 286 1766 328 scriberet,
1801 285 1911 318 anzice
1936 296 1994 318 ea*-

229 341 445 385 postulabat.

354 405 406 439 Ea
431 406 550 438 aetate
576 403 711 444 Poloni,
747 404 855 438 etiam
891 416 936 437 ex
970 403 1166 444 nobilitate,
1201 403 1295 437 haud
1331 402 1436 448 pauci
1462 402 1676 446 Ingolstadii
1710 401 1842 436 litteris
1876 401 1994 435 stude-

235 459 341 498 bant;
369 470 404 492 v.
430 458 591 492 Mederer
615 456 639 491 l.
655 469 685 491 0.
711 457 728 491 1
753 457 942 491 267-268
970 457 1037 492 279
1064 457 1132 491 298
1159 456 1224 491 301
1254 456 1321 491 307
1349 456 1417 490 319
1445 458 1511 491 etc.
1538 458 1575 490 et
1603 455 1888 490 Can.1V485¹⁵.

237 571 386 609 1457.
495 573 711 608 CANISIUS
748 571 1013 609 SANGTO
1041 571 1427 608 FRANCISCO
1456 571 1548 608 DE
1574 570 1861 613 BORGIA,
1897 582 1995 615 prae-

426 627 543 672 posito
569 626 727 670 generali
754 627 944 661 Societatis
970 627 1062 660 Iesu.
1472 626 1617 669 Dilinga
1644 626 1700 660 22.
1726 625 1818 659 Iunii
1846 624 1948 658 1567.

355 691 411 726 Ex
445 691 601 734 imagine
635 691 919 736 photographica
957 690 1018 734 (A)
1056 691 1258 725 litterarum
1294 690 1600 735 autographarum
1636 691 1707 733 (20;
1747 690 1815 732 272
1843 700 1920 733 pp.;
1959 689 1995 722 in

236 757 269 789 p.
295 744 318 778 4
343 745 450 780 inser.
478 745 548 778 alia
573 757 680 778 manu
706 745 843 789 scripta
870 746 905 778 et
930 744 1129 789 particulae
1155 744 1252 788 sig),
1285 756 1376 788 quae
1403 746 1548 778 exstant
1573 744 1608 778 in
1639 743 1699 787 „R
1728 742 1765 777 C.
1792 742 1844 776 II“
1875 742 1995 777 n.198

238 798 322 840 (266
350 798 447 841 267).
483 798 632 832 Praesto
659 800 735 832 erat
762 799 871 832 etiam
890 797 1135 843 apographum
1155 798 1214 841 (B)
1236 798 1303 831 sub
1326 798 1414 832 1892
1441 810 1485 832 ex
1512 796 1737 842 autographo
1763 796 1994 841 exscriptum.

359 870 545 913 Colleyz'ccm
573 871 765 903 anzeriense
790 870 1035 902 dimittendam
1061 873 1119 902 est.
1153 870 1192 903 P.
1212 869 1356 902 Marius
1382 870 1430 901 ad
1451 870 1615 911 maglisz‘ri
1633 870 1849 901 noviciorum
1867 877 1997 899 mmms

238 933 308 956 non
341 925 429 956 satis
463 927 509 955 est
544 924 712 964 =1'doneas,·
746 933 834 965 opas
860 926 906 955 est
931 924 1008 955 viro
1043 923 1090 955 ad
1111 924 1273 964 pietatem
1302 923 1558 965 exercitatiore,
1594 924 1655 965 qui
1680 922 1762 954 huic
1788 921 1906 963 officio
1929 920 1997 953 soli

238 980 340 1009 vacet.
393 976 557 1008 filbertus
583 977 621 1008 Γ.
648 977 723 1008 dux
749 976 787 1009 P.
817 975 1065 1008 Schoriche‘nm
1089 976 1202 1008 Roma
1229 987 1392 1009 revocare
1426 980 1455 1008 et
1482 977 1528 1008 acl
1553 980 1686 1018 tempus
1712 975 1829 1008 comiti
1854 973 1996 1015 Helfen-

235 1030 324 1062 stein
352 1030 535 1062 concedere
560 1030 654 1071 ΜΗ,-
689 1030 765 1062 dux
799 1040 875 1061 cam
911 1029 1102 1061 sententiae
1136 1032 1243 1061 tenax
1277 1040 1346 1062 esse
1379 1030 1498 1072 soleat,
1534 1030 1690 1062 suaviter
1714 1028 1868 1061 tractari
1892 1027 1996 1059 debet.

241 1082 448 1116 Cardinalis
478 1082 667 1115 Truohsess
691 1082 863 1125 synodum
891 1081 1015 1114 habuit
1041 1086 1070 1114 et
1095 1082 1383 1123 reformationem
1409 1083 1447 1114 in
1472 1092 1507 1114 se
1533 1082 1702 1115 ordietur.
1746 1081 1884 1113 Canisii
1912 1090 1996 1122 pro-

239 1135 354 1177 fectio.
399 1135 617 1177 Responsum
643 1135 684 1167 de
711 1134 799 1177 5⁰s‘0.
850 1135 956 1167 Ratio
982 1135 1157 1168 vestiendi.
1213 1136 1426 1167 Germaniae
1451 1135 1631 1178 superiori
1654 1133 1895 1177 philosophiae
1914 1143 1999 1175 pro-

235 1189 385 1230 fessores
412 1199 479 1220 non
506 1191 705 1231 suppetunt,
741 1190 826 1231 qula
863 1191 1000 1220 juvenes
1033 1187 1132 1220 haud
1166 1190 1216 1221 ‘ita
1252 1188 1332 1221 bene
1366 1188 1506 1220 inslt'tui
1532 1191 1696 1230 poterant
1730 1191 1760 1220 et
1793 1186 1920 1220 scholis
1944 1185 1997 1218 in-

236 1241 431 1283 ferioribus
456 1243 644 1283 mayistros
676 1241 860 1284 proria'eri
888 1252 1018 1273 necesse
1047 1245 1123 1273 erat
1159 1246 1261 1284 atque
1286 1242 1430 1281 Moenia
1458 1242 1639 1274 crassiora
1664 1245 1756 1273 sunt.
1807 1239 1997 1272 Provincia

239 1294 399 1327 rhenana
434 1295 534 1336 longa?
569 1294 693 1327 melias
727 1294 837 1326 habet.
891 1294 1089 1337 Carebitur,
1117 1305 1158 1327 ne
1184 1295 1286 1326 mulsa·
1312 1295 1458 1327 Romam
1485 1295 1684 1327 mittantur.
1736 1295 1805 1326 Aes
1832 1293 1997 1325 alienum.

237 1348 472 1390 Maydalenae
506 1347 770 1380 arehiducissae
803 1349 923 1390 stipem
961 1349 1058 1381 Socii
1088 1348 1234 1380 Romam
1273 1348 1405 1380 mittent
1439 1348 1545 1390 idque
1579 1358 1655 1379 eum
1692 1357 1755 1379 sno
1790 1347 1893 1379 etiam
1928 1346 1998 1378 dis-

231 1401 363 1443 pendio
386 1401 629 1443 praestabant.
681 1401 746 1434 Fr.
774 1401 932 1433 Vitanzts
960 1401 1210 1443 philosophiae
1241 1402 1424 1443 professor
1459 1404 1488 1433 et
1514 1401 1659 1433 timidas
1693 1404 1740 1433 est
1766 1404 1795 1432 et
1823 1399 1997 1440 infirmus.

240 1454 441 1487 Matthaeus
468 1455 507 1486 M
511 1454 655 1488 folconis.

356 1525 383 1577 †
425 1525 517 1566 Pax
550 1525 708 1567 Christi
749 1525 978 1567 admodum
1011 1525 1265 1566 Reuerende
1297 1525 1441 1567 Pater.
1506 1524 1806 1578 Superioribus
1846 1523 1997 1573 literis,

238 1604 345 1642 quas
377 1593 479 1632 ante
513 1590 601 1632 dies
635 1593 732 1632 octo
759 1590 923 1644 scripsi,
957 1591 1082 1644 plura
1113 1590 1215 1631 mihi
1248 1590 1445 1632 addenda
1477 1590 1615 1640 uideo,
1648 1593 1697 1632 vt
1720 1590 1764 1632 P.
1790 1590 1836 1632 T.
1860 1588 1998 1631 literis

237 1654 433 1708 proxime
466 1655 635 1708 quidem
668 1655 858 1709 acceptis
891 1655 1048 1697 faciam
1080 1655 1200 1697 satis.

357 1720 421 1761 De
454 1720 632 1772 collegio
676 1721 744 1761 uel
787 1720 912 1761 domo
946 1720 1204 1762 Ameliensi³
1244 1719 1347 1761 mihi
1387 1719 1548 1762 rectius
1588 1719 1682 1761 fore
1722 1719 1907 1768 uidetur,
1950 1721 1998 1760 vt

238 1785 378 1826 locum
410 1784 529 1825 illum
564 1785 616 1825 ob
650 1784 930 1826 difficultates
962 1788 1005 1826 et
1027 1784 1310 1835 incommoda,
1346 1798 1455 1837 quae
1487 1783 1611 1826 annis
1643 1783 1797 1825 abhinc
1820 1782 1997 1835 aliquot,

239 1852 284 1891 et
315 1863 427 1890 nunc
460 1849 716 1903 praesertim
750 1850 803 1890 ab
831 1849 1072 1903 Episcopo1
1105 1849 1226 1890 nobis
1260 1849 1530 1903 obijciuntur,
1565 1848 1739 1890 missum
1773 1847 1996 1889 faciamus.

358 1914 478 1963 Quod
511 1915 564 1956 ad
589 1914 844 1967 Magistrum
878 1914 1137 1956 nouitiorum
1172 1914 1240 1967 qui
1268 1914 1482 1968 Monachij
1517 1916 1595 1964 est,
1632 1913 1690 1956 .P.
1715 1913 1998 1955 Michaelem2

238 1979 410 2030 attinet,
444 1979 663 2021 meliorem
696 1979 826 2021 alium
861 1979 1168 2029 desideramus,
1211 1982 1258 2021 ut
1291 1979 1442 2033 scripsi
1474 1978 1594 2020 alias.
1658 1978 1770 2020 Nam
1804 1981 1998 2032 praeter-

240 2059 367 2097 quam
402 2045 513 2097 quod
544 2044 610 2085 1110
633 2044 796 2086 Romae
818 2058 903 2085 non
927 2044 984 2086 sit
1006 2044 1075 2085 diu
1099 2047 1312 2097 uersatus,
1347 2047 1395 2086 ut
1427 2046 1671 2085 veterem
1703 2043 1998 2085 hominemss

239 2109 347 2151 satis
388 2123 546 2151 exuere
587 2112 752 2163 posset,
795 2108 1093 2150 existimamus
1135 2109 1189 2150 ad
1230 2109 1309 2150 1100
1349 2123 1503 2150 munus
1545 2122 1641 2150 eum
1682 2107 1997 2162 applicandum,

240 2174 312 2227 qui
342 2174 534 2215 firmiora
565 2174 716 2217 iecerit
756 2174 1038 2216 fundamenta
1071 2174 1189 2216 uitae
1221 2174 1459 2228 spiritualis
1472 2174 1501 2224 ⁴,
1545 2173 1767 2226 magisque
1800 2172 1996 2227 spiritum

239 2238 456 2281 imbiberit
496 2239 732 2289 societatis,
776 2241 819 2281 et
861 2239 914 2280 ad
956 2239 1167 2280 curandos
1207 2238 1468 2280 nouit-,iorum
1506 2238 1670 2280 animos
1702 2238 1998 2279 uehementius

241 2304 429 2357 applicet
458 2318 565 2346 sese.
620 2304 701 2345 Hic
733 2304 845 2345 enim
878 2304 1005 2345 rebus
1038 2303 1133 2358 alijs
1167 2303 1360 2346 externis
1393 2303 1612 2352 oblectari,
1646 2316 1784 2356 neque
1817 2303 1922 2344 adeo
1954 2302 1997 2343 in

240 2369 320 2410 hoc
353 2382 529 2410 munere
561 2368 641 2410 sibi
675 2372 719 2412 et
751 2368 848 2422 alijs
881 2369 1105 2410 consulere
1136 2368 1320 2419 uidetur,
1355 2368 1711 2421 quemadmodum
1741 2367 1996 2420 Magistrum

240 2433 501 2475 nouitiorum
543 2434 679 2476 decet.
742 2433 883 2483 Quare
924 2433 1200 2487 cupiebamus
1232 2433 1467 2475 iunioribus
1499 2432 1707 2474 fratribus
1740 2432 1882 2481 alium,
1926 2431 1998 2484 qui

239 2498 400 2541 rectius
422 2498 464 2539 in
488 2498 641 2553 spiritu
664 2498 883 2549 fundatus,
917 2500 961 2539 et
984 2498 1080 2539 huic
1103 2498 1182 2539 soli
1205 2498 1372 2539 muneri
1394 2500 1510 2539 esset
1531 2497 1735 2546 intentus,
1770 2496 1995 2549 assignari.

241 2564 322 2604 Hic
355 2563 466 2604 enim
500 2566 544 2604 et
575 2563 820 2617 praefectus
853 2562 1105 2613 studiorum,
1148 2565 1192 2604 et
1225 2562 1536 2610 Confessarius,
1571 2565 1615 2604 et
1647 2561 1876 2613 aliquando
1909 2560 1997 2602 col-

240 2627 342 2680 legij
383 2630 639 2682 procurator
671 2630 750 2677 est,
794 2630 838 2669 et
870 2627 1069 2669 fortassis
1102 2641 1197 2669 esse
1230 2627 1399 2680 cogitur
1429 2626 1471 2668 in
1505 2626 1585 2668 hac
1625 2625 1802 2679 penuria
1845 2639 1997 2679 opera-

241 2692 415 2741 riorum,
439 2693 695 2746 praesertim
719 2692 759 2733 in
784 2706 942 2745 magna
964 2692 1038 2733 illa
1054 2705 1194 2733 messe
1207 2693 1235 2741 5,
1260 2705 1369 2744 quae
1387 2705 1432 2732 se
1450 2690 1609 2732 nostris
1628 2690 1752 2732 offert
1767 2689 1994 2742 Monachij.

360 2756 463 2797 Cum
495 2756 562 2798 hic
596 2761 711 2799 esset
742 2756 956 2798 Bauariae
989 2757 1088 2798 Dux
1101 2757 1129 2807 ⁶,
1169 2760 1319 2810 aperte
1351 2754 1624 2809 significauit,
1667 2768 1712 2796 se
1745 2769 1829 2795 non
1861 2754 1996 2795 multo

243 2823 340 2872 post
373 2835 427 2862 ex
444 2821 560 2863 Vrbe
592 2824 896 2863 reuocaturum
919 2835 1014 2863 esse
1038 2821 1082 2864 P.
1103 2820 1408 2870 Schorichium,
1443 2833 1566 2873 quem
1599 2818 1854 2873 promittere
1879 2818 1996 2860 uisus

361 2901 389 2932 a)
409 2903 435 2926 Α
457 2904 525 2926 (ἀπ.
545 2905 703 2927 correctum
723 2910 758 2927 ea:
777 2901 954 2928 Amuliensi.

367 2994 374 3012 ¹
401 2994 671 3028 Bartholomaeo
698 2994 884 3028 Ferratini.
935 2993 986 3027 De
1012 2993 1079 3027 hoc
1104 2993 1247 3036 negotio
1274 2993 1356 3026 vide
1381 3004 1488 3037 supra
1518 3004 1551 3036 p.
1577 2992 1657 3026 465.

365 3046 376 3064 ²
404 3046 566 3080 Marium.
713 3047 725 3066 ³
752 3047 829 3091 Eph
855 3048 887 3087 4,
914 3047 970 3080 22.
1022 3046 1083 3080 Col
1111 3047 1141 3086 3,
1168 3047 1200 3080 9.
1252 3046 1305 3080 Cf.
1332 3046 1421 3079 Rom
1447 3046 1478 3086 6,
1505 3046 1538 3079 6.

365 3099 376 3116 ⁴
404 3098 456 3131 Cf.
484 3098 532 3132 Lc
562 3099 613 3139 14,
640 3099 703 3138 29;
731 3098 829 3133 Hebr
855 3101 886 3140 6,
916 3100 945 3133 1.
1080 3100 1093 3118 ⁵
1120 3099 1172 3133 Cf.
1199 3099 1253 3132 Mt
1279 3099 1309 3139 9,
1336 3099 1380 3133 37
1408 3098 1470 3139 3&
1498 3098 1547 3131 Le
1575 3097 1628 3136 10,
1655 3098 1694 3132 2:
1722 3097 1759 3131 Io
1785 3099 1816 3137 4,
1844 3097 1994 3131 35-33.

365 3150 377 3167 ⁶
405 3148 572 3184 Albertus
591 3151 633 3185 V.
664 3153 715 3185 16.
743 3152 835 3186 Iunii
861 3151 1027 3194 Dilingae
1054 3151 1140 3192 fuit;
1167 3151 1249 3185 vide
1275 3162 1382 3195 supra
1408 3162 1442 3195 p.
1468 3150 1547 3184 495.
