2045 3471
195 229 278 271 788
508 219 603 254 Mon.
622 217 688 253 851
717 216 795 251 sive
820 215 896 249 wis.
918 214 982 258 (4).
1025 214 1054 247 A
1082 224 1128 247 m.
1147 210 1261 256 Aprili
1288 209 1331 243 ad
1358 207 1499 242 Iunium
1526 206 1627 241 1567.

195 346 306 389 stein
349 353 507 386 sueuus
549 336 620 391 qui
663 335 776 390 apud
809 330 1281 384 Wirtembergensem¹
1314 326 1476 381 primas
1517 324 1613 374 fuit,
1655 323 1722 365 uir
1762 334 1954 364 summae

196 409 422 467 potenciae
466 408 510 448 et
555 402 667 456 apud
715 398 973 443 Germaniae
1017 395 1255 451 principes,
1301 406 1387 434 non
1432 390 1617 444 exiguae
1662 386 1954 435 authoritatis,

196 489 357 529 magna
379 470 510 515 animi
532 468 610 518 sui,
645 465 925 518 affiniumque
947 475 1120 504 suorum
1144 458 1333 502 omnium
1357 455 1655 498 consolacione
1677 452 1958 496 Lut'neranis-

198 554 313 584 mum
337 550 519 585 omnem,
554 536 598 576 et
620 532 921 585 Augustanam
944 525 1280 573 Confessionem,
1315 522 1383 564 cui
1403 521 1519 563 inter
1539 519 1713 574 primos,
1748 521 1792 561 et
1813 516 1958 559 nescio

200 621 254 649 an
287 605 414 659 plane
445 598 684 656 principum
718 594 906 638 omnium
939 592 1101 647 primus
1134 587 1464 642 subscripserat,
1500 582 1900 633 anathematizauit,
1935 596 1959 624 a

200 669 360 713 nostris
382 668 425 709 in
448 661 835 718 Augustinianam⁸
857 683 913 687 ——
936 658 978 699 id
1012 658 1080 699 est
1102 654 1368 697 Catholicam
1402 650 1745 693 confessionem2
1768 652 1810 692 et
1836 648 1961 690 Com-

203 734 447 778 munionem
480 726 726 772 Catholiceb
766 727 968 778 receptus
993 757 1000 765 .
1025 723 1066 763 Is
1105 721 1396 762 commoratus
1438 720 1504 760 est
1545 716 1659 771 apud
1692 713 1961 758 Cardinalem

202 801 418 853 Dilingae,
463 809 549 838 una
582 807 676 835 cum
711 791 847 832 fratre
881 802 957 830 suo
992 787 1129 830 altero
1164 784 1358 827 Comite3
1390 784 1505 825 ultra
1536 784 1628 824 tres
1659 779 1964 823 hebdomadas.

206 865 378 922 Synodo
411 875 506 904 cum
538 858 816 901 inchoaretur
829 855 857 904 4,
891 851 1121 895 interfuit.
1147 849 1382 892 Discedens
1414 848 1611 890 alumnos
1643 846 1807 900 aliquot
1840 845 1963 888 Basi—

205 933 314 980 laea,
348 925 580 971 euocatos5
602 920 801 965 haeresin
823 918 1022 960 similiter
1045 916 1257 965 abiurare,
1292 917 1335 956 et
1357 914 1399 955 in
1422 926 1646 955 numerum
1671 911 1964 954 conuictorum

206 999 450 1039 nostrorum
483 988 671 1033 transire
702 984 840 1035 iussit,
874 982 1090 1037 stipendia
1121 982 1332 1035 perpetua
1364 979 1405 1020 in
1441 993 1576 1027 usum,
1610 991 1783 1019 suorum
1816 978 1965 1019 nostro

208 1060 502 1105 conuictorum
525 1052 713 1106 Collegio
748 1048 964 1105 pollicitus
980 1048 1008 1090 6.
1063 1045 1244 1099 Accepit
1277 1058 1421 1086 secum
1445 1043 1688 1086 Catholicos
1718 1041 1966 1084 sacerdotes

209 1123 423 1181 quinque7
454 1122 631 1176 praeter
662 1131 736 1159 eos
768 1129 874 1168 quos
907 1113 1046 1155 adhuc
1072 1110 1330 1165 superstites
1353 1109 1407 1151 ab
1431 1108 1560 1150 exilio
1584 1107 1737 1162 uiginti
1760 1107 1967 1160 quinquee

210 1190 381 1234 circiter
413 1198 621 1229 annorum
654 1182 708 1224 ad
741 1180 943 1232 antiquas
975 1176 1269 1232 possessiones
1301 1188 1402 1217 suas
1435 1174 1575 1215 redire
1607 1173 1743 1215 iussit.
1808 1172 1965 1213 Decem

211 1255 345 1299 millia
384 1253 645 1294 florenorum
678 1244 902 1289 Canonicis
934 1241 1202 1296 Augustanis
1246 1242 1346 1282 ante
1380 1239 1544 1292 aliquot
1585 1252 1720 1280 annos
1762 1251 1839 1292 per
1879 1237 1967 1278 uim

213 1322 375 1374 erepta,
418 1317 460 1358 in
492 1315 586 1370 pios
619 1315 663 1355 et
696 1309 914 1353 Ecclesiae
946 1308 1123 1349 idoneos
1155 1319 1258 1347 usus
1291 1304 1469 1346 arbitrio
1504 1302 1788 1345 Illustrissimi
1821 1302 1968 1344 Cardi-

213 1385 351 1429 nalis8
384 1378 672 1436 dispensanda
705 1376 898 1418 restituit
922 1407 929 1415 .
954 1372 1157 1414 Habebat
1197 1371 1240 1412 in
1282 1384 1360 1411 sua
1398 1369 1559 1411 ditione
1591 1367 1853 1421 Collegiatas
1886 1367 1969 1408 Ec-

215 1450 368 1494 clesias
409 1446 571 1488 duas9:
604 1444 682 1485 has
723 1441 854 1483 etiam
897 1437 1086 1490 antiquis
1127 1434 1472 1490 possesso1·ibus‘³
1514 1433 1602 1475 suis
1635 1432 1860 1475 Canonicis
1901 1445 1970 1473 re-

214 1511 516 1559 nuntiauit²10.
557 1506 811 1551 Haereticos
834 1507 878 1547 et
895 1505 1103 1545 vxoratos
1122 1515 1216 1543 cum
1236 1498 1499 1542 Parrochosf
1514 1502 1602 1541 tum
1624 1498 1969 1545 Concionatores,

335 1596 362 1625 a)
383 1595 429 1619 Ita
451 1594 523 1617 recle
544 1592 569 1616 B
610 1590 643 1614 In
666 1590 689 1613 Α
710 1585 943 1619 Augustianiam
964 1586 1121 1608 correctum
1143 1586 1183 1606 est
1204 1590 1239 1606 eir
1254 1579 1472 1611 Augustanam.
1504 1579 1573 1603 I'Ide
1595 1579 1677 1609 infra
1698 1579 1765 1602 adn.
1779 1580 1804 1602 2.
1867 1576 1896 1607 b)
1918 1575 1972 1601 Ca-

216 1636 346 1663 tholicae
366 1636 434 1660 AB.
496 1636 522 1662 c)
543 1632 603 1656 Hoc
623 1638 646 1655 r.
667 1630 743 1654 deest
766 1629 793 1652 in
816 1629 849 1652 R.
915 1625 944 1657 d)
964 1622 1181 1658 possesoribus
1202 1625 1235 1647 A.
1305 1624 1331 1652 e)
1352 1619 1557 1646 renunctiauit
1578 1622 1611 1644 ,1.
1680 1618 1707 1649 f)
1727 1617 1882 1644 Parochos
1903 1619 1935 1643 R.

340 1733 348 1752 ¹
376 1727 667 1772 Christophorum
686 1722 1003 1764 Wurttembergae
1030 1720 1154 1753 ducem
1183 1720 1218 1751 et
1236 1716 1500 1750 Lutheranismi
1519 1714 1748 1759 praecipuum
1773 1716 1973 1758 patronum.

337 1784 350 1805 ²
375 1784 414 1817 P.
433 1781 674 1825 Hieronymus
692 1775 878 1811 Torrensis
897 1775 930 1809 S.
950 1775 994 1815 J„
1021 1771 1223 1815 theologiae
1250 1770 1284 1804 in
1311 1768 1548 1803 universitate
1573 1767 1757 1809 dilingana
1783 1766 1974 1811 professor,

220 1838 324 1885 paulo
360 1838 442 1871 ante
477 1835 651 1869 adversus
688 1825 970 1864 Lutheranoru'm
1010 1824 1299 1869 „Confessionem
1337 1822 1606 1865 Augustanam“
1645 1820 1811 1863 Dilingae
1845 1819 1973 1853 librum

224 1890 429 1936 ⁷,Confessio
455 1884 740 1930 Augustiniana“
770 1882 940 1922 ediderat,
967 1891 1035 1924 quo
1062 1877 1183 1913 Sancti
1210 1875 1402 1919 Augustini
1430 1874 1627 1908 doctrinam
1655 1873 1802 1907 eandem
1830 1883 1908 1906 esse
1935 1882 1976 1905 ac

221 1945 417 1980 doctrinam
445 1939 617 1975 ecclesiae
644 1936 841 1971 catholicae
869 1932 1156 1971 demonstrabat:
1185 1942 1219 1964 v.
1239 1930 1330 1963 infra
1358 1939 1512 1962 monum.
1532 1927 1610 1961 872.

341 1998 353 2017 ⁸
379 1994 532 2037 Georgio
551 1989 823 2028 Helfensteinio,
850 1986 1015 2030 regimini
1035 1984 1202 2019 Austriae
1229 1981 1423 2027 superioris
1449 1980 1631 2025 praefecto
1660 1979 1784 2024 (supra
1810 1990 1842 2022 p.
1863 1978 1976 2019 784⁷).

341 2052 353 2071 ⁴
380 2049 478 2083 Haec
504 2045 662 2092 synodus
688 2043 897 2077 dioecesana
924 2039 1090 2073 incohata
1115 2039 1169 2071 est
1196 2036 1252 2070 die
1282 2036 1334 2069 15.
1355 2033 1445 2068 Iunii
1475 2034 1582 2073 1567;
1611 2045 1646 2067 v.
1663 2043 1772 2076 supra
1798 2043 1830 2076 p.
1850 2031 1929 2065 635.

341 2105 355 2124 ⁵
380 2102 426 2136 Hi
451 2101 486 2134 in
514 2110 555 2133 ea
579 2096 816 2132 universitate
842 2092 1044 2136 theologiae
1070 2088 1345 2135 protestantium
1373 2098 1517 2131 operam
1544 2085 1685 2119 dedisse
1712 2084 1891 2118 videntur.

342 2157 355 2177 6
380 2153 590 2198 Rudolphus
608 2151 681 2191 V1.,
698 2148 858 2184 Udalrici
886 2146 946 2180 IV.
970 2156 1090 2190 nepos,
1118 2155 1148 2177 a.
1168 2142 1255 2177 1627
1284 2141 1375 2176 6000
1393 2140 1567 2173 florenum
1594 2139 1614 2172 3
1641 2137 1794 2172 alumnis
1814 2136 1978 2178 Dilingae

226 2215 260 2246 et
286 2207 495 2254 Ingolstadii
523 2202 777 2241 sustentandis,
807 2200 896 2235 1000
922 2199 1075 2233 florenos
1098 2207 1180 2241 „pro
1206 2194 1390 2228 thesibus“
1414 2192 1606 2235 dilinganis
1633 2190 1861 2230 excudendis,
1888 2189 1980 2224 5000

226 2277 288 2311 pro
313 2259 561 2298 universitatis
586 2257 790 2299 dilinganae
815 2251 1042 2291 bibliotheca,
1069 2250 1114 2284 24
1125 2248 1194 2284 000
1220 2260 1282 2292 pro
1302 2246 1414 2281 Sociis
1433 2245 1598 2288 Dilingae
1625 2243 1773 2283 alendis,
1802 2242 1891 2277 1000
1918 2253 1981 2286 pro

228 2317 378 2353 ecclesia
404 2312 607 2348 academica
634 2309 772 2353 legavit
799 2306 941 2350 (Specht
965 2304 988 2338 1.
1008 2315 1037 2338 c.
1057 2303 1142 2337 2123
1167 2301 1253 2336 4022
1278 2300 1377 2343 480).

347 2370 359 2389 ⁷
389 2366 510 2410 ⁷,Missi
536 2364 618 2398 hinc
644 2363 688 2396 ad
715 2372 794 2396 eum
821 2363 945 2404 postea
971 2359 1056 2391 sunt
1081 2357 1102 2389 4
1127 2353 1295 2397 Magistri
1322 2355 1357 2386 et
1382 2350 1566 2393 Theologi,
1602 2350 1662 2393 qui
1693 2348 1827 2383 cultum
1854 2348 1919 2382 Dei
1946 2349 1980 2381 in

231 2423 408 2458 Comitatu
434 2419 493 2454 illo
520 2415 793 2452 restitum-eust:
820 2414 874 2447 Ita
892 2413 1007 2446 *Acta
1034 2407 1282 2443 universitatis
1300 2406 1503 2448 dilinganae
1522 2405 1555 2437 in
1576 2414 1606 2436 a.
1629 2403 1716 2436 1567
1739 2401 1838 2444 (Cod.
1858 2401 1982 2444 diling.

235 2478 347 2519 „Acta
382 2485 434 2508 ac.
459 2471 547 2507 Dil.“
579 2482 611 2514 p.
632 2469 704 2512 75).
754 2466 865 2501 Iidem
896 2462 1078 2506 „magistri
1105 2459 1289 2503 Theologi‚
1319 2458 1504 2501 nostrique
1530 2455 1716 2500 discipuli“
1747 2456 1922 2488 vocantur
1947 2454 1983 2486 in

232 2533 249 2548 ἦ·
261 2529 426 2564 Historia
451 2524 593 2567 collegii
619 2519 803 2564 Dilingani
831 2518 932 2562 (Cod.
950 2515 1103 2560 tongerl.
1128 2513 1266 2556 „Germ.
1286 2513 1348 2546 67“
1380 2512 1404 2545 f.
1427 2510 1524 2552 148b)
1554 2508 1683 2542 Nescio
1717 2519 1761 2542 an
1796 2507 1831 2541 in
1857 2507 1983 2540 horum

233 2593 377 2616 numero
402 2579 512 2613 fuerit
529 2575 657 2620 Ioseph
677 2573 845 2616 Edlinger
871 2571 942 2611 ille,
969 2570 1029 2613 qui
1048 2580 1077 2603 a.
1100 2568 1189 2602 1559
1215 2565 1427 2600 brevissimo
1446 2566 1606 2607 tempore
1624 2561 1757 2595 Romae
1781 2561 1816 2594 in
1834 2559 1985 2602 collegio

235 2634 436 2677 germanico
453 2632 632 2669 versatus,
658 2639 689 2662 a.
710 2627 801 2661 1564
825 2625 862 2658 in
879 2623 1116 2658 universitate
1135 2620 1317 2662 dilingana
1343 2617 1543 2651 iuventutis
1566 2615 1728 2656 „censor“
1752 2615 1787 2647 et
1812 2613 1985 2655 guberna-

235 2688 322 2722 toris
348 2686 487 2720 adiutor
513 2682 729 2717 constitutus
755 2681 811 2713 est
838 2677 944 2721 (Can.
964 2676 995 2709 ΙΙ
1021 2674 1089 2709 457
1116 2673 1184 2707 462
1211 2672 1298 2711 478;
1328 2670 1376 2704 IV
1403 2669 1471 2703 920
1490 2669 1586 2711 926).
1630 2667 1735 2701 Certe
1761 2677 1792 2700 a.
1813 2666 1900 2699 1571
1926 2664 1987 2698 vel

240 2740 327 2774 1572
362 2750 407 2772 ex
441 2735 635 2782 episcopali
672 2734 785 2767 Curz'a
823 2729 1072 2764 constantiensi
1106 2727 1154 2760 M.
1173 2724 1329 2769 Josepho
1365 2722 1546 2764 Edlinger,
1583 2718 1780 2762 collegi-alis
1815 2717 1987 2752 ecclesiae

238 2789 540 2832 wisensteigensis
566 2786 744 2826 canonico,
779 2783 981 2827 *scriptum
1008 2782 1073 2822 est,
1109 2778 1267 2823 permitti
1294 2776 1372 2821 ipsi,
1407 2777 1447 2808 ut
1473 2773 1687 2808 catharinae
1715 2771 1917 2805 comitissae
1950 2770 1987 2803 in

240 2842 476 2877 Helffenstain
511 2839 751 2875 confessiones
778 2855 819 2861 --
848 2836 881 2869 id
917 2833 1009 2878 quod
1044 2833 1122 2877 ipsa
1158 2842 1219 2876 per
1253 2830 1393 2864 litteras
1428 2827 1579 2871 petisset
1605 2845 1646 2849 —
1675 2825 1856 2868 exciperet
1884 2823 1986 2866 eique

241 2896 309 2929 alia
335 2894 532 2929 ministeria
566 2903 669 2927 sacra
703 2890 903 2935 praestaret
933 2887 991 2931 (ex
1023 2886 1156 2927 „Libro
1191 2882 1462 2926 conceptorum“
1494 2878 1666 2913 dioecesis
1700 2874 1986 2911 constantiensis.

242 2947 302 2991 qui
328 2948 447 2980 exstat
472 2944 635 2986 Friburgi
661 2942 872 2985 Brisgoviae
898 2941 933 2974 in
960 2937 1106 2973 archivo
1132 2936 1251 2970 curiae
1277 2931 1619 2977 archiepiscopalis).

362 3000 374 3019 ⁸
399 2997 541 3032 Ottonis
565 2996 775 3030 Truchsess.

362 3052 374 3070 ⁹
400 3051 546 3084 Praeter
565 3048 752 3082 ecclesiam
771 3046 804 3080 S.
821 3045 962 3090 Cyriaci
979 3041 1309 3084 wisensteigensem
1328 3037 1522 3081 significari
1541 3038 1625 3081 puto
1645 3033 1830 3068 ecclesiam
1854 3032 1987 3075 „Maria

246 3103 430 3146 Dozburg“
455 3103 503 3145 (v.
523 3112 631 3145 supra
656 3112 687 3145 p.
708 3099 828 3142 783⁸);
854 3098 943 3131 haec
969 3096 1061 3130 enim
1087 3094 1183 3129 illius
1209 3092 1388 3137 appendix
1414 3089 1588 3134 quaedam
1614 3088 1691 3122 sive
1716 3086 1791 3120 filia
1818 3090 1905 3119 erat.

354 3156 378 3175 ¹⁰
404 3153 602 3193 Udalricus,
628 3151 782 3186 monitus
809 3162 828 3184 a
854 3148 1025 3183 cardinali
1051 3148 1260 3190 Augustano
1287 3156 1327 3178 ac
1353 3144 1505 3177 fortasse
1531 3142 1638 3175 etiam
1665 3151 1685 3173 a
1709 3138 1860 3179 canisio,
1887 3149 1989 3172 cano-

248 3208 337 3242 nicis
371 3204 722 3247 wisensteigensibus
756 3203 821 3236 has
847 3201 1107 3241 *condiciones‚
1142 3200 1285 3243 praeter
1319 3196 1419 3237 alias,
1454 3193 1600 3240 proponi
1635 3192 1758 3226 iussit:
1800 3191 1833 3233 1)
1872 3190 1921 3224 Ut
1954 3190 1990 3223 in
