2045 3471
225 175 309 216 402
769 169 870 205 1407.
897 169 1066 204 Nicolaus
1093 169 1247 204 Lanoius
1274 168 1427 203 Canisio.

342 289 720 344 Corruptissimam
760 289 829 331 hic
869 303 1054 332 messem
1087 288 1300 343 experior.
1363 287 1484 330 Inter
1514 287 1693 339 nobiles,
1736 285 1849 342 qu[i]
1883 290 1984 331 sunt

224 355 407 410 plurimi,
450 357 542 397 tres
584 357 661 397 aut
701 356 888 407 quatuor
928 356 1100 397 tantum
1133 352 1341 396 Catholici
1383 354 1678 395 numerantur.
1730 351 1869 394 Audio
1909 351 1984 394 uix

225 421 378 463 adesse
411 419 635 473 Herbipoli
667 419 1001 469 Confessarium,
1045 418 1116 472 qui
1156 418 1272 460 norit
1313 417 1497 459 formam
1529 416 1812 460 absolutionis
1852 417 1986 471 probe

224 485 423 528 recitare.
487 484 742 539 Prophanus
774 484 923 526 Clerus
965 483 1153 525 omnium
1187 480 1374 537 ocul[0s]
1418 485 1462 525 et
1503 482 1669 524 animos
1708 481 1880 525 uidetur
1920 481 1985 524 of-

224 549 402 592 fendere
426 584 434 593 .
459 549 667 593 militaria
688 551 791 592 sunt
813 548 969 599 studia,
994 548 1036 590 in
1060 548 1212 602 quibus
1234 547 1459 602 plaerique
1482 549 1768 590 exercentur.
1788 546 1985 589 distracti

225 617 269 658 et
299 614 544 669 perturbati
577 628 724 657 omnes
756 614 848 656 fere
881 613 1054 656 ordines
1086 613 1302 656 uidentur.
1351 612 1513 665 Jtaque
1536 611 1802 654 Franconica
1832 611 1985 654 messis

224 694 309 722 non
341 694 494 734 parum
525 679 732 734 probatos
765 681 810 721 et
842 681 968 733 aptos
1000 678 1181 732 requirit
1203 677 1437 732 operarios,
1473 676 1544 730 qui
1575 677 1712 719 uelint
1744 679 1788 719 et
1820 676 1987 731 possint

226 743 528 799 charit[atem]
563 747 607 787 et
637 742 894 798 patientiam
927 743 1122 785 sedulam
1155 742 1413 785 exercitare.
1466 742 1561 795 Ego
1594 742 1648 784 ad
1671 741 1986 784 Catechismum

225 807 474 864 reuoca[re]
508 809 661 851 studeo
702 808 971 851 iuuentutem
1015 807 1285 850 contionibus
1318 806 1715 861 extraordinarijsl,
1759 809 1804 849 et
1835 819 1987 849 curare

226 873 404 929 perg[0]
439 877 487 916 vt
520 873 781 927 Confessarij
816 887 841 915 a
873 872 1249 914 Reuerendissimo
1282 872 1597 914 admoneantur
1637 871 1689 913 de
1730 870 1985 925 praecipuis,

227 953 337 993 quae
369 939 424 981 ad
457 938 730 993 poenitentes
761 937 973 980 iuuandos
1006 937 1268 991 pertinent2.
1333 936 1438 980 Oret
1478 951 1555 991 pro
1589 936 1711 978 nobis
1743 936 1789 979 P.
1814 936 1865 978 V.
1890 950 1986 977 cum

226 1004 392 1057 reliqua
432 1003 666 1054 societate,
709 1005 759 1045 vt
799 1002 989 1045 fructum
1033 1002 1220 1055 aliquem
1261 1002 1532 1056 spiritualem
1574 1001 1654 1043 hoc
1696 1001 1852 1043 misero
1893 1001 1987 1042 loco

227 1068 504 1122 colligamus,
547 1067 806 1122 praesertim
848 1067 902 1109 ad
943 1068 1071 1109 finem
1113 1067 1493 1120 Quadragesimae.
1566 1066 1775 1108 Dominus
1816 1065 1988 1107 JESVS

227 1133 415 1187 gratiam
456 1133 579 1175 nobis
622 1146 745 1175 suam
787 1146 949 1185 augere
991 1132 1205 1186 dignetur,
1249 1134 1298 1174 vt
1329 1132 1384 1173 ad
1424 1131 1595 1174 felicem
1627 1130 1987 1173 resurrectionem

227 1212 307 1241 nos
339 1198 560 1251 aliosque⁸
591 1211 936 1252 promoueamus

345 1263 536 1316 Collegia
582 1268 652 1305 etc.
704 1260 770 1316 [ut
812 1277 945 1317 supra
990 1278 1032 1318 p.
1069 1260 1189 1316 399]
1253 1261 1439 1304 Tantum
1487 1262 1649 1304 Rector
1696 1260 1989 1314 Dilingensis3

230 1329 343 1371 male
383 1329 531 1371 ualere
573 1328 740 1382 pergit,
782 1330 833 1369 vt
873 1327 989 1369 illius
1033 1326 1318 1369 imbecillitati
1363 1326 1517 1369 timere
1559 1339 1777 1380 cogamur.
1850 1325 1990 1379 Supra

227 1393 343 1436 uires
386 1393 604 1436 laborauit
646 1393 857 1434 hactenus
900 1392 943 1433 in
989 1394 1172 1445 Vtroque
1216 1392 1427 1444 collegio4
1472 1391 1775 1445 gubernando,
1831 1390 1989 1432 Rector

229 1459 355 1501 simul
388 1461 432 1501 et
453 1458 651 1500 Minister
684 1457 755 1499 diu
787 1457 882 1507 fuit,
917 1471 1013 1499 cum
1046 1457 1177 1499 alium
1210 1457 1272 1499 illi
1303 1457 1466 1498 socium
1499 1457 1603 1498 dare
1634 1470 1719 1498 non
1751 1469 1988 1510 possemus,

231 1523 370 1566 Semel
405 1526 448 1566 et
479 1523 635 1566 iterum
668 1521 844 1577 proculb
877 1525 1060 1564 vocatus
1093 1536 1118 1564 a
1150 1521 1527 1563 Reuerendissimo
1568 1520 1759 1563 medicus
1791 1519 1987 1569 accessit,

230 1588 306 1630 sed
337 1594 512 1642 parum⁰
542 1587 663 1630 iuuit.
728 1587 935 1629 Dominus
966 1586 1086 1628 illum
1119 1586 1241 1628 nobis
1273 1586 1492 1637 restituat,
1526 1589 1574 1628 ut
1607 1585 1677 1628 diu
1709 1586 1913 1640 prodesse
1945 1586 1990 1627 et

230 1666 433 1707 praeesse
465 1652 614 1707 possit.
678 1652 884 1694 Fortasse
917 1651 1119 1704 Dilingae
1160 1651 1285 1705 plura
1318 1651 1370 1693 de
1411 1651 1490 1692 hoc
1522 1651 1686 1705 scripta
1718 1653 1831 1693 sunt.
1895 1650 1989 1703 Ego

231 1717 461 1771 aliquando
494 1731 748 1772 responsum
781 1716 1029 1770 expressius
1063 1716 1273 1766 desidero,
1307 1716 1383 1757 sed
1415 1715 1530 1757 forte
1552 1715 1737 1769 scriptor
1768 1718 1987 1769 properat,

232 1785 307 1825 aut
347 1782 409 1824 sic
441 1782 580 1824 visum
622 1783 690 1824 est
720 1782 767 1824 P.
794 1781 844 1823 V.
869 1782 936 1823 cui
978 1795 1046 1823 me
1089 1784 1229 1823 totum
1271 1780 1449 1834 subijcio
1491 1783 1622 1833 atque
1664 1780 1914 1822 commendo
1946 1780 1990 1822 in

232 1847 399 1890 Christo
432 1847 537 1889 Jesu
569 1846 752 1888 Domino
786 1849 947 1889 nostro,
1012 1845 1235 1899 Herbipoli
1272 1848 1324 1887 10
1358 1845 1504 1898 Martij
1542 1847 1666 1888 1567.

1200 1915 1416 1969 <Indignus
1448 1916 1560 1958 filius
1593 1916 1638 1958 P.
1664 1915 1870 1958 Canisius.

350 1995 377 2046 †
410 1994 650 2036 Admodum
684 1994 938 2036 Reuerendo
981 1993 1022 2034 in
1057 1993 1226 2035 Christo
1259 1993 1380 2034 Patri
1413 1993 1458 2035 P.
1482 1992 1713 2035 Francisco
1747 1993 1798 2034 de
1831 1993 1991 2047 Borgia

236 2059 488 2115 Praeposito
523 2059 725 2101 Generali
757 2058 991 2101 Societatis
1023 2059 1141 2100 Jesu.
1205 2058 1381 2100 Romae.

352 2140 503 2184 Borgias
530 2139 672 2174 Canisio
698 2139 882 2183 respondit
907 2139 940 2173 5.
967 2139 1103 2183 Aprilis
1132 2139 1233 2173 1567.

236 2261 389 2298 1407.
487 2261 547 2296 P.
574 2258 914 2296 NIGOLAUS
942 2258 1238 2295 LANOIUS
1268 2259 1320 2295 S.
1348 2259 1419 2302 J„
1447 2262 1563 2294 rector
1589 2259 1729 2303 collegii
1756 2260 1993 2305 oenipontani,

423 2314 622 2349 CANISIO.
1383 2312 1582 2357 Oeniponte
1612 2313 1666 2347 11.
1693 2313 1815 2347 Martii
1844 2314 1944 2348 1567.

353 2384 408 2418 Ex
435 2383 657 2428 autographa
683 2383 806 2417 Lanoii
832 2383 875 2417 ad
903 2384 1070 2426 Borgiam
1096 2383 1260 2428 epistula.
1315 2383 1377 2426 „G.
1405 2383 1469 2427 Ep.
1496 2383 1600 2417 ῩΙΙΓι
1631 2383 1655 2417 f.
1684 2383 1761 2417 172.

353 2462 391 2495 P.
411 2461 554 2494 Natalis
578 2461 616 2494 P.
640 2461 790 2503 Georyio
811 2460 937 2502 Crispo
963 2461 1153 2503 respondit,
1180 2461 1220 2493 ob
1247 2461 1467 2504 collegiorum
1489 2461 1703 2503 parisiensis
1728 2464 1758 2492 et
1783 2460 1993 2493 lovaniensis

237 2515 393 2558 inopium
418 2514 660 2556 sodaliumque
685 2513 735 2546 tbi
759 2514 954 2556 deyentimn
980 2514 1240 2547 multitudinem
1265 2514 1346 2555 fieri
1362 2515 1422 2546 vix
1432 2524 1545 2556 posse,
1570 2517 1610 2546 ut
1631 2512 1775 2555 Crispus
1792 2513 1993 2545 studiorum

235 2579 344 2601 caiisa
370 2578 406 2600 eo
433 2569 572 2610 veniret,
601 2568 671 2599 uisi
695 2567 816 2599 saltem
838 2577 908 2609 pro
935 2567 1109 2600 alimentis
1132 2569 1319 2610 pecuniam
1345 2567 1470 2608 daret,·
1504 2567 1581 2599 ideo
1611 2566 1641 2598 ei
1659 2565 1782 2607 potius
1807 2566 1993 2608 Diliuyam

234 2621 285 2653 vel
312 2621 567 2663 Iuyolstadium
602 2620 755 2652 eundum
790 2630 867 2652 esse.
923 2619 1043 2662 Crispi
1077 2621 1218 2653 animus
1255 2621 1292 2652 in
1326 2620 1365 2652 id
1402 2620 1559 2663 inclinat,
1597 2623 1632 2652 ut
1663 2619 1832 2661 privatim
1857 2620 1993 2651 studeat

238 2675 284 2707 vel
319 2674 529 2717 Iuyolstudt'i
567 2673 615 2705 cel
651 2674 685 2705 si
721 2683 788 2715 quo
826 2673 897 2705 alio
935 2673 1009 2705 loco
1049 2673 1221 2706 commode
1254 2673 1406 2715 poterit;
1441 2674 1603 2715 primum
1643 2676 1758 2704 tamen
1796 2671 1994 2704 Lauretum

237 2738 425 2760 excurrere
451 2728 545 2768 cupit
572 2729 675 2769 atque
702 2727 750 2758 itu
778 2737 908 2767 carere,
937 2737 977 2758 ue
999 2727 1246 2768 Oenipoutani,
1273 2726 1399 2769 quibus
1425 2727 1499 2758 eius
1524 2735 1631 2767 opera
1658 2726 1691 2757 in
1721 2725 1994 2766 confessionibus

355 2801 383 2832 a)
405 2801 542 2832 Sequitur
564 2808 587 2825 υ.
608 2808 626 2824 α
648 2801 717 2825 Can..
739 2801 944 2831 oblitteratum,
966 2800 1038 2831 quod
1059 2801 1115 2832 leyi
1135 2808 1190 2824 nou
1205 2803 1308 2832 potest.
1394 2799 1424 2831 b)
1446 2801 1505 2825 Hoc
1525 2807 1548 2824 v.
1569 2807 1587 2823 α
1607 2799 1636 2823 C.
1656 2806 1747 2829 supra
1770 2806 1882 2824 versum
1901 2800 1993 2831 scrip-

238 2843 299 2865 tum
319 2845 368 2866 est.
450 2841 475 2872 e)
497 2842 635 2872 Sequitur
654 2841 776 2867 iuuatur
795 2842 839 2867 vel
858 2841 1005 2872 iuuatum‚
1024 2849 1042 2866 (ι
1063 2842 1091 2866 C.
1112 2842 1200 2866 oblitt.

360 2937 370 2956 ¹
395 2936 528 2970 Diebus
554 2937 674 2970 Lunae
709 2939 746 2970 et
770 2936 939 2970 Mercurii
974 2936 1009 2969 in
1046 2936 1200 2970 ecclesia
1225 2935 1401 2969 Minoi-um
1429 2933 1725 2968 Conventualium
1760 2933 1870 2970 totius
1895 2934 1993 2969 urbis

241 2988 358 3030 pueris
384 2989 599 3033 famulisque
627 2989 884 3023 catechismum
912 2989 1135 3034 explicabat3
1163 2989 1245 3022 vide
1271 2988 1365 3022 infra
1390 2999 1483 3022 mon.
1509 2986 1607 3020 herb.
1636 2986 1701 3029 (9).

360 3040 372 3059 2
398 3041 488 3074 Vide
515 3042 607 3075 infra
633 3053 687 3086 ep.
709 3042 799 3076 1412
825 3045 861 3076 et
886 3053 978 3076 mon.
1006 3042 1104 3076 herb.
1133 3042 1224 3085 (11).
1370 3042 1382 3061 ³
1409 3040 1447 3074 P.
1474 3039 1714 3073 Theodoricus
1742 3039 1917 3074 Canisius.

359 3093 371 3111 ⁴¹
398 3092 554 3135 Collegio
574 3094 762 3129 Societatis
789 3097 825 3129 et
842 3094 1074 3129 contubernio
1092 3094 1342 3135 studiosorum,
1366 3093 1458 3137 quod
1482 3091 1688 3134 „collegium
1709 3092 1741 3126 S.
1762 3092 1990 3137 Hie1·onymi“

241 3143 447 3178 vocabatur.
