2045 3471
208 199 292 240 630
561 195 657 230 Mon.
676 194 743 230 719
769 194 848 229 sive
874 194 935 229 dil.
956 193 1046 238 (23).
1091 194 1145 229 19.
1165 193 1262 239 Sept.
1282 195 1318 228 et
1343 194 1375 228 2.
1393 193 1479 238 Dec.
1501 194 1602 229 1566.

207 314 352 359 scripto,
379 313 438 357 qui
466 315 521 347 est
547 313 581 346 in
604 311 727 354 „NIG‘
749 312 773 345 f.
795 312 853 346 12ξι
882 312 957 352 13⁸;
985 311 1092 346 etiarn
1120 312 1154 345 in
1181 311 1270 356 Epp.
1289 312 1411 345 Nadal
1427 311 1476 345 IV
1503 311 1568 345 261
1598 311 1694 355 263).
1737 310 1968 354 Significatur

207 369 326 401 autem
353 365 509 400 Jacobus
529 366 714 399 Bausenus
740 366 818 400 sive
837 365 990 405 Baucen,
1016 364 1218 405 leodiensis,
1245 364 1358 398 frater
1382 363 1495 398 laicus
1522 364 1567 398 24
1585 364 1643 398 vel
1660 365 1704 397 25
1724 374 1835 398 annos
1859 365 1968 398 natus

209 420 246 459 (l.
263 432 291 454 c.
307 419 429 462 261¹);
456 418 516 463 qui
535 430 580 452 m.
601 418 747 452 Octobri
772 419 806 452 in
834 417 984 461 collegio
1011 417 1285 460 ingolstadiensi
1307 425 1475 461 „empt0r‚
1502 417 1736 462 dispensator,
1763 416 1967 462 praefectus

207 473 346 507 culinae
382 474 418 506 et
443 472 608 512 vestium,
645 471 841 505 excitator“
879 470 949 504 fuit
976 471 1009 514 (⁴¹
1024 472 1213 514 Catalofflcs
1247 470 1540 513 ingolstadiensis
1574 470 1719 504 ineunte
1748 482 1794 505 m.
1821 468 1968 504 Octobri

209 526 297 560 1567
324 525 491 570 scriptus,
527 524 633 567 „GSC
659 525 724 558 66“
754 524 778 558 f.
807 523 875 558 388
902 523 998 567 389).

325 578 424 620 Quod
448 578 490 612 ad
511 590 589 612 eam
616 589 660 612 ex
683 577 1018 620 „instructionibus“
1040 577 1112 611 illis
1130 577 1332 619 dilinganis,
1360 588 1451 620 quae
1474 576 1590 618 „Quae
1609 575 1699 610 dixit
1716 576 1758 611 R.
1773 576 1812 611 P.
1826 575 1968 610 Natalis

205 631 349 666 Rectori
376 631 576 674 Dilingensi
602 630 812 675 exequenda
837 630 980 664 statim“
1011 630 1227 670 inscribitur,
1262 630 1402 669 attinet,
1438 631 1583 663 Natalis
1607 629 1791 674 Herbipoli
1817 629 1873 663 26.
1899 628 1966 663 No-

205 684 363 719 vembris
391 684 481 719 1566
507 684 614 718 Petro
642 683 784 718 Canisio
818 683 1011 728 praepositi
1048 682 1259 728 provinciali
1294 683 1404 717 dixit:
1444 682 1521 724 „Sic
1551 682 1753 725 corrigatur
1778 682 1967 716 instructio

205 737 436 781 Dilingensis.
480 736 547 779 Qui
573 737 616 771 ad
635 736 909 771 Vniuersitatem
936 736 1095 777 veniunt,
1122 736 1305 770 moderate
1331 735 1450 781 potius
1479 737 1563 775 (non
1589 735 1831 779 indulgenter)
1861 745 1968 779 quam

204 803 330 826 seuere
346 791 566 825 tractentur“
592 790 653 833 (ex
672 789 827 824 indiculo
855 792 1136 834 praeceptorum,
1164 789 1221 833 qui
1247 791 1368 823 exstat
1402 789 1438 823 in
1457 788 1539 823 cod.
1563 788 1686 831 „N1G“
1709 789 1732 823 f.
1752 788 1831 828 68¹2
1859 788 1968 822 etiam

205 844 242 878 in
260 844 348 889 Epp.
365 844 484 878 Nadal
510 843 560 877 IV
578 843 676 884 324).
716 843 836 887 Atque
862 843 914 877 ita
940 845 1102 877 correcta
1127 843 1216 877 haec
1241 842 1431 877 instructio
1457 844 1640 887 comparet
1664 842 1701 876 in
1723 841 1845 884 „NIG“
1867 841 1891 876 f.
1910 842 1966 887 2²²3

205 897 254 932 ibi
289 897 383 932 enim
415 908 496 931 cum
522 896 674 941 primum
705 896 878 941 scriptum
906 898 1002 930 esset
1031 896 1066 939 (a
1092 896 1266 941 scriptore
1292 896 1453 939 ignoto):
1493 895 1580 938 „Qui
1616 895 1659 929 ad
1695 894 1968 929 uniuersitatem

205 951 354 985 ueniunt
371 950 600 992 indulgenter
617 950 736 994 potius
754 961 861 993 quam
880 961 1004 984 seuere
1022 950 1258 990 tractentur“,
1278 948 1418 983 Natalis
1433 960 1498 983 sua
1512 960 1619 983 manu
1634 960 1679 982 ex
1696 948 1963 991 „indulgenter“

206 1003 361 1037 correxit
400 1003 642 1045 „moderate“;
677 1003 722 1037 cf.
751 1004 857 1036 etiam
897 1004 1025 1037 Gomez
1050 1004 1196 1037 Rodeles
1230 1002 1253 1037 l.
1281 1014 1310 1036 c.
1338 1002 1416 1037 767.
1468 1001 1514 1036 Et
1549 1013 1629 1036 cum
1664 1002 1707 1036 de
1739 1001 1777 1035 P.
1806 1000 1967 1046 Gaspare

205 1056 370 1090 Haivodo
397 1056 430 1090 S.
458 1056 491 1090 J.
518 1056 769 1090 universitatis
805 1055 1009 1099 dilinganae
1044 1056 1246 1100 professore
1282 1055 1324 1089 ad
1356 1055 1578 1097 „licentiam“
1608 1055 1643 1088 in
1669 1054 1844 1089 facultate
1870 1054 1966 1088 theo-

204 1110 322 1154 logica
349 1110 589 1154 promovendo
607 1110 761 1153 Boryias
777 1109 891 1143 Roma
916 1110 948 1143 3.
968 1109 1188 1154 Septembris
1209 1109 1298 1143 1566
1325 1108 1447 1142 Natali
1472 1108 1697 1153 scripsisset:
1727 1107 1798 1150 „Mi
1823 1108 1967 1142 rirnetto

206 1175 227 1198 a
252 1163 296 1197 V.
323 1163 376 1200 R..
411 1163 509 1197 udito
543 1162 569 1196 il
604 1174 730 1207 parere
756 1162 813 1196 del
839 1162 878 1197 P.
907 1162 1068 1196 Canisio“
1100 1162 1205 1207 (Epp.
1232 1163 1355 1196 Nadal
1380 1161 1431 1195 III
1458 1161 1555 1205 229),
1590 1162 1733 1195 Natalis
1758 1161 1881 1195 eodem
1906 1161 1967 1195 illo

206 1217 262 1251 die
288 1217 343 1250 26.
362 1216 576 1250 Novembris
597 1216 686 1250 1566
714 1215 896 1250 Canisium
923 1216 1078 1250 monuit:
1111 1215 1239 1258 „Pater
1257 1215 1442 1260 Gasparus
1460 1214 1601 1258 Anglus
1619 1214 1818 1259 promoueri
1837 1214 1969 1259 poterit

205 1271 240 1304 in
266 1270 489 1304 licentiatum
515 1268 742 1313 Theologiae,
778 1281 849 1313 qua
874 1269 910 1302 in
936 1281 974 1303 re
1000 1268 1109 1303 Pater
1133 1268 1274 1302 Natalis
1308 1279 1346 1302 se
1372 1267 1524 1302 remittit
1549 1268 1594 1302 ad
1621 1268 1857 1302 conscientias
1883 1279 1966 1301 exa-

205 1324 420 1357 minatorum
447 1326 483 1357 et
508 1322 672 1357 Rectoris
697 1322 899 1366 Dilingani“
926 1322 986 1365 (ex
1012 1322 1178 1363 indiculo,
1206 1321 1267 1366 qui
1294 1323 1417 1355 exstat
1441 1321 1477 1355 in
1500 1320 1622 1363 „N1G“
1644 1321 1669 1355 f.
1689 1321 1769 1357 67¹³:
1797 1321 1905 1355 etiam
1931 1321 1967 1354 in

206 1377 294 1422 Epp.
322 1377 444 1410 Nadal
469 1377 519 1411 IV
546 1376 644 1419 322).

324 1430 494 1473 Borgias‚
530 1441 620 1474 quae
654 1429 797 1464 Natalis
822 1428 988 1472 Dilingae
1023 1430 1202 1463 statuerat
1235 1427 1295 1461 vel
1331 1428 1663 1470 commendaverat,
1697 1427 1830 1462 litteris
1855 1426 1966 1461 Roma

206 1485 239 1519 8.
266 1483 422 1518 Ianuarii
450 1484 539 1518 1567
567 1483 611 1517 ad
638 1494 717 1517 eum
745 1482 839 1516 datis
866 1482 1032 1527 probavit
1060 1482 1165 1527 (Epp.
1191 1483 1314 1516 Nadal
1339 1482 1390 1515 ΙΙΙ
1417 1482 1513 1525 364).

209 1598 306 1635 719
332 1600 410 1633 sive
438 1597 532 1633 dil.
553 1596 688 1643 (23).
763 1596 811 1632 19.
838 1595 1063 1643 Septembris
1090 1597 1127 1632 et
1154 1596 1186 1632 2.
1213 1595 1421 1632 Decembris
1447 1595 1541 1632 1566.

325 1670 379 1704 Ex
406 1669 578 1712 Swagerii
613 1668 767 1714 epistula
801 1668 1025 1713 autographa
1060 1670 1096 1702 et
1121 1681 1166 1702 ex
1191 1667 1392 1702 litterarum
1420 1667 1572 1712 Borgiae
1607 1667 1813 1713 apographo
1845 1667 1967 1702 eodem

205 1725 365 1768 tempore
391 1723 535 1768 scripto.
590 1722 652 1765 „G.
681 1723 744 1767 Ep.
771 1722 858 1757 Vir*
890 1722 914 1756 f.
944 1722 1010 1756 166
1037 1724 1073 1756 et
1102 1721 1241 1764 „Gernr
1269 1722 1334 1756 65“
1364 1722 1387 1755 f.
1415 1721 1510 1756 200³.

327 1789 366 1822 P.
396 1789 584 1822 ΟοηφίιὰἰιδἸ
619 1789 820 1829 Swaqerius
854 1800 930 1821 cum
971 1789 1106 1831 Boryza
1138 1789 1344 1830 praeposito
1379 1787 1539 1829 yenerali
1575 1787 1823 1830 conqueritur,
1863 1787 1967 1829 qnod,

209 1843 357 1884 Dilfnya
392 1843 579 1884 discedens,
616 1853 637 1873 α
665 1842 732 1874 ΡΡ.
760 1842 889 1875 Natale
923 1846 951 1874 et
982 1842 1137 1875 Canisz'is
1170 1842 1285 1874 sacris
1319 1841 1448 1883 officiis
1481 1841 1687 1873 interdictas
1720 1840 1775 1882 sit,
1810 1843 1840 1872 et
1874 1840 1967 1882 quod

208 1896 247 1929 P.
274 1896 399 1928 Petrus
429 1895 595 1928 Canisius
619 1895 708 1928 dure
732 1906 844 1928 secum
873 1900 966 1938 ayat,
998 1895 1169 1928 nolentem
1193 1905 1227 1927 se
1253 1893 1301 1927 ad
1327 1894 1531 1927 Societatem
1556 1894 1721 1926 reducere
1745 1893 1835 1936 velit,
1869 1892 1967 1935 apud

209 1951 407 1992 episcopum
437 1950 699 1991 passave'ensem
736 1949 778 1980 de
813 1949 915 1990 fama
943 1959 1011 1981 sua
1048 1947 1235 1989 detrahat‚·
1271 1948 1368 1990 fore,
1406 1951 1446 1979 ut
1481 1948 1553 1989 ipse
1585 1951 1725 1979 strenue
1761 1957 1796 1979 se
1828 1950 1966 1989 puryet.

210 2004 243 2036 Α
269 2003 404 2045 Βονφῗα
434 2003 532 2044 petit,
566 2006 606 2034 ‘eet
633 2002 815 2034 Societatis
846 2003 932 2034 votis
957 2002 1124 2035 solvatur.
1175 2001 1240 2034 Ille
1266 2001 1483 2043 Sesami-[um
1510 2004 1671 2032 amanter
1696 2004 1820 2042 monet,
1855 2004 1893 2032 ut
1918 1999 1968 2031 rel

208 2066 321 2088 secum
357 2055 499 2093 Romae,
534 2055 583 2087 vel
618 2065 695 2086 cnm
725 2055 942 2097 provinciali
977 2055 1158 2096 Aastriae,
1194 2055 1244 2086 rel
1279 2065 1356 2087 cum
1383 2054 1511 2086 Natale
1545 2055 1659 2096 ipsove
1696 2053 1839 2086 Canisio
1874 2056 1966 2095 ayat,

208 2110 325 2142 sedato
348 2113 462 2141 tamen
489 2112 517 2140 et
540 2108 686 2140 demisso
705 2109 834 2140 (mimo.

330 2174 368 2206 P.
407 2173 621 2217 „Conradns
657 2172 857 2213 Schwc‘zgyerl
896 2169 1101 2214 palatinus“
1139 2172 1174 2205 S.
1207 2173 1261 2214 J„
1304 2182 1381 2204 eum
1423 2172 1576 2212 laboris,
1619 2171 1681 2214 qui
1721 2172 1760 2203 in
1796 2170 1967 2213 theoloyia

211 2226 379 2267 Dilinqae
416 2226 593 2258 tradenda
638 2226 892 2267 impendendus
939 2230 1032 2266 erat,
1075 2229 1178 2267 atque
1215 2224 1451 2257 oboedientiae
1491 2224 1676 2266 reliyz'osae
1711 2227 1892 2266 pertaesus
1938 2227 1967 2255 et

211 2280 420 2311 valetudinis
454 2289 542 2311 cura
574 2288 684 2321 paene.
719 2278 905 2320 absorptus
939 2289 983 2311 m.
1017 2278 1141 2320 Aprili
1176 2279 1268 2310 1566
1302 2278 1340 2309 in
1368 2279 1529 2320 patriam
1566 2277 1691 2309 abisset
1726 2276 1822 2315 (vide
1854 2286 1967 2318 supra

209 2343 244 2375 p.
273 2332 372 2374 616),
407 2332 566 2373 Albim-90
605 2331 701 2372 (vide
733 2341 845 2373 supra
878 2342 916 2373 p.
953 2332 1042 2371 313)
1082 2333 1134 2363 19.
1163 2330 1374 2373 Septembris
1408 2331 1502 2363 1566
1537 2330 1667 2362 Sancto
1698 2330 1892 2362 Francfsco
1927 2329 1968 2361 de

211 2386 358 2428 Borma,
395 2385 578 2418 Societatis
609 2385 811 2427 praeposito
843 2385 1012 2426 yenerali,
1048 2385 1212 2425 scripsit:
1247 2382 1407 2416 Licentia
1443 2384 1479 2415 et
1512 2382 1686 2415 facultate
1718 2381 1770 2416 .D.
1802 2380 1968 2415 Natalis²

212 2439 248 2471 et
265 2437 412 2471 aliorum
429 2438 438 2456 ¹
457 2436 605 2470 discessi
623 2448 644 2470 a
661 2436 772 2477 uobis,
799 2437 861 2470 sed
880 2436 931 2470 ita
950 2436 1104 2480 quidem,
1131 2438 1171 2469 ut
1196 2436 1239 2469 ad
1259 2436 1299 2469 R.
1320 2435 1358 2469 P.
1378 2435 1417 2470 T.
1436 2435 1559 2469 literas
1585 2435 1693 2468 etiam
1719 2434 1839 2468 darem
1859 2445 1967 2475 meas,

211 2490 340 2534 quibus
374 2492 537 2523 uotorum
563 2501 721 2523 meorum
756 2489 971 2533 simplicium
1003 2489 1230 2533 deposcerem
1261 2488 1549 2528 dissolutionem;
1583 2487 1650 2521 hoc
1685 2499 1753 2521 non
1787 2487 1968 2530 grauatim

212 2555 300 2577 onus
325 2543 467 2587 suscepi
480 2543 502 2583 ²,
529 2543 623 2576 sicut
647 2542 734 2576 illud
762 2542 933 2576 molaeste
950 2541 1028 2583 tuli,
1055 2542 1146 2585 quod
1174 2553 1229 2575 me
1247 2542 1469 2585 increpatum
1495 2540 1594 2585 prius
1612 2540 1815 2585 plurimum,
1842 2540 1968 2574 deinde

212 2596 324 2630 sacris
350 2596 613 2629 interdixerunt
638 2594 777 2639 officijs,
810 2594 1071 2639 suspenderunt
1107 2598 1143 2629 et
1167 2595 1420 2639 propemodum
1447 2593 1818 2627 excommunicarunt:
1854 2592 1967 2627 Vsum

213 2652 249 2683 et
275 2649 567 2683 consuetudinem
603 2648 695 2682 hanc
730 2649 827 2682 sensi
862 2649 961 2692 prius
987 2659 1066 2682 esse
1092 2648 1185 2692 apud
1212 2659 1286 2688 nos,
1323 2658 1429 2691 quam
1456 2647 1572 2686 didici,
1608 2645 1698 2687 Quid
1724 2647 1799 2679 tum
1825 2646 1968 2689 quidem

214 2702 379 2742 dixerint,
407 2701 491 2746 quid
516 2701 678 2741 fecerint,
706 2704 825 2735 mente
850 2701 967 2735 adhuc
993 2703 1029 2735 et
1055 2701 1172 2734 animo
1199 2700 1317 2734 defixa
1342 2699 1490 2734 retineo.
1528 2699 1696 2733 Putarem
1724 2698 1865 2732 omnino
1891 2710 1967 2742 ego,

216 2755 284 2787 imo
311 2755 415 2798 plane
441 2765 579 2788 mecum
607 2754 841 2788 constitutum
868 2754 992 2795 habeo,
1027 2765 1097 2787 non
1129 2753 1363 2796 affligendum
1391 2764 1470 2786 esse
1496 2763 1586 2791 eum,
1621 2763 1687 2785 nec
1720 2750 1966 2786 lacessendum

217 2807 347 2848 uerbis,
382 2808 436 2841 cui
473 2819 574 2852 opem
611 2807 715 2848 ferre,
751 2807 787 2840 in
823 2808 997 2841 extremis
1022 2806 1203 2851 periculis,
1229 2818 1298 2839 non
1325 2805 1460 2839 uolunt.
1511 2804 1656 2838 Infirmo
1681 2803 1769 2837 mihi
1795 2806 1832 2838 et
1857 2804 1968 2838 multo

217 2859 399 2893 literarum
428 2860 546 2894 studio
572 2860 781 2903 defatigato,
808 2860 1006 2894 adiutorem
1034 2860 1237 2900 concedere,
1264 2858 1425 2901 grauiter
1450 2857 1534 2891 tulit
1559 2858 1595 2890 et
1618 2856 1769 2891 moleste
1795 2856 1970 2891 Canisius.

218 2912 272 2945 Ad
299 2912 437 2946 itineris
463 2913 699 2947 difficultates
725 2913 957 2958 superandas,
992 2912 1090 2946 nullo
1116 2924 1172 2946 me
1199 2912 1331 2946 uiatico
1358 2910 1596 2955 prosequutus
1621 2911 1688 2951 est,
1721 2921 1766 2943 ne
1791 2910 1969 2944 sextercio

219 2964 371 3007 quidem.
407 2965 515 2999 Euasi
540 2977 644 3006 nunc,
670 2967 802 3010 partim
829 2977 910 2999 aere
937 2965 1052 2999 alieno
1079 2967 1114 2999 et
1138 2966 1302 2998 mutuato
1328 2964 1483 3004 adiutus,
1510 2962 1640 3008 partim
1659 2973 1766 3006 opera
1791 2965 1826 2997 et
1852 2962 1971 2996 studio

337 3034 363 3063 a)
384 3034 448 3058 Duo
469 3042 508 3058 rv.
529 3042 587 3066 sqq.
608 3036 642 3059 ab
663 3036 690 3060 S.
710 3043 802 3067 supra
822 3043 936 3060 versum
955 3035 1065 3066 scripta
1085 3038 1160 3059 sunt.

343 3126 353 3144 ¹
379 3125 419 3158 P.
445 3127 544 3160 Petri
571 3127 704 3161 Canisii
730 3127 962 3171 provincialis
998 3130 1034 3161 et
1059 3127 1098 3162 P.
1125 3125 1336 3161 Theodorici
1362 3125 1495 3159 Canisii
1521 3123 1832 3169 viceprovincialis
1858 3125 1969 3157 recto-

221 3177 342 3221 risque
369 3178 558 3221 dilingani;
586 3179 668 3213 vide
694 3191 803 3224 supra
828 3192 862 3224 p.
882 3181 1079 3214 615-617.
1225 3180 1238 3200 2
1264 3179 1355 3212 Vide
1380 3189 1489 3223 supra
1516 3189 1547 3222 p.
1567 3177 1634 3211 613
1661 3177 1739 3211 616.
