2045 3471
672 193 782 228 Roma
810 194 841 228 3.
870 193 1090 238 Septembris
1118 193 1217 227 1566.
1744 198 1826 239 307

189 312 249 353 Le
281 326 379 353 cose
412 312 480 354 del
514 312 560 355 P.
584 313 802 355 Martin01
835 312 1075 354 conferisca
1098 312 1149 354 V.
1174 312 1224 354 R.
1259 313 1325 354 001
1358 313 1404 355 P.
1428 313 1620 356 Maestro
1654 314 1827 364 Natale,

71 381 115 419 et
146 377 341 419 facciano
375 391 494 419 come
526 377 683 430 meglio
716 378 745 419 li
777 391 934 432 parera
964 378 1006 419 in
1040 377 1236 420 Domino.

191 441 338 491 Questi
370 442 510 494 giorni
542 443 719 496 passati,
752 457 830 497 per
860 445 985 497 parte
1018 443 1059 483 di
1083 443 1167 484 Sua
1190 442 1362 484 Santita
1384 444 1406 484 e'
1429 446 1546 486 stato
1579 444 1681 486 dato
1713 445 1741 486 l’
1760 458 1830 485 33-

70 509 198 549 sunto
240 509 266 548 a
298 507 430 560 quelli
471 507 568 549 dela
600 507 864 561 Compagnia
896 507 971 560 qus
1001 507 1043 549 di
1083 507 1228 549 uoltar
1257 507 1285 548 il
1321 508 1582 550 catechismo
1614 510 1756 550 1101102
1788 509 1830 551 10

70 571 288 622 todescho,
323 574 367 614 et
398 572 428 613 il
450 572 496 615 P.
523 572 759 626 Gregorioss
792 572 999 614 comincio
1031 573 1074 614 la
1105 571 1406 622 translatione,
1440 587 1511 614 ma
1544 573 1738 616 douendo
1772 573 1831 616 lui

71 636 290 679 mandarsi
322 636 366 678 in
400 637 646 687 Germania,
690 640 735 679 et
768 637 1026 679 laudandoci
1060 638 1087 678 il
1119 640 1309 680 inaestro
1342 637 1530 691 Georgio
1561 639 1787 680 Scoruccio
1801 640 1829 689 4,

69 702 112 744 la
145 701 365 754 elegantia
406 702 474 743 del
506 702 558 744 D.
582 702 747 743 Paulo5
779 702 895 743 nella
935 702 1085 755 lingua
1125 702 1315 752 todesca,
1359 701 1394 743 si
1437 703 1460 744 e
1491 703 1662 756 parlato
1696 706 1720 745 3
1753 718 1831 745 3113

71 767 236 809 santita
268 767 346 808 che
377 766 413 808 si
446 767 785 808 contentarebbe
819 767 896 808 che
927 767 957 808 11
991 767 1111 809 detto
1143 768 1194 810 D.
1218 767 1351 809 Paulo
1385 767 1428 809 la
1460 767 1618 810 facessi
1649 768 1693 810 in
1726 768 1831 810 Ger-

71 832 215 873 mania
246 830 404 885 perche
436 832 572 873 anche
605 831 648 873 ui
680 832 796 873 saria
827 832 870 873 la
902 846 1084 873 censura
1117 832 1169 874 de
1201 831 1253 874 V.
1277 832 1328 874 R.
1363 835 1407 874 et
1448 833 1483 874 si
1525 833 1745 875 accadessi
1780 833 1831 875 de

72 897 225 938 alcuno
258 896 370 938 altro
405 896 456 937 de
489 896 638 946 nostri,
682 900 726 939 et
758 896 785 937 li
819 910 947 950 parse
979 898 1100 947 bene,
1145 899 1189 939 et
1221 897 1335 939 satta
1375 897 1418 939 la
1448 898 1737 940 translatione
1769 899 1832 939 bi-

72 975 259 1015 3030013
302 961 567 1003 rimandarla
612 963 637 1002 3
682 961 830 1010 Roma,
876 962 1034 1015 perche
1071 962 1190 1003 forsa
1231 964 1303 1014 qui
1343 962 1386 1003 la
1425 965 1555 1004 uorra
1596 966 1830 1017 stampare.

71 1026 123 1069 V.
149 1026 198 1069 R.
230 1040 285 1068 ne
317 1025 475 1068 habbia
507 1040 611 1067 cura
644 1026 684 1067 di
717 1028 871 1079 questa
904 1041 1017 1076 cosa,
1053 1030 1097 1068 et
1129 1026 1344 1069 conferira
1376 1031 1528 1080 questo
1562 1029 1628 1070 001
1661 1029 1707 1072 P.
1740 1028 1832 1070 Na-

71 1092 174 1141 tale,
207 1091 243 1133 si
276 1091 468 1133 scriuera
500 1091 637 1133 anche
670 1092 712 1133 al
746 1092 796 1133 D.
832 1091 965 1133 Paulo
998 1091 1040 1133 ui
1074 1086 1304 1134 attendass.
1327 1092 1357 1133 il
1390 1093 1623 1134 medesimo
1656 1094 1703 1135 P.
1727 1093 1830 1136 Gre-

71 1157 191 1211 gorio
234 1156 326 1198 dira
367 1156 439 1210 piu
471 1156 514 1197 in
557 1156 821 1210 particolare
864 1157 1015 1198 alcune
1058 1171 1178 1207 cose,
1224 1170 1277 1198 ne
1319 1157 1432 1199 altro
1475 1172 1649 1200 occorre
1690 1158 1734 1200 in
1774 1158 1832 1200 ri-

71 1224 242 1276 sposta,
287 1234 420 1262 senon
464 1220 542 1262 che
583 1221 687 1263 tutti
731 1221 767 1262 ci
809 1221 1186 1263 raccomandiamo
1230 1227 1298 1263 etc.
1361 1222 1426 1263 De
1468 1223 1606 1264 Roma
1646 1222 1675 1264 li
1717 1225 1756 1266 3.
1791 1223 1829 1264 di

73 1287 308 1330 settembre
344 1287 468 1327 1566.

190 1352 233 1393 10
267 1365 365 1393 0330
407 1350 485 1392 0110
525 1351 553 1391 11
596 1350 642 1393 P.
666 1350 827 1393 Natale
868 1350 975 1393 fossi
1016 1351 1175 1393 andato
1209 1353 1235 1392 a
1267 1351 1458 1401 Polonia‚
1495 1352 1544 1394 V.
1568 1352 1619 1394 R.
1654 1367 1762 1406 apra
1793 1353 1832 1394 10

71 1418 228 1460 lettere
261 1416 339 1458 0110
371 1418 554 1470 portano
587 1429 664 1469 per
697 1415 757 1457 lui
799 1415 829 1458 li
860 1415 999 1458 nostri
1031 1415 1139 1457 hieri
1179 1416 1331 1470 partiti
1364 1430 1442 1470 per
1475 1416 1705 1460 Germania
1719 1418 1747 1468 ⁷,
1791 1422 1832 1459 et

73 1483 184 1525 altre
216 1495 263 1523 se
294 1480 337 1522 ui
369 1480 544 1523 fossino.

193 1546 272 1596 Qui
312 1546 348 1587 si
389 1545 603 1587 mandano
645 1545 789 1587 alcuni
830 1545 950 1599 ponti
992 1544 1189 1588 annotati
1229 1559 1360 1599 sopra
1400 1546 1427 1587 l'
1451 1545 1740 1588 instrumento
1784 1547 1833 1589 de

74 1612 260 1664 Dilinga,
303 1612 347 1652 et
378 1610 415 1652 si
455 1624 540 1651 non
571 1609 600 1650 li
633 1610 849 1651 risoluono
888 1610 1161 1652 facilmentea
1198 1610 1226 1651 il
1259 1610 1305 1652 P.
1329 1610 1491 1652 Natale
1534 1614 1578 1654 et
1609 1612 1662 1654 V.
1686 1612 1738 1654 R.
1772 1611 1834 1653 bi-

75 1691 261 1732 sognera
293 1676 328 1717 si
361 1674 655 1716 conferiscano
690 1675 813 1716 conlo
846 1675 1142 1717 Illustrissimo
1176 1675 1414 1718 Cardinale.

195 1775 228 1809 S.
255 1775 474 1808 Frcmce'scus
500 1775 654 1816 Βονῃῖαδ
679 1773 793 1807 Roma
820 1773 851 1807 3.
872 1773 1092 1818 Septembris
1122 1774 1211 1808 1566
1237 1774 1277 1809 Ρ.
1300 1773 1423 1808 Natali
1449 1773 1614 1819 scripsit:
1646 1774 1733 1817 „Del
1759 1786 1837 1808 con-

75 1831 186 1863 tratto
221 1827 264 1861 de
290 1827 435 1870 Dilinga
473 1827 503 1860 31
530 1826 705 1860 mandano
733 1826 851 1860 alcuni
879 1826 1000 1871 dubbij
1040 1826 1063 1860 li
1091 1827 1189 1870 quali
1213 1839 1283 1860 non
1309 1827 1340 1861 si
1367 1827 1570 1861 risoluendo
1596 1827 1838 1862 chiaramente

75 1893 181 1916 senza
208 1880 390 1914 mostrarli
415 1879 474 1913 all'
490 1879 740 1913 Illustrissimo
759 1879 927 1913 Cardinal
952 1891 990 1913 se
1008 1879 1033 1914 li
1052 1883 1226 1924 potranno
1243 1883 1419 1914 mostrare
1434 1907 1441 1914 .
1458 1881 1562 1914 credo
1579 1880 1610 1914 si
1629 1881 1838 1915 drizaranno

75 1935 109 1970 al
127 1935 243 1969 Padre
263 1933 424 1968 Canisio‘
450 1933 511 1975 (ex
529 1932 725 1977 archetypo
753 1933 796 1966 ab
823 1932 900 1977 ipso
918 1932 1049 1976 Borgia
1070 1933 1282 1978 subscripto,
1310 1933 1403 1977 quod
1432 1936 1487 1967 est
1512 1934 1546 1967 in
1570 1933 1670 1976 „EB‘
1700 1935 1835 1971 n.186;

76 1988 183 2023 etiam
210 1988 245 2021 in
272 1987 360 2031 Epp.
387 1987 509 2020 Nadal
535 1986 585 2019 ΙΙΙ
612 1986 711 2029 230).
763 1986 882 2030 Atque
917 1989 994 2020 tum
1031 1998 1076 2020 ex
1101 1986 1213 2020 altero
1246 1986 1307 2020 illo
1333 1986 1570 2031 Postscriptoy
1606 1988 1699 2030 quod
1735 1987 1837 2020 modo

75 2043 188 2087 posui,
215 2044 291 2074 tum
318 2052 363 2073 ex
390 2039 524 2073 Canisii
550 2038 705 2083 epistula
724 2039 871 2082 Dilinga
897 2039 953 2073 22.
973 2039 1194 2084 Septembris
1214 2040 1304 2074 1566
1331 2040 1374 2073 ad
1394 2040 1562 2083 Borgiam
1591 2040 1674 2074 data
1700 2040 1836 2074 intelle-

75 2095 182 2138 gitur,
218 2104 344 2138 reapse
371 2092 621 2126 annotationes
646 2092 729 2126 illas
756 2093 787 2128 3.
816 2092 1036 2137 Septembris
1065 2093 1155 2127 1566
1188 2093 1231 2126 ad
1259 2093 1441 2127 Canisium
1469 2094 1599 2127 missas
1626 2105 1716 2127 esse.
1767 2093 1838 2127 Eas

75 2148 133 2182 hic
168 2158 259 2192 pono
294 2158 339 2179 ex
364 2144 571 2190 apographo
600 2144 661 2188 (A)
693 2146 816 2179 eodem
843 2145 918 2179 fere
943 2148 1104 2191 tempore
1142 2146 1177 2179 in
1203 2146 1356 2189 Borgiae
1383 2146 1552 2189 Registro
1582 2145 1742 2188 („Germ.
1770 2147 1832 2179 6.5“

75 2202 100 2236 f.
129 2201 215 2241 17&
251 2200 287 2233 in
321 2199 494 2241 margine,
532 2198 655 2232 eadem
691 2210 819 2233 manu:
851 2198 909 2240 „R
938 2198 1118 2242 Canisio“)
1147 2199 1273 2243 posito,
1309 2199 1403 2243 quod
1441 2199 1574 2233 contuli
1610 2210 1689 2233 cum
1725 2199 1837 2232 altero

195 2277 221 2306 a)
243 2276 279 2300 Ιη
298 2284 345 2307 (tp.
364 2275 497 2306 sequitur
516 2273 550 2300 V.
565 2273 607 2301 11..
627 2275 716 2299 oblitt.

199 2386 206 2404 ¹
234 2383 274 2417 P.
299 2382 446 2416 Martini
473 2381 717 2422 Stevordiani:
748 2381 828 2415 vide
854 2393 963 2426 supra
989 2394 1021 2426 p.
1050 2381 1130 2416 290.

195 2437 208 2457 2
235 2436 322 2470 Cum
365 2435 556 2469 concilium
599 2435 848 2469 Tridentinum
891 2434 1197 2475 „Catechismum‘
1243 2434 1278 2467 in
1328 2445 1432 2468 usum
1484 2433 1730 2478 parochorum,
1778 2435 1836 2478 qui

77 2490 274 2524 doctrinam
308 2488 541 2522 christianam
576 2488 705 2532 populo
741 2488 941 2532 exposituri
976 2490 1107 2529 essent,
1144 2499 1206 2532 per
1240 2486 1398 2520 delectos
1435 2490 1556 2531 patres
1592 2487 1767 2521 conscribi
1802 2491 1838 2521 et

77 2555 139 2588 per
174 2553 351 2577 summum
386 2541 591 2586 pontificem
626 2540 766 2574 absolvi
802 2543 838 2574 et
873 2541 1036 2583 evulgari
1072 2541 1239 2574 iussisset
1274 2539 1386 2583 (8033.
1414 2540 1542 2579 XXIV,
1579 2552 1607 2574 0.
1636 2541 1654 2573 7
1683 2541 1725 2574 (10
1752 2541 1835 2581 ref.;

79 2597 171 2630 Sess.
210 2594 310 2628 XXV
349 2594 390 2627 de
430 2593 544 2627 indice
583 2594 679 2635 etc),
720 2594 820 2627 1113311
859 2593 912 2627 Pii
950 2594 1008 2627 lV.
1049 2596 1084 2627 et
1122 2593 1328 2627 curantibus
1369 2592 1610 2626 cardinalibus
1649 2592 1836 2626 S.Ca1·olo

77 2650 290 2683 Borromaeo
329 2650 364 2681 et
403 2645 592 2680 Guilielmo
630 2646 759 2680 Sir-leto
796 2647 967 2681 eiusmodi
1006 2647 1095 2680 liber
1130 2658 1149 2680 a
1188 2645 1275 2679 viris
1314 2645 1541 2686 doctissimis,
1580 2647 1619 2678 ut
1656 2645 1836 2680 Leonardo

77 2702 216 2736 Marino
243 2701 283 2735 O.
310 2700 368 2734 Pr.
405 2699 672 2743 archiepiscopo
708 2699 940 2740 lancianensi,
974 2700 1123 2743 Aegidio
1151 2698 1358 2732 Fosearario
1386 2698 1426 2732 O.
1459 2699 1512 2731 l'r.
1540 2698 1706 2743 episcopo
1733 2700 1836 2733 muti-

77 2756 189 2797 nensi,
216 2755 414 2788 Francesco
440 2752 583 2786 Forerio
610 2751 650 2785 O.
679 2752 749 2792 Pr„
785 2753 1004 2797 compositus
1040 2756 1076 2786 et
1110 2764 1130 2785 a
1169 2751 1257 2784 lulio
1284 2751 1442 2794 Pogiano
1470 2751 1610 2784 homine
1637 2751 1738 2785 latini
1765 2763 1835 2786 ser-

79 2809 193 2842 monis
218 2807 434 2852 peritissimo
461 2805 651 2839 verborum
679 2805 859 2847 elegantia
885 2808 1031 2839 ornatus
1059 2808 1124 2845 est,
1151 2808 1258 2847 atque
1286 2805 1334 2837 ita
1362 2804 1493 2837 h'omae
1520 2815 1549 2837 a.
1568 2805 1657 2838 1566
1685 2805 1835 2848 insignis

78 2861 137 2895 ille
167 2860 454 2903 „Catechismus“
486 2870 654 2892 romanus
680 2858 758 2891 sivc
786 2858 1012 2897 tridentinus,
1040 2869 1145 2901 quem
1172 2859 1311 2897 vocant,
1351 2858 1451 2890 1113311
1479 2856 1511 2890 S.
1540 2856 1594 2890 Pii
1613 2856 1654 2891 V.
1683 2858 1835 2902 primum

79 2914 114 2948 in
140 2915 257 2948 lucem
284 2915 338 2947 est
364 2912 529 2946 emissus.

199 2969 210 2987 3
237 2967 276 3000 P.
304 2965 498 3008 Gregorius
526 2964 722 3003 Roseffius3
753 2963 833 2996 vide
859 2975 967 3007 supra
993 2975 1026 3007 p.
1056 2963 1135 2997 261.

199 3023 209 3039 ⁴
236 3019 276 3053 P.
296 3018 471 3061 Georgius
491 3017 729 3056 Schorichius,
751 3016 844 3049 haud
864 3015 974 3049 multo
994 3018 1078 3049 ante
1097 3015 1243 3048 Romam
1262 3015 1456 3055 advectus3
1477 3015 1558 3049 vide
1576 3027 1685 3061 supra
1704 3029 1736 3061 p.
1756 3017 1835 3052 284.

200 3074 211 3092 ⁵
238 3072 276 3105 P.
305 3071 406 3105 Pauli
433 3071 592 3109 Hoffaei;
620 3070 679 3113 qui
706 3070 771 3102 hoc
800 3071 959 3113 tempore
986 3067 1163 3101 Monachii
1190 3067 1352 3110 degebat.

199 3126 212 3144 ὃ
238 3124 313 3158 Η33
338 3124 479 3157 litteras
506 3123 586 3156 vide
614 3123 707 3156 infra
734 3133 889 3155 monum.
908 3133 983 3155 var.
1005 3121 1096 3163 (20).

201 3178 212 3197 ἵ
238 3177 347 3211 Binas
371 3176 480 3210 hasce
505 3176 646 3209 litteras
672 3175 753 3208 vide
781 3174 816 3207 in
843 3174 931 3219 Epp.
960 3175 1080 3207 Naclctl
1106 3173 1155 3207 111
1183 3174 1380 3207 224—225.

1483 3233 1552 3268 20*
