2045 3471
209 190 292 230 <322
682 187 775 222 Mon.
796 188 865 222 714
890 188 967 222 sive
994 188 1053 222 dil.
1076 188 1166 232 (18).
1209 188 1265 223 31.
1285 188 1365 222 Iulii
1387 189 1488 223 1566.

205 312 321 354 mani
353 311 558 365 principis
589 311 804 353 infirmum
837 312 1025 354 animum
1059 312 1237 366 grauius
1269 312 1499 366 affligeret.
1553 313 1640 355 Res
1663 313 1845 366 denique
1877 316 1976 356 tota

204 377 383 430 pacifice
414 378 640 418 transacta
663 376 848 427 videtur,
883 377 1029 420 Habet
1061 377 1337 419 nihilominus
1368 378 1482 420 male
1512 378 1702 420 nonnihil
1727 381 1973 433 patronum,

205 443 254 484 vt
286 442 471 490 videtur,
506 442 619 494 quod
652 456 737 483 non
768 444 836 484 tot
869 445 913 484 et
944 445 1093 485 tantas
1126 443 1169 484 in
1202 442 1404 484 curandis
1436 443 1587 497 templi
1610 443 1895 497 cerimonijs1‚
1929 443 1972 484 in

206 507 346 548 dando
379 506 530 548 maiori
562 507 857 560 professorum
888 521 1067 549 numero
1101 509 1182 550 etc.
1217 507 1505 560 obligationes
1537 508 1755 562 suscipere
1788 508 1976 550 voluerit

205 571 405 614 societas.
460 572 621 613 Verum
663 571 957 625 importabilia
998 575 1136 622 erant,
1180 586 1290 625 quae
1330 572 1552 626 imponere
1592 573 1715 614 nobis
1756 574 1971 622 tentabat,

206 650 361 686 onera,
405 650 501 678 cum
543 639 689 678 tamen
732 637 784 678 de
817 637 995 691 Collegij
1038 637 1248 679 dimidiati
1289 637 1543 679 fundatione
1584 651 1662 679 nos
1704 641 1846 680 certos
1886 651 1972 679 non

204 701 384 752 faceret,
418 705 463 744 et
495 701 646 743 eadem
670 716 695 743 a
718 701 955 752 dimidiato,
990 716 1100 755 quae
1134 716 1159 743 a
1191 702 1318 755 pleno
1341 702 1545 755 Collegio,
1579 703 1845 756 praestanda
1877 716 1973 744 esse

207 769 416 809 censeret.

324 853 500 886 Polanczcs
525 852 638 886 Roma
675 853 728 887 12.
756 853 848 886 Iunii
875 853 965 887 1565
993 853 1212 886 Theodorico
1249 853 1390 888 Canisio
1427 853 1669 898 *scripseratt
1709 854 1767 896 „Si
1798 865 1975 897 cognosce

204 906 226 939 Γ
242 907 398 950 ingegno
425 906 480 939 del
501 905 689 940 Cardinale
708 905 841 950 ilquale
867 918 931 940 con
958 906 1134 940 difficulta
1159 906 1271 940 lascia
1298 907 1379 949 ogni
1407 918 1470 940 suo
1496 918 1632 951 parere,
1660 909 1695 941 et
1720 907 1970 942 inclinatione“

209 960 271 1002 (ex
298 971 420 1004 apogr.
450 959 560 992 eiusd.
588 961 695 1004 temp.
749 959 887 1000 „Germ
916 960 977 993 61⁴
1009 960 1033 993 f.
1062 960 1175 1001 294³).

207 1078 303 1116 714
328 1081 406 1114 sive
434 1079 528 1115 dil.
548 1079 678 1126 (18).
755 1079 802 1116 31.
830 1079 913 1116 Iulii
938 1080 1033 1116 1566.

323 1157 379 1192 Ex
413 1157 609 1202 archetypo
644 1158 758 1202 ipsius
785 1158 976 1192 cardinalis
1004 1170 1110 1192 manu
1137 1159 1348 1203 subscripto,
1384 1159 1476 1202 quod
1504 1161 1560 1192 est
1590 1159 1625 1192 in
1652 1158 1734 1192 Cod.
1768 1158 1974 1203 „Epistolae

208 1211 347 1245 Cardin.
377 1211 667 1254 (1539—1569)“
698 1223 731 1246 n.
760 1212 826 1245 146
854 1212 968 1255 (134).
1020 1211 1185 1256 Epistula
1211 1212 1350 1255 integra
1377 1224 1421 1245 ex
1448 1212 1570 1245 eodem
1597 1212 1792 1256 archetypo
1819 1212 1971 1256 primum

206 1265 302 1299 edita
329 1267 385 1299 est
411 1266 446 1298 in
472 1264 560 1309 Epp.
588 1265 711 1298 Nadal
730 1265 779 1298 ΙΙΙ
806 1265 1005 1299 766-767,

329 1342 536 1375 Cardinalis
567 1342 755 1375 Trnclmess
780 1342 951 1386 Boryt'am
970 1343 1216 1385 praepositam
1239 1343 1435 1384 aeno-alem
1455 1342 1638 1375 Socz'etatis
1663 1343 1846 1375 certiorem
1870 1342 1974 1383 facit,

206 1408 250 1439 se,
280 1395 481 1428 [efflantibus
506 1396 576 1428 PP.
604 1396 732 1428 Natalc
758 1400 787 1428 et
817 1396 972 1439 Canisio,
999 1396 1135 1428 litteras
1159 1396 1385 1437 fundationis
1411 1396 1546 1437 colleyii
1571 1395 1751 1438 (lilinyam'
1776 1396 1973 1428 emendasse

207 1460 247 1481 ac
278 1449 512 1491 procuratori
547 1459 694 1481 romano
732 1449 917 1481 mandasse
927 1475 936 1492 ⁷
975 1454 1021 1491 ut,
1057 1450 1089 1481 si
1122 1450 1173 1481 ita
1208 1449 1363 1491 scriptae
1397 1449 1553 1490 Borgyiae
1581 1449 1810 1491 placuissent,
1847 1458 1973 1481 novum

208 1499 516 1545 ,‚RIotup·roprio“,
546 1512 612 1544 quo
639 1502 1026 1544 comprehenderemtar,
1054 1502 1341 1534 admnbrandzcm
1369 1506 1522 1534 curaret.
1566 1502 1749 1545 Borytam,
1777 1512 1861 1534 num
1887 1502 1975 1544 quid

208 1556 244 1587 [a
273 1556 317 1588 iis
341 1555 538 1587 notandum
564 1559 709 1597 censeat,
737 1556 933 1598 interroyat
959 1560 987 1587 et
1015 1556 1062 1588 ad
1089 1555 1232 1588 Natalis
1260 1555 1467 1598 Caussiique
1493 1555 1661 1597 epistulas
1687 1556 1842 1588 remittit.

327 1639 577 1679 Cardinalis
611 1638 701 1678 Otto
730 1638 970 1690 Traclesess‚
1006 1639 1219 1693 episcopas
1252 1643 1530 1692 azemcstanus,
1564 1638 1743 1692 Dile'nqa
1775 1639 1844 1679 31.
1868 1637 1972 1679 Iulii

207 1705 322 1744 1566
355 1703 397 1744 S.
423 1702 651 1744 Fraozcz'sco
683 1703 880 1758 Bor-qtae,
912 1704 1150 1757 praeposito
1182 1703 1370 1757 ycneralz'
1401 1703 1619 1744 Societatis
1651 1703 1759 1755 Iesu,
1803 1703 1972 1756 scripsit

208 1770 258 1810 <le
299 1769 449 1809 litteris
491 1767 766 1820 fundationis
807 1769 965 1821 colleqz‘t
1007 1769 1243 1821 (limma-ni:
1287 1767 1453 1808 Earum
1500 1769 1843 1808 conwzentarimn
1887 1767 1974 1808 sice

208 1833 587 1879 culumbratioowm,
622 1833 758 1874 Roma
781 1833 1003 1887 Dilinyam
1027 1834 1201 1874 allatam
1235 1832 1470 1886 ibidemque
1503 1846 1528 1872 a
1561 1846 1600 1873 sc
1636 1837 1670 1873 et
1696 1847 1721 1873 a
1744 1833 1791 1873 P.
1816 1832 1970 1873 Natale

208 1899 466 1950 recensitam,
500 1898 618 1938 haud
649 1899 767 1952 plene
798 1899 878 1939 sibi
905 1899 1131 1952 probatam
1165 1912 1262 1950 esse,
1302 1897 1412 1951 quod
1445 1911 1510 1938 res
1545 1911 1673 1951 neque
1704 1898 1854 1938 ordine
1886 1897 1969 1938 dis-

203 1966 378 2019 positae,
421 1976 552 2018 neque
579 1964 724 2016 planis
756 1964 891 2004 verbis
926 1965 1120 2017 prolatae
1162 1967 1291 2003 essent
1323 1961 1438 2013 (cide
1480 1976 1612 2017 supra
1654 1976 1698 2016 p.
1734 1962 1853 2012 019).
1916 1961 1970 2002 Di

205 2028 398 2070 maniera
441 2026 518 2068 che
560 2040 639 2068 con
681 2027 707 2067 l'
733 2026 850 2069 aiuto
893 2027 934 2068 di
976 2027 1097 2069 detto
1145 2027 1281 2068 padre
1313 2026 1488 2075 Natale,
1533 2030 1577 2068 et
1619 2026 1685 2067 del
1720 2026 1889 2067 Canisio
1931 2026 1969 2067 ci

203 2095 455 2136 inettemmo
488 2091 559 2144 giu
594 2093 620 2132 a
652 2091 889 2133 reformare
922 2095 991 2133 un'
1015 2093 1156 2134 intero
1179 2091 1468 2133 instrumento
1493 2105 1571 2133 con
1593 2091 1636 2132 la
1659 2090 1969 2132 dichiaratione

203 2161 357 2212 aperta
389 2157 503 2198 della
534 2156 776 2198 intentione
808 2158 973 2205 nostra,
1019 2170 1148 2210 sopra
1181 2156 1302 2198 detta
1335 2156 1549 2198 erettione
1581 2159 1626 2198 et
1658 2155 1966 2205 stabilimento,

202 2224 361 2264 sicome
393 2221 443 2264 V.
468 2221 515 2264 P.
546 2221 801 2263 Reuerenda
842 2221 976 2263 uedra
1015 2235 1092 2275 per
1135 2235 1219 2263 una
1263 2221 1386 2274 copia
1430 2221 1470 2262 di
1513 2221 1633 2263 detto
1675 2220 1967 2262 Instrumento

202 2287 484 2330 autenticata.
519 2285 639 2335 Qual'
665 2286 954 2328 instrumento
989 2287 1170 2328 essendo
1204 2288 1425 2328 accettato
1459 2286 1513 2327 da
1546 2285 1614 2335 lei,
1648 2285 1830 2327 hauemo
1855 2285 1968 2326 ordi-

201 2355 304 2395 nato
338 2352 380 2393 al
411 2354 560 2393 nostro
582 2350 784 2403 Agente2
816 2351 893 2392 che
926 2351 1036 2392 facci
1069 2351 1163 2392 fare
1195 2365 1282 2392 una
1313 2364 1426 2392 noua
1459 2351 1625 2392 minuta
1657 2350 1699 2391 di
1730 2351 1799 2391 un'
1823 2350 1967 2391 Motu-

203 2417 375 2471 proprio
407 2417 451 2458 in
485 2416 628 2469 quella
670 2415 742 2469 piii
775 2416 919 2469 ampla
952 2419 995 2457 et
1029 2417 1207 2457 efficace
1240 2415 1381 2456 forma
1415 2415 1493 2456 che
1527 2415 1563 2456 si
1595 2416 1736 2468 potra,
1778 2415 1807 2455 il
1840 2414 1966 2466 quale

204 2482 439 2536 completta
480 2483 745 2522 stesamente
786 2482 903 2522 tutto
936 2481 963 2521 il
1006 2483 1158 2522 tenore
1191 2481 1231 2521 di
1265 2494 1360 2522 esso
1399 2480 1699 2521 instrumento.
1753 2479 1805 2520 V.
1829 2479 1875 2520 P.
1900 2477 1965 2529 R„

203 2547 400 2589 hauendo
425 2546 478 2587 da
502 2545 608 2587 dirci
630 2559 760 2599 sopra
783 2559 886 2586 cosa
908 2546 1076 2595 alcuna,
1112 2548 1405 2599 aspettaremo
1430 2544 1469 2585 di
1496 2544 1561 2586 cio
1584 2558 1659 2585 sue
1690 2544 1837 2585 littere
1862 2578 1869 2584 .
1896 2577 1904 2586 .
1931 2559 1963 2592 .;

203 2611 502 2654 rimettendoci
543 2610 613 2652 nel
653 2613 771 2651 resto
815 2612 840 2651 a
873 2611 985 2663 quel’
1022 2610 1062 2651 di
1104 2610 1176 2664 piu
1218 2610 1295 2652 che
1336 2610 1486 2651 haran'
1521 2609 1672 2650 scritto
1714 2607 1745 2649 li
1776 2607 1965 2661 predetti

204 2677 332 2717 Padri
364 2676 525 2717 Natale
558 2679 602 2717 et
634 2675 817 2716 Canisio.

321 2762 374 2795 Ad
411 2761 550 2795 litteras
584 2760 665 2794 illas
700 2761 926 2805 apostolicas,
963 2761 1092 2804 quibus
1128 2761 1289 2805 pontifex
1331 2763 1448 2802 „motu
1484 2759 1645 2804 propri&
1676 2758 1861 2792 confirmet
1886 2761 1961 2793 tum

202 2814 428 2847 traditionem
463 2814 712 2848 universitatis
748 2826 810 2858 per
836 2813 1053 2847 cardinalem
1079 2814 1222 2854 factam,
1257 2817 1333 2847 tum
1369 2813 1525 2847 eiusdem
1562 2823 1779 2855 onerumque
1815 2823 1895 2845 cum
1921 2824 1962 2846 ea

203 2867 470 2900 coniunctorum
505 2867 756 2900 admissionem
790 2878 853 2911 per
879 2866 1092 2901 Societatem
1130 2867 1392 2910 praestandam,
1428 2866 1582 2910 pertinet
1616 2865 1724 2898 etiam
1749 2864 1807 2898 hic
1833 2865 1963 2898 *Com-

205 2922 399 2952 mentarius
425 2920 556 2953 Romae
583 2921 618 2953 in
645 2920 747 2953 domo
773 2920 936 2964 professa
963 2919 1155 2953 Societatis
1184 2920 1358 2964 (tempore
1385 2931 1452 2952 non
1480 2918 1649 2962 ascripto)
1679 2918 1901 2962 conscriptus
1928 2922 1964 2951 et

205 2982 224 3003 a
250 2971 403 3005 Polanco
430 2972 619 3006 Societatis
645 2974 838 3006 secretario
865 2973 1096 3006 emendatus:

332 3111 339 3129 ¹
368 3110 419 3143 Cf.
447 3121 553 3154 supra
581 3124 613 3154 p.
643 3112 684 3144 (235
713 3113 791 3145 571.

328 3163 340 3182 ‘³
366 3162 486 3195 loanni
514 3163 624 3196 Paulo
653 3163 868 3197 Castellinio.
