2077 3461
242 203 343 238 1228.
371 201 537 236 Canisius
563 200 685 235 Ioanni
712 199 838 234 Iacobo
865 197 993 233 Khuen
1019 197 1060 231 de
1087 196 1217 230 Belasi.
1256 196 1369 230 Roma
1397 194 1560 229 17.1unii
1581 194 1682 229 1565.
1795 195 1845 235 71

98 321 237 363 minus
270 320 400 363 etiam
441 319 484 361 in
517 318 718 368 Bauaria,
762 320 810 359 ut
852 316 1051 365 arbitror,
1094 315 1401 356 laboraremus,
1465 313 1608 365 Atque
1639 311 1849 354 hactenus

99 386 151 428 de
183 385 319 427 amico
351 384 423 426 illo
446 397 554 433 meo,
588 385 632 425 et
653 396 764 424 nunc
787 382 945 431 futuro,
978 379 1041 422 uti
1064 393 1203 433 spero,
1236 377 1466 419 11ᾶ100111103
1494 376 1716 419 Sacellano
1748 379 1850 418 tuae

99 449 409 493 Oe1situdinisb.
478 449 542 491 De
585 449 706 490 Pont.
749 447 891 489 Max.c
931 444 1035 487 nihil
1075 444 1201 486 nouid
1239 443 1376 485 habeo
1419 443 1571 484 dicere.
1634 441 1851 483 Miletam⁹

98 516 190 558 siue
221 515 415 564 Maltam,
450 514 588 556 classe
618 511 813 560 Turcica,
854 511 1082 552 liberatam
1115 523 1209 551 esse
1241 507 1485 550 narrantfl.
1549 505 1722 559 Concilij
1756 505 1850 546 Tri-

98 580 261 623 dentini
293 579 429 621 maior
460 578 528 619 1110
561 591 688 630 quam
712 576 825 630 apud
849 576 1086 618 Germanos
1107 574 1293 616 habetur
1313 572 1437 621 ratio,
1473 575 1516 614 et
1547 570 1700 613 merito
1733 584 1850 612 sane.

98 645 305 688 Dominus
322 645 525 686 Pastores
540 655 687 684 omnes
701 640 921 683 Ecclesiae
939 645 1064 682 suaeg
1084 639 1191 681 fidos
1208 652 1258 680 ac
1273 637 1504 691 vigilantes
1522 649 1615 678 esse
1631 635 1851 677 concedat.

216 709 385 752 Addam
407 709 487 750 1100
510 721 652 757 vnum,
678 706 789 759 quod
812 705 991 747 alicuius
1002 704 1017 723 ¹¹
1036 718 1129 746 esse
1151 702 1356 745 momenti
1378 701 1586 755 intelligo.
1620 700 1854 742 Mittuntur

99 775 277 817 subinde
309 773 474 816 nobiles
508 771 847 824 Salisburgensis
878 769 1121 824 prouintiae
1154 768 1450 810 adolescentes
1482 766 1522 808 in
1557 765 1742 815 Italiam,
1782 763 1852 817 qui

99 841 169 882 uel
211 838 557 893 corruptissimos
598 851 624 878 a
655 835 906 890 parentibus
939 834 1156 888 accipiunt
1193 833 1490 887 paedagogos,
1533 831 1602 872 uel
1643 843 1853 871 summam

99 905 380 958 quorumdam
403 903 609 945 Italorum
633 900 851 942 licentiam
875 903 918 942 et
934 899 1254 953 improbitatem
1272 897 1340 939 hic
1357 896 1478 950 sequi
1495 897 1811 938 consueuerunt
1824 894 1852 936 2.

98 970 252 1024 Itaque
283 983 368 1011 non
400 968 525 1010 modo
560 964 705 1021 [non]i
744 965 957 1014 meliores,
999 978 1148 1006 uerum
1191 963 1322 1005 etiam
1354 976 1480 1015 quam
1514 961 1738 1009 uenerant,
1781 959 1853 1000 de-

99 1035 282 1078 teriores
314 1036 466 1088 postea
497 1032 692 1081 redeunt,
727 1033 913 1082 suntque
944 1029 1051 1071 adeo
1079 1032 1224 1082 pestes
1255 1027 1424 1082 patriae
1459 1029 1503 1069 et
1524 1025 1713 1068 familiae
1736 1038 1852 1066 suae.

217 1099 328 1141 Illud
370 1097 508 1151 magis
550 1095 873 1151 deplorandum,
920 1093 1162 1136 Catholicos
1202 1092 1385 1134 inueniri
1425 1090 1655 1145 parentesk
1697 1102 1855 1142 eosque

100 1165 277 1215 nobiles,
312 1163 383 1217 qui
414 1176 515 1204 mox
546 1162 683 1203 fidant
713 1159 980 1214 paedagogis
1013 1158 1142 1200 etiam
1176 1158 1503 1210 Vittembergae
1535 1155 1758 1204 institutis,
1805 1167 1855 1195 ac

99 1229 233 1272 ueluti
266 1229 385 1271 nulla
416 1226 653 1280 Religionis
685 1226 753 1267 uel
788 1223 1076 1266 conscientiae
1110 1237 1211 1265 cura
1243 1223 1541 1275 tangerentur,
1585 1219 1697 1274 lupis
1739 1233 1855 1261 com-

100 1295 279 1337 mittunt
302 1308 417 1343 oues,
451 1293 536 1334 imo
558 1292 716 1333 liberos
749 1304 850 1332 suos
881 1288 1112 1331 haereticis
1145 1291 1188 1330 et
1219 1287 1361 1341 impijs
1394 1299 1609 1340 saepeque
1641 1283 1856 1339 peruersis

99 1359 342 1402 hominibus
374 1358 590 1400 011110οᾶοο
622 1356 814 1399 tradunt.
877 1354 1001 1396 Vnde
1043 1366 1151 1406 quae
1197 1355 1444 1405 quantaque
1476 1351 1592 1392 mala
1624 1350 1685 1392 et¹
1723 1350 1856 1390 offen-

101 1426 242 1467 dicula
275 1425 606 1477 consequantur,
640 1421 875 1475 prudentes
908 1433 1055 1461 omnes
1086 1417 1215 1460 facile
1248 1419 1440 1459 cernunt.
1504 1416 1598 1468 Ego
1630 1414 1673 1456 id
1705 1428 1857 1455 uerum

101 1504 196 1533 esse
228 1503 363 1544 nuper
394 1488 521 1530 didici
552 1486 773 1529 Bononiae
786 1486 814 1535 3,
848 1487 893 1527 et
924 1498 1048 1538 spero
1071 1483 1277 1537 pietatem
1301 1486 1421 1524 tuam
1443 1480 1543 1522 boni
1566 1480 1857 1522 consulturam

101 1569 208 1606 esse,
252 1554 365 1608 quod
404 1553 485 1596 1100
516 1555 642 1595 tanta
683 1551 734 1593 de
766 1564 813 1592 re
854 1563 1049 1591 moneam
1083 1547 1289 1602 optimum
1322 1546 1595 1600 Episcopum,
1638 1544 1759 1586 00100
1791 1546 1858 1585 est

102 1621 300 1662 nimirum
342 1620 448 1661 haec
489 1617 644 1670 grauia
684 1615 876 1670 pericula
919 1615 955 1656 si
996 1613 1136 1656 auerti
1168 1614 1341 1666 queant,
1385 1610 1500 1653 omni
1531 1609 1699 1653 ratione
1731 1622 1857 1663 prae-

101 1688 287 1735 uertere,
331 1687 374 1726 et
414 1682 684 1725 nobilitatem
726 1694 828 1722 uere
860 1678 1090 1721 Catholicis
1130 1677 1351 1730 magistris
1393 1674 1701 1718 instituendam
1744 1687 1858 1716 com-

102 1750 322 1793 mitterem.
366 1748 574 1790 Dominus
605 1747 733 1789 ε10000
766 1745 1000 1787 nobiscum.
1064 1744 1227 1785 Romae
1263 1743 1313 1784 17
1337 1741 1455 1794 Junij
1492 1742 1643 1783 156511.

960 1815 1119 1857 Seruus
1151 1813 1194 1855 in
1226 1812 1394 1855 Christo
1427 1812 1472 1854 P.
1507 1810 1739 1853 Canisius0.

222 1892 249 1943 †
290 1888 666 1932 Reuerendissimo
707 1887 749 1928 in
783 1886 950 1928 Christo
984 1885 1097 1939 patri
1139 1899 1189 1926 ac
1227 1883 1398 1926 domino
1430 1883 1481 1925 D.
1505 1881 1663 1924 Joanni
1695 1880 1858 1923 Jacobo

103 1955 438 2010 Archiepisoopo
482 1951 818 2006 Salisburgensi,
864 1951 1049 1993 Sanctae
1090 1949 1212 1992 Sedis
1252 1948 1404 2002 Apost,
1447 1947 1626 2000 Legat0‚
1669 1946 1858 1988 Patrono

104 2021 294 2076 ampliss.
329 2019 619 2071 Salisburgae.

224 2101 278 2135 Ad
304 2101 454 2145 primam
480 2099 607 2133 harum
632 2097 834 2131 litterarum
861 2098 1009 2141 partem,
1045 2106 1114 2139 qua
1140 2095 1183 2129 de
1211 2095 1294 2128 Iona
1319 2093 1428 2128 Adler
1454 2093 1583 2137 agitur,
1609 2091 1858 2126 illustrandam

104 2155 254 2189 multum
281 2154 417 2194 iuvant,
453 2164 543 2196 quae
570 2151 604 2185 S.
631 2152 846 2185 Franciseus
873 2151 914 2183 de
939 2150 1085 2193 Roryia,
1120 2147 1276 2182 vicarius
1303 2146 1481 2190 generalis
1507 2145 1712 2186 societatis,
1748 2145 1860 2178 Roma

104 2209 159 2244 20.
187 2208 278 2242 lunii
308 2208 396 2241 1565
423 2206 467 2240 ad
493 2206 660 2239 Ioannem
686 2216 756 2238 von
782 2204 844 2237 der
862 2203 981 2247 Leyen
1007 2201 1314 2246 archiepiscopum
1339 2202 1375 2234 et
1401 2200 1589 2234 electorem
1616 2201 1858 2232 treverensem

105 2261 293 2296 *rettulitz
326 2259 516 2303 „Peruenit
541 2259 585 2292 ad
611 2269 676 2291 nos
702 2256 874 2300 magister
892 2256 995 2290 Ionas
1013 2254 1176 2295 Adlerus,
1205 2265 1283 2288 cum
1310 2253 1399 2288 satis
1425 2253 1570 2295 longum
1597 2252 1674 2292 iter,
1701 2251 1860 2296 pedibus,

104 2327 167 2360 pro
203 2314 277 2348 uoti
311 2313 364 2348 sui
392 2312 529 2346 ratione
555 2311 703 2344 Romam
729 2321 842 2354 usque
868 2309 1082 2343 confecisset
1103 2334 1110 2342 .
1136 2306 1375 2352 apostolorum
1402 2306 1543 2347 limina,
1579 2307 1614 2338 et
1640 2304 1711 2338 alia
1736 2306 1860 2338 sancta

104 2368 182 2402 loca
207 2367 314 2401 huius
332 2366 457 2400 Almae
476 2364 584 2398 Vrbis
611 2363 808 2397 deuotionis
835 2374 919 2405 ergo
945 2361 1079 2401 inuisit,
1106 2372 1146 2394 00
1164 2360 1305 2394 demum
1323 2361 1363 2393 ut
1380 2360 1416 2392 111
1434 2360 1594 2392 nostram
1613 2358 1861 2391 admitteretur

105 2420 332 2460 Societatem,
358 2418 415 2453 uel
442 2420 536 2452 certe
562 2416 628 2451 sub
655 2417 730 2450 eius
757 2415 957 2449 obedientia
982 2415 1017 2448 in
1044 2414 1172 2458 quauis
1198 2414 1324 2447 vineae
1342 2412 1484 2446 Domini
1502 2413 1604 2456 parte
1623 2413 1860 2447 exerceretur.

224 2498 250 2524 a]
272 2493 446 2520 fidelissimo
469 2495 495 2518 D
516 2495 529 2517 1
550 2495 574 2517 Β.
634 2491 663 2522 b)
686 2490 840 2516 Celsitatis
855 2491 882 2515 D
896 2492 910 2515 1
924 2492 949 2515 2.
1012 2492 1037 2521 0)
1059 2489 1099 2515 ill.
1113 2490 1178 2515 De.
1240 2488 1270 2518 d)
1291 2495 1368 2513 nunc
1389 2489 1415 2512 D
1436 2490 1449 2512 1
1470 2489 1494 2512 2.
1551 2486 1578 2515 0)
1599 2485 1734 2511 Miletum
1755 2486 1781 2509 Ι)
1802 2487 1815 2509 1
1836 2488 1859 2508 2.

106 2537 135 2569 f)
156 2537 241 2563 aiunt
260 2538 287 2562 I)
308 2539 322 2561 1
343 2538 367 2561 2.
432 2539 461 2567 g)
484 2534 569 2565 Apud
592 2534 618 2558 D
638 2535 652 2558 1
672 2536 689 2557 ἒ.)
708 2533 764 2557 (lico
784 2540 826 2557 vv.
846 2540 904 2563 sqq.
925 2531 1030 2556 omissa
1050 2534 1127 2555 sunt.
1193 2529 1223 2560 11)
1244 2528 1334 2554 alieni
1355 2530 1381 2554 D
1400 2531 1425 2553 2.
1490 2527 1509 2558 i)
1532 2529 1591 2552 Hoc
1612 2535 1634 2551 r.
1649 2527 1678 2550 in
1700 2527 1860 2550 ‹11‹t.‹lees.r.

106 2577 138 2610 k)
159 2578 319 2612 sperantes
340 2579 367 2602 I)
386 2579 411 2601 2.
473 2574 493 2607 1)
515 2575 580 2600 Sive
603 2576 629 2599 D
649 2576 663 2599 1
682 2576 708 2599 2.
771 2580 809 2598 111)
830 2572 1005 2598 commitere
1025 2574 1052 2597 Ῑ)
1074 2574 1086 2596 1
1106 2574 1131 2597 2.
1193 2572 1223 2602 11)
1246 2570 1314 2596 1566
1337 2571 1362 2594 Ι)
1381 2572 1405 2595 2.
1468 2569 1496 2600 0)
1520 2572 1596 2599 Quae
1615 2570 1785 2598 0011111011(οκ
1807 2574 1860 2591 non

106 2623 173 2645 sunt
193 2620 272 2667 (1111ιὲ
293 2620 320 2643 Ι)
340 2621 354 2643 1
374 2620 399 2642 2.

230 2713 392 2747 ¹Falsus
426 2711 484 2746 hic
520 2712 597 2745 erat
632 2721 768 2749 rumor:
805 2720 920 2752 neque
955 2708 1047 2742 enim
1083 2708 1165 2741 ante
1199 2717 1244 2740 m.
1272 2705 1515 2750 Septembrem
1550 2715 1581 2737 a.
1609 2703 1699 2738 1565
1726 2702 1861 2743 Melita,

107 2767 151 2801 ad
186 2777 293 2811 quam
328 2765 571 2810 occupandam
599 2762 825 2797 Solimannus
860 2762 1053 2806 imperator
1086 2772 1131 2794 m.
1158 2758 1272 2803 Aprili
1301 2758 1390 2792 1565
1425 2756 1684 2790 validissimam
1710 2755 1862 2789 classem

109 2818 416 2864 Constantinopoli
441 2818 600 2858 miserat,
626 2816 823 2849 'furcarum
850 2814 1032 2849 obsidione
1059 2813 1210 2846 liberata
1237 2813 1292 2845 est
1319 2810 1371 2853 (J.
1391 2822 1419 2844 r.
1440 2811 1620 2852 Hmmner,
1648 2807 1862 2843 Geschichte

108 2873 170 2907 des
205 2871 464 2906 Osmanischen
490 2868 736 2909 Reiches112,
772 2867 883 2901 Pesth
912 2867 1020 2907 1834,
1057 2865 1272 2906 304—307).
1324 2864 1362 2897 ln
1398 2862 1543 2906 antiquo
1578 2862 1638 2896 illo
1673 2862 1862 2895 *Indiculo

108 2927 307 2960 orationum
334 2924 446 2959 Sociis
481 2935 501 2958 a
527 2921 704 2967 supremis
738 2919 1021 2954 moderatoribus
1055 2917 1357 2963 praescriptarum
1386 2917 1436 2960 (V.
1466 2917 1551 2949 Can.
1578 2914 1627 2948 IV
1657 2915 1738 2958 120)
1775 2914 1862 2948 haec

108 2981 207 3013 sunt:
248 2978 359 3021 „1565
387 3005 394 3012 .
414 3005 420 3012 .
442 3004 448 3010 .
476 2977 508 3010 A
536 2977 588 3010 15.
616 2975 649 3009 (11
676 2973 819 3017 maggio
845 2973 874 3006 01
902 2972 1030 3006 mando
1056 2972 1091 3005 la
1117 2970 1230 3015 poliza
1256 2981 1319 3014 per
1345 2969 1401 3002 sar
1427 2968 1585 3002 oratione
1611 2979 1673 3012 per
1698 2969 1802 3002 conto
1828 2966 1861 3000 di

109 3032 222 3066 Malta
241 3033 363 3066 contra
380 3030 556 3064 l’Armata
574 3028 631 3062 del
648 3027 782 3061 Turco“
809 3025 962 3068 („Def.“,
993 3024 1131 3067 „Messe
1151 3051 1158 3058 .
1178 3051 1184 3056 .
1207 3051 1213 3057 .
1233 3035 1295 3067 per
1320 3022 1344 3067 lj
1366 3022 1507 3056 Benef.“
1530 3025 1609 3061 etc„
1636 3021 1670 3054 in
1690 3032 1720 3055 a.
1742 3020 1861 3062 1565).

228 3084 241 3105 ²
266 3084 344 3118 Hoc
369 3085 527 3128 tempore
553 3080 697 3126 plurimi
715 3079 962 3113 adulescentes
981 3077 1141 3120 germani
1168 3076 1380 3115 litterarum,
1407 3074 1562 3109 maxime
1589 3074 1685 3115 iuris,
1705 3072 1863 3107 discendi

110 3148 219 3172 causa
244 3137 279 3171 in
305 3135 602 3171 universitatibus
629 3133 761 3167 italicis
787 3131 1043 3165 versabantur:
1072 3129 1117 3164 cf.
1148 3130 1233 3163 Can.
1254 3128 1301 3162 IV
1328 3128 1406 3162 653.

230 3190 242 3210 ³
267 3189 358 3224 Vide
384 3189 477 3223 infra
502 3198 656 3222 monum.
683 3186 720 3220 it.
750 3184 816 3227 (S).
