2045 3471
208 204 292 244 240
336 200 435 234 1316.
464 199 560 233 Hier.
578 198 730 240 Natalis,
756 198 853 233 Petr.
873 198 969 241 Can,
998 199 1066 233 Iac.
1086 198 1258 232 Ledesma
1284 197 1407 231 Ioanni
1424 197 1614 231 Francisco
1634 195 1905 231 Commendono.

206 320 232 361 4
518 318 587 359 An
619 317 846 359 Cardinale
870 317 1140 371 Augustano,
1176 319 1218 358 et
1242 315 1427 358 Oratore
1459 316 1592 368 Regis
1625 315 1862 358 Catholici1
1894 317 1962 357 eta

418 382 649 436 Theologis
682 381 877 424 omnibus
909 381 1195 431 monentibus,
1236 394 1288 422 ne
1320 381 1580 434 protestatio
1612 381 1688 422 fiat
1721 380 1778 422 sit
1810 379 1962 421 nihilo-

417 447 557 489 minus
590 447 951 501 protestandum‘?

325 517 374 559 R.
427 517 526 558 Non
568 517 753 559 Videtur
795 517 876 558 nisi
921 517 1056 559 allata
1102 515 1283 558 clariore
1327 515 1452 558 Pont.
1494 515 1611 557 Max.
1655 514 1870 558 sententia
1916 518 1964 556 ut

206 581 367 624 dictum
401 585 481 625 est.

208 666 232 706 5
519 665 587 706 An
619 664 757 718 possit
789 665 895 706 haec
926 663 1020 705 fieri
1052 663 1312 717 protestatio
1346 662 1476 704 etiam
1510 665 1608 716 post
1641 661 1838 703 Comicia.

325 735 374 778 R.
428 735 611 777 Videtur
658 734 747 776 fieri
797 747 923 788 posse
970 747 1048 788 per
1095 747 1219 787 quem
1268 736 1311 776 et
1354 732 1711 786 quemadmodum
1754 731 1964 773 volueritb

206 800 247 842 S.
272 800 397 842 Pont.
421 799 547 841 modo
571 799 742 841 interim
767 801 938 841 constet
970 812 1054 840 non
1079 797 1348 840 consensisse
1370 797 1712 840 Illustrissimum
1736 796 1962 838 Dominum

206 864 417 918 Legatum
436 870 446 884 ⁰
466 899 474 907 .
498 866 703 906 etcetera.

521 935 641 976 Haec
684 948 708 976 a
742 933 863 975 nobis
903 934 1019 976 dicta
1061 933 1147 976 sint
1180 937 1224 976 et
1261 934 1455 975 subiecta
1495 935 1745 975 reuerenter
1785 931 1966 986 iudicjod

421 1000 461 1042 S.
495 1000 546 1041 D.
579 998 635 1042 N.
679 1001 723 1041 et
764 999 805 1042 S.
846 999 967 1041 Sedis
1009 998 1307 1053 Apostolieae‚
1354 997 1626 1051 omniumque
1667 997 1827 1040 rectius
1868 1010 1964 1038 sen-

418 1063 632 1106 tientium.

326 1135 616 1188 Hieronymus
648 1134 822 1177 Natalis
855 1135 882 1186 †
945 1135 1099 1177 Petrus
1131 1133 1338 1176 Canisius.
1402 1134 1589 1175 Jacobus
1621 1132 1843 1174 Ledesma.

327 1215 379 1249 De
406 1215 461 1248 his
488 1214 618 1248 litteris
646 1214 737 1254 vide,
764 1226 855 1258 quae
880 1216 1003 1249 notata
1029 1216 1113 1248 sunt
1138 1226 1246 1259 supra
1273 1226 1305 1259 p.
1333 1213 1530 1248 2:32—233.

328 1268 403 1301 Hae
430 1268 450 1301 5
477 1267 708 1311 quaestiones
734 1268 842 1301 etiam
871 1267 1090 1302 Lancellotto
1125 1267 1326 1312 propositae
1352 1269 1454 1307 sunt;
1491 1266 1552 1311 qui
1586 1266 1622 1300 in
1648 1265 1713 1300 hoc
1739 1265 1962 1310 potissimum

207 1333 228 1355 a
254 1321 366 1356 Sociis
392 1320 638 1357 dissentiebat,
666 1320 758 1364 quod
777 1321 962 1355 monebat:
994 1321 1053 1362 ‚In
1076 1332 1214 1355 omnem
1234 1322 1403 1354 eventum
1430 1320 1521 1354 clam
1540 1319 1730 1364 protestari
1756 1318 1959 1363 expediret⁴⁴

211 1374 450 1415 (Laden-chius
475 1374 497 1407 1.
525 1386 554 1408 c.
584 1373 678 1413 126).

326 1427 403 1461 Hae
429 1438 570 1471 quoque
596 1427 748 1466 litterae,
782 1438 862 1461 cum
898 1426 1045 1470 reliquis
1076 1427 1172 1469 (vide
1198 1437 1306 1471 supra
1332 1438 1365 1460 n.
1388 1426 1476 1460 1313
1506 1426 1595 1460 1314
1622 1428 1657 1459 et
1682 1425 1774 1459 infra
1801 1437 1834 1458 n.
1856 1425 1960 1467 1316)

209 1492 229 1514 a
249 1480 427 1523 Caligario
453 1480 552 1514 iussu
573 1480 824 1514 Commendoni
850 1480 998 1514 Romam
1027 1480 1070 1514 ad
1097 1480 1131 1514 S.
1151 1479 1380 1514 Franciscum
1401 1479 1567 1522 Borgiam
1594 1478 1765 1523 perlatae,
1792 1490 1854 1522 per
1882 1478 1962 1512 Bor-

209 1533 303 1576 giam
334 1534 386 1568 13.
407 1533 491 1566 Maii
522 1534 609 1567 1566
638 1532 672 1567 S.
690 1532 754 1566 Pio
774 1533 815 1566 V.
843 1533 997 1567 traditae
1024 1535 1127 1573 sunt;
1155 1533 1257 1577 plura
1284 1533 1365 1567 vide
1391 1532 1484 1566 infra
1510 1533 1545 1565 in
1572 1544 1605 1566 n.
1628 1531 1728 1566 1318.

210 1658 354 1696 1316.
406 1661 475 1695 ΡΡ.
493 1660 809 1694 HIERONYMUS
828 1660 1043 1701 NATALIS,
1059 1660 1241 1695 PETRUS
1262 1660 1488 1699 CANlSIUS,
1509 1659 1712 1694 IACOBUS
1732 1659 1963 1700 LEDESMA,

376 1712 409 1747 S.
430 1714 475 1754 J..
505 1713 763 1747 CARDINALI
794 1712 1037 1748 IOANNI
1063 1711 1448 1749 FRANGISCO
1478 1710 1963 1751 GOMMENDONQ

376 1767 555 1810 pontificis
582 1767 616 1800 in
643 1767 796 1800 comitiis
822 1767 962 1811 imperii
988 1767 1120 1810 legato.
1166 1767 1395 1809 (Litterae
1422 1766 1651 1810 quartae.)

910 1821 1075 1863 Augusta
1102 1820 1206 1853 Vind.
1233 1820 1326 1853 inter
1352 1820 1406 1854 24.
1426 1819 1561 1863 Aprilis
1588 1822 1623 1852 et
1648 1821 1679 1852 5.
1698 1819 1785 1852 Maii
1815 1819 1914 1853 1566.

330 1889 384 1923 Ex
410 1889 564 1933 imagine
590 1889 872 1934 photographica
909 1889 1109 1924 litterarum
1135 1889 1412 1934 archetyparum
1441 1889 1517 1932 (V),
1544 1901 1634 1933 quae
1661 1892 1805 1923 exstant
1831 1889 1964 1924 Romae

210 1943 246 1976 in
273 1942 419 1976 archivo
445 1943 623 1983 vaticano,
663 1942 788 1984 „Conc.
817 1943 851 1976 di
878 1942 1020 1984 Trento,
1047 1954 1081 1976 n.
1111 1943 1196 1977 149²
1227 1944 1251 1977 f.
1278 1942 1505 1977 2782—27922.
1556 1942 1713 1976 Litterae
1743 1943 1812 1985 (2⁰1
1841 1943 1861 1976 3
1888 1943 1961 1988 pp.)

209 1996 364 2040 scriptae
390 2000 475 2029 sunt
501 2007 607 2029 manu
635 1996 673 2029 P.
700 1995 825 2030 Didaci
852 1996 1012 2030 Jimenez
1039 1995 1072 2029 S.
1101 1996 1144 2036 J.y
1172 1998 1313 2040 praeter
1343 1995 1555 2040 particulam
1582 1998 1799 2040 postremam
1826 1996 1964 2037 („Haec

208 2060 228 2082 a
253 2048 374 2083 nobis“
404 2068 450 2072 -
481 2049 782 2091 „sentientium“)‚
809 2060 900 2092 quae
927 2060 947 2082 a
975 2048 1116 2082 Canisio
1148 2049 1282 2093 scripta
1310 2051 1376 2089 est,
1404 2051 1439 2082 et
1464 2048 1533 2082 tria
1558 2049 1700 2082 nomina
1726 2048 1857 2083 litteris
1884 2049 1964 2083 sub-

207 2101 361 2146 scripta:
389 2113 480 2145 quae
499 2101 723 2146 autographa
740 2103 833 2135 sunt.
872 2102 909 2134 In
929 2102 1044 2145 capite
1063 2102 1213 2146 paginae
1232 2101 1367 2146 primae
1389 2101 1511 2143 (manu
1528 2101 1668 2135 Natalis
1686 2101 1745 2135 vel
1763 2101 1962 2145 Ximenii‘?)

207 2155 361 2198 positum
388 2157 443 2188 est
472 2155 554 2196 „E“.
599 2155 754 2188 Exstant
779 2154 887 2188 etiam
914 2154 1122 2199 apographa
1147 2166 1331 2189 romanum
1360 2154 1422 2198 (X)
1452 2158 1488 2188 et
1514 2155 1739 2194 londinense;
1768 2154 1808 2188 de
1836 2154 1963 2198 quibus

207 2207 288 2241 vide
322 2219 430 2252 supra
458 2220 489 2252 p.
517 2208 595 2242 230.
647 2207 803 2241 Litteras
838 2207 949 2241 latine
981 2219 1105 2242 versas
1140 2209 1276 2252 primns
1311 2209 1409 2252 typis
1444 2207 1611 2251 vulgavit
1636 2208 1858 2242 Laden-hius
1883 2207 1904 2242 l.
1933 2219 1961 2242 c.

207 2272 239 2304 p.
270 2261 453 2295 132—134
483 2261 532 2304 (in
559 2272 589 2295 a.
619 2261 709 2295 1566
734 2272 768 2295 n.
795 2261 893 2304 235),
929 2272 1026 2298 usus.
1062 2263 1157 2305 puto,
1194 2261 1398 2305 apographo
1434 2260 1563 2303 italico,
1600 2261 1693 2305 quod
1728 2272 1773 2294 ex
1799 2260 1962 2306 exemplo

207 2313 378 2358 spadiano
405 2314 626 2358 exscriptum
646 2317 722 2348 erat
743 2314 804 2356 (cf.
823 2325 932 2358 supra
959 2326 990 2358 p.
1011 2314 1108 2357 230).
1148 2314 1303 2348 Eaedem
1330 2326 1374 2347 ex
1392 2314 1588 2359 archetypo
1614 2314 1853 2358 transcriptae
1878 2318 1961 2348 sunt

207 2367 242 2400 in
269 2367 356 2411 Epp.
383 2368 504 2400 Nadal
531 2367 579 2401 ΙΙΙ
610 2368 804 2402 100-104.
855 2367 903 2401 Iis
930 2379 1016 2401 usus
1043 2370 1097 2401 est
1123 2369 1239 2411 Duhr,
1267 2368 1339 2401 Jes.
1366 2367 1381 2400 Ι
1407 2367 1501 2402 828¹.

327 2439 405 2470 Paa‘
448 2449 480 2471 a.
520 2441 608 2471 1555
645 2440 824 2480 Augustae
869 2440 959 2470 inter
1003 2438 1190 2470 catholicos
1227 2443 1256 2470 et
1289 2442 1518 2480 protestantes
1551 2440 1647 2480 facta
1682 2448 1756 2470 cum
1793 2438 1963 2480 clo-amatis

209 2491 413 2523 tridentinis
436 2502 505 2523 non
527 2496 674 2533 menat,
701 2493 838 2524 tametsi
864 2492 1019 2534 aliquam
1042 2491 1186 2533 praebet
1211 2492 1452 2533 suspicionem,
1483 2502 1587 2533 quam
1613 2494 1726 2522 tamen
1753 2491 1915 2523 catholici
1940 2502 1960 2522 a

209 2554 243 2576 se
260 2554 433 2576 removere
449 2549 624 2587 poterunt,
651 2545 835 2576 concilium
854 2545 973 2586 palam
993 2544 1216 2576 admittendo.
1264 2544 1437 2577 Catholici
1454 2548 1600 2586 tantum,
1618 2554 1661 2575 ne
1678 2543 1795 2575 omnia
1813 2554 1963 2585 prorsus

209 2598 382 2639 amittant,
412 2598 639 2639 pollicentur.
673 2608 707 2630 se
743 2608 811 2629 non
846 2598 1060 2639 expetituros
1095 2608 1163 2629 esse
1183 2607 1317 2639 poenas
1344 2608 1365 2629 a
1386 2597 1683 2639 protestantibns;
1713 2606 1800 2638 quas
1828 2607 1961 2638 poenas

210 2649 249 2680 ol)
277 2649 540 2682 imbecillitatem
567 2662 609 2682 *ne
628 2656 778 2692 possunt
804 2651 942 2693 quidem
969 2654 1147 2692 eoepetere;
1181 2654 1283 2692 atque
1308 2651 1357 2682 ita
1385 2651 1420 2682 iu
1443 2660 1531 2691 pace
1555 2650 1698 2690 dicitur,
1734 2649 1855 2691 aliqua
1882 2651 1962 2690 sieri

211 2712 277 2733 nou
305 2702 424 2734 debere
452 2703 499 2735 rel
526 2714 595 2735 non
610 2714 720 2745 posse.
764 2703 842 2735 Pax
857 2704 1015 2745 politica,
1044 2713 1111 2735 non
1131 2704 1326 2745 doymatica
1345 2703 1575 2745 componitur.
1619 2701 1738 2734 Solum
1757 2703 1959 2734 mercitium

210 2755 432 2787 (ew-toritatis
466 2756 716 2788 ecclesiastieae
750 2756 797 2788 ad
830 2761 962 2798 tempus
996 2758 1230 2798 opportmzius
1255 2757 1447 2798 differtm·;
1481 2765 1568 2797 quae
1601 2754 1726 2786 dilatio
1759 2755 1849 2787 solos
1878 2766 1961 2797 pro-

210 2810 368 2838 testantes
406 2808 675 2850 comprehendit.
726 2809 946 2850 Disetpltnae
980 2809 1246 2851 ecclesiasticae,
1281 2820 1352 2842 own
1386 2808 1567 2850 domitatis,
1602 2808 1640 2839 in
1668 2817 1756 2849 pace
1789 2808 1827 2848 fit
1859 2819 1960 2850 prae-

211 2858 402 2895 imlicium:
436 2862 527 2902 quod
563 2862 610 2893 ad
645 2866 778 2903 tempus
810 2862 908 2902 ferre
943 2862 1107 2895 catholici
1132 2863 1329 2895 necessitate
1364 2865 1554 2903 evomitum·
1588 2860 1639 2891 ita
1659 2861 1762 2901 pacis
1787 2861 1960 2893 articulus

213 2912 244 2942 3.
271 2910 389 2949 habit:
424 2915 466 2945 4‘?
494 2914 742 2946 catholicorum
771 2914 860 2945 bona
902 2916 937 2946 in
968 2918 1040 2946 tuto
1072 2915 1311 2954 collocantur,·
1348 2916 1383 2947 59
1412 2913 1616 2946 Calviniani
1650 2916 1679 2943 et
1705 2912 1960 2955 Auabaptistae

331 2986 358 3013 a)
380 2987 438 3009 Ilm:
460 2995 481 3010 v.
502 2996 517 3010 a
540 2988 656 3012 ‹suuis-ia
676 2997 767 3019 supra
791 2996 901 3013 versum
922 2990 1062 3020 scriptum
1083 2992 1132 3014 est.
1207 2988 1236 3019 b)
1259 2990 1317 3013 Hoc
1338 2997 1360 3013 v.
1380 2996 1397 3012 a
1419 2988 1487 3012 Can.
1506 2994 1596 3018 supra
1619 2994 1729 3010 versum
1749 2986 1890 3017 scriptmn
1910 2991 1959 3013 est.

213 3025 239 3055 e)
262 3026 329 3048 Can.
347 3033 368 3049 ι’.
383 3034 502 3057 sequens
522 3029 677 3059 ascripsi&
697 3030 771 3060 quod
791 3030 867 3054 deest
888 3031 967 3061 apud
988 3031 1060 3054 Lau.
1135 3029 1164 3060 d)
1186 3032 1209 3054 Α
1232 3030 1301 3054 Can.
1321 3037 1395 3053 corr.
1415 3036 1450 3052 est
1470 3026 1577 3055 iudi00‚
1596 3027 1669 3057 quod
1685 3027 1773 3057 prius
1791 3028 1962 3059 scripserat.

336 3117 344 3136 ¹
373 3117 550 3152 Cardinali
577 3120 774 3155 Truchsess
801 3134 820 3155 a
847 3122 1048 3166 Waldburg
1084 3123 1248 3167 episcopo
1275 3123 1473 3164 augustano
1500 3123 1535 3153 et
1561 3120 1695 3154 Thoma
1721 3120 1891 3154 Perrenot
1918 3121 1959 3154 de

218 3169 451 3214 Chantonnay
479 3170 631 3215 Philippi
661 3174 701 3207 ΙΙ.
728 3175 820 3218 apud
848 3187 1027 3208 caesarem
1055 3179 1210 3210 oratore:
1240 3175 1284 3208 cf.
1313 3174 1404 3207 infra
1430 3184 1582 3207 monum.
1610 3184 1690 3215 aug.
1719 3173 1764 3216 (c.
1783 3174 1854 3216 21).
