2045 3471
211 221 294 261 746
372 218 466 252 Mon.
486 218 555 252 813
581 219 658 252 sive
684 218 723 255 it.
744 218 834 263 (20).
874 221 904 252 A
923 220 1011 254 med.
1031 220 1106 254 fere
1124 232 1170 254 m.
1185 220 1285 254 Iunio
1305 220 1349 254 ad
1366 220 1459 254 med.
1477 220 1553 254 fere
1571 231 1616 254 m.
1635 220 1727 264 Aug.
1751 221 1851 255 1565.

208 337 252 378 in
283 336 404 378 illum
436 337 590 386 locum,
634 339 682 379 ut
714 337 773 379 ibi
805 352 901 379 eum
935 340 1197 391 quaererent
1212 341 1237 381 1.
1302 339 1461 381 Utrum
1503 342 1648 382 autem
1689 339 1769 381 hoc
1808 339 1971 382 factum

209 402 278 452 sit,
321 415 400 443 nec
440 415 513 452 ne,
555 402 721 455 ignoro.
784 402 938 456 Neque
980 403 1092 445 enim
1133 403 1214 445 hac
1257 403 1308 444 de
1349 417 1397 445 re
1438 404 1622 457 amplius
1663 403 1856 447 solicitus
1896 404 1971 446 fui.

209 466 371 507 Hosius
417 466 489 508 ille
534 467 586 508 de
630 481 837 521 expresso
877 468 978 509 DEI
1019 468 1152 509 verbo
1194 468 1273 509 sub
1313 469 1443 509 finem
1485 482 1616 510 ausus
1660 472 1727 511 est
1770 469 1972 518 scribere,

209 545 377 573 sacram
410 531 684 585 scripturam,
728 532 810 574 nisi
838 533 966 586 juxta
999 547 1171 574 sensum
1205 532 1429 575 Ecclesiae
1462 533 1685 575 Romanae
1717 535 1973 588 exponatur,

208 610 294 638 non
333 610 428 638 esse
460 597 561 638 DEI
592 611 846 651 expressum
880 598 1083 648 Verbum,
1127 598 1202 639 sed
1235 611 1489 652 expressum
1522 598 1713 647 Diaboli;
1756 598 1975 641 Sathanae

209 661 344 703 verba
377 674 472 703 esse
505 675 582 715 per
612 662 805 703 membra
837 676 915 704 sua
946 662 1164 716 loquentis
1176 664 1204 705 2.

330 731 455 774 Unde
486 732 718 775 manifeste
751 733 966 787 apparuit,
1010 747 1215 786 quorsum
1248 747 1470 775 sermones
1512 735 1556 775 et
1586 734 1689 776 ficta
1720 734 1806 776 ista
1846 734 1975 776 bene-

209 796 402 839 volentia
434 797 663 839 Canisiana
695 800 958 852 spectarent.
1021 798 1119 841 Etsi
1157 800 1303 841 autem
1344 812 1444 852 spes
1485 812 1583 841 mea
1615 799 1667 840 de
1707 799 1916 853 psalterio
1949 813 1975 840 a

210 860 380 903 Canisio
412 861 698 915 impetrando,
724 877 838 904 vana
861 865 989 913 esset,
1023 866 1169 905 tamen
1192 863 1512 917 Neapolitanus
1534 877 1656 905 meus
1678 863 1974 918 concaptivus,

209 925 399 968 habebat
430 926 571 968 Biblia
602 927 775 980 integra
806 927 976 978 Latina,
1020 941 1131 981 quae
1162 927 1257 982 ipsi,
1298 930 1477 970 curante
1510 942 1586 969 suo
1620 928 1829 979 ministro,
1864 929 1974 970 clam

209 990 253 1032 in
285 991 398 1033 lecto
431 1005 508 1033 suo
540 992 750 1042 involuta,
784 993 920 1035 allata
952 995 1098 1043 erant;
1134 1006 1189 1035 ex
1221 993 1374 1046 quibus
1406 1007 1475 1035 me
1508 993 1721 1035 consolari
1753 993 1874 1048 potui
1886 994 1915 1036 3.

329 1061 493 1104 Eodem
535 1063 660 1104 modo
702 1077 798 1104 cum
840 1077 920 1116 ego
963 1066 1116 1117 postea
1159 1064 1269 1105 liber
1308 1064 1351 1105 in
1392 1064 1579 1118 hospitio
1621 1064 1761 1106 adhuc
1802 1064 1976 1106 decum-

210 1127 376 1177 berem,
419 1127 533 1170 forte
577 1127 753 1170 fortuna
793 1128 837 1169 in
879 1128 1037 1183 Campo
1078 1129 1233 1170 Florae
1277 1129 1319 1170 id
1358 1129 1511 1171 venale
1543 1130 1587 1170 in
1627 1129 1722 1171 foro
1763 1129 1976 1172 scrutario

211 1191 413 1234 Rieterus
446 1206 567 1234 meus
599 1192 702 1234 mihi
735 1193 853 1244 emit,
889 1207 1015 1246 quem
1050 1228 1057 1235 .
1084 1229 1092 1236 .
1120 1228 1127 1235 .
1162 1193 1354 1235 libellum
1388 1194 1527 1235 adhuc
1559 1208 1692 1248 penes
1724 1209 1792 1236 me
1823 1194 1976 1237 habeo.

211 1257 292 1298 Est
324 1260 470 1299 autem
504 1257 643 1300 editus
665 1258 953 1311 Magdeburgi
985 1272 1081 1299 cum
1113 1258 1284 1312 hymnis
1317 1261 1361 1301 et
1393 1258 1475 1312 piis
1506 1259 1706 1312 precibus
1737 1259 1781 1300 in
1804 1259 1978 1301 officina

211 1320 435 1363 Michaelis
456 1321 634 1363 Lotheri
650 1323 677 1364 4.
704 1358 712 1365 .
740 1357 747 1364 .
774 1357 782 1365 .
826 1322 981 1364 Paucis
1003 1323 1244 1376 interjectis
1267 1322 1429 1373 diebus,
1464 1323 1658 1365 Canisius
1680 1324 1753 1366 ille
1776 1323 1979 1366 mittebat

211 1386 266 1428 ad
308 1400 375 1427 me
415 1386 632 1428 interdum
674 1388 796 1429 binos
838 1402 892 1429 ex
934 1402 1011 1429 suo
1052 1401 1187 1440 grege
1218 1387 1425 1438 Jesuitas,
1468 1388 1685 1430 interdum
1717 1391 1822 1438 tres,
1864 1388 1979 1430 inter

212 1465 318 1504 quos
360 1454 486 1494 erant
520 1452 722 1494 Germani
764 1452 942 1505 aliquot,
986 1455 1030 1494 et
1070 1467 1180 1494 unus
1221 1466 1277 1494 ex
1316 1453 1402 1494 illis
1443 1453 1588 1506 patria
1629 1453 1975 1506 Stutgartiensis,

213 1516 387 1558 ditionis
410 1516 800 1570 Wirtenbergicae,
833 1517 1167 1571 Christophorus
1198 1517 1480 1559 Rosenbusch
1494 1519 1523 1560 5.

330 1587 534 1629 Universi
577 1591 722 1630 autem
756 1591 800 1630 et
842 1588 1014 1641 singuli,
1057 1588 1210 1630 miram
1253 1588 1541 1631 humilitatem
1576 1592 1620 1631 et
1660 1589 1977 1632 humanitatem

211 1666 317 1706 prae
349 1666 395 1694 se
427 1652 640 1704 ferebant,
675 1653 874 1706 quamvis
906 1668 991 1695 non
1024 1653 1271 1707 ignorarem
1305 1667 1378 1696 eos
1410 1654 1563 1696 fraude
1596 1656 1640 1696 et
1672 1657 1767 1696 arte
1792 1655 1979 1707 Pelasga

211 1717 448 1759 instructos
481 1718 701 1768 accedere,
747 1732 825 1760 sua
868 1718 1000 1772 impia
1042 1718 1244 1760 facundia
1276 1722 1320 1761 et
1363 1719 1522 1760 dolosis
1564 1719 1730 1761 artibus
1772 1721 1979 1761 conantes

212 1782 316 1823 mihi
348 1782 621 1835 persuadere,
656 1786 704 1825 ut
735 1784 886 1825 relicto
919 1786 1038 1825 recto
1071 1784 1262 1834 tramite,
1296 1786 1340 1826 et
1362 1783 1434 1826 via
1457 1783 1668 1834 veritatis,
1703 1784 1756 1826 ad
1788 1784 1979 1838 ipsorum

213 1846 376 1897 devios,
411 1849 455 1888 et
486 1847 750 1901 perniciosos
783 1862 965 1897 errores,
999 1862 1067 1890 me
1091 1851 1403 1891 converterem.
1431 1883 1438 1890 .
1465 1883 1472 1890 .
1500 1883 1507 1890 .
1543 1849 1635 1890 Hoc
1659 1849 1829 1901 quidem
1853 1849 1979 1892 omit-

213 1914 307 1954 tere
340 1926 424 1953 non
457 1926 645 1965 possum,
690 1927 820 1954 unum
854 1927 909 1954 ex
941 1913 1038 1963 illis,
1078 1913 1268 1955 moribus
1301 1913 1530 1955 admodum
1564 1914 1833 1964 insolentem,
1866 1914 1978 1956 facie

334 2065 345 2084 ¹
373 2063 473 2098 Hosii
499 2064 629 2098 librum
657 2077 676 2098 a
696 2064 900 2098 Camerario
927 2064 1041 2098 obiter
1066 2066 1207 2098 tantum
1235 2064 1436 2108 inspectum
1463 2075 1552 2103 esse,
1580 2076 1621 2098 ea
1648 2064 1755 2098 etiam
1774 2064 1978 2103 ostendunt,

215 2129 308 2161 quae
344 2117 378 2150 in
405 2118 528 2151 eodem
563 2117 654 2151 libro
690 2117 862 2150 affirmari
898 2116 957 2150 ille
992 2117 1128 2151 scribit.
1179 2117 1280 2159 Vide,
1308 2129 1399 2161 quae
1425 2117 1492 2151 hac
1519 2118 1562 2151 de
1587 2129 1625 2151 re
1652 2118 1717 2151 sub
1744 2118 1858 2162 ipsam
1886 2116 1978 2150 hanc

215 2170 412 2204 Camerarii
440 2171 649 2204 relationem
677 2172 857 2215 postremo
884 2170 960 2204 loco
987 2171 1161 2204 dicentur.

333 2230 346 2250 2
372 2229 473 2263 Hosii
506 2229 597 2264 liber
626 2230 698 2272 „De
726 2240 898 2274 expresso
924 2230 989 2263 Dei
1017 2230 1145 2264 verbo“
1176 2230 1206 2263 si
1232 2241 1302 2263 non
1329 2241 1360 2264 a.
1382 2229 1482 2270 1558,
1519 2231 1615 2263 certe
1641 2241 1673 2263 a.
1694 2229 1785 2263 1560
1809 2228 1977 2272 Dilingae

213 2283 311 2327 typis
338 2283 553 2327 exscriptus,
580 2283 686 2327 paulo
712 2285 794 2327 post
820 2283 927 2317 etiam
955 2283 1089 2317 Romae
1116 2294 1272 2317 excusus
1299 2285 1364 2316 est.
1408 2283 1540 2317 Exstat
1565 2282 1673 2316 etiam
1700 2283 1736 2316 in
1763 2282 1978 2316 editionibus

217 2335 413 2380 „Operunff
436 2335 539 2370 Hosii
565 2347 596 2370 a.
617 2336 707 2370 1562
727 2335 875 2370 Parisiis
903 2338 938 2369 et
965 2347 995 2369 a.
1017 2336 1108 2370 1564
1131 2335 1296 2378 Lugduni
1322 2335 1484 2379 vulgatis
1511 2338 1579 2369 etc.
1601 2336 1708 2379 (Can.
1727 2335 1759 2368 II
1786 2334 1872 2369 4843
1896 2334 1976 2369 898.

214 2390 278 2423 Fr.
306 2390 446 2433 Hipler,
473 2389 606 2423 Hosius
632 2389 668 2423 in
699 2389 1045 2430 „Kirchenlexikoffl
1078 2389 1125 2422 VI
1152 2389 1231 2423 298.
1283 2390 1327 2422 A.
1355 2389 1550 2431 Eichhorn,
1576 2388 1709 2422 Hosius
1736 2388 1750 2421 1
1777 2387 1975 2422 293—295.

216 2443 322 2475 Hosii
358 2441 541 2486 Epistolae
568 2443 601 2476 Π
630 2442 891 2486 1007—1008).
944 2442 1111 2476 Ceterum
1137 2442 1229 2482 vide,
1267 2453 1358 2485 quae
1397 2442 1462 2475 sub
1501 2442 1615 2486 ipsam
1653 2441 1745 2475 hanc
1782 2440 1976 2475 Camerarii

214 2495 422 2528 relationem
461 2498 623 2529 extremo
659 2495 737 2530 loco
773 2495 946 2529 dicentur.
997 2495 1102 2540 Apud
1138 2496 1268 2529 Kanna
1306 2494 1401 2537 (1.0.
1436 2495 1497 2538 32)
1536 2494 1637 2528 Hosii
1676 2494 1901 2536 „Confessio“
1941 2495 1977 2526 et

219 2548 291 2590 „De
317 2559 487 2592 expresso
513 2549 577 2582 Dei
605 2549 713 2582 verbo
740 2549 850 2583 liber“
881 2549 916 2581 in
942 2560 1050 2582 unum
1079 2548 1355 2582 confunduntur.

335 2609 347 2627 ³
373 2607 491 2641 Facile
518 2607 752 2651 intellegitur,
778 2607 954 2641 Montium
980 2607 1047 2641 sibi
1074 2618 1286 2652 procurasse
1313 2606 1430 2640 Biblia
1456 2606 1499 2640 ab
1526 2605 1719 2640 haereticis
1745 2606 1801 2639 vel
1829 2605 1975 2638 homini-

215 2659 283 2693 bus
317 2660 495 2704 suspectis
531 2661 636 2701 edita,
672 2673 741 2694 non
776 2660 893 2694 Biblia
929 2672 949 2694 a
984 2660 1171 2694 catholicis
1197 2660 1359 2703 vulgata,
1396 2659 1594 2693 cuiusmodi
1630 2660 1732 2692 erant
1770 2657 1906 2700 „Biblia
1932 2657 1976 2691 ad

216 2713 465 2746 vetustissima
503 2713 725 2758 exemplaria
762 2725 888 2748 recens
926 2713 1124 2756 castigata“
1166 2724 1229 2757 per
1266 2713 1434 2746 Ioannem
1470 2712 1689 2746 Hentenium
1727 2710 1976 2745 universitatis

216 2764 433 2799 lovaniensis
459 2766 676 2809 theologum,
704 2778 794 2810 quae
820 2778 852 2800 a.
875 2767 962 2800 1547
985 2766 1134 2800 Lovanii
1162 2766 1255 2811 apud
1274 2766 1588 2800 Bartholomaeum
1609 2764 1794 2804 Gravium,
1821 2775 1852 2797 a.
1875 2763 1975 2800 1563,

219 2817 319 2856 1564,
341 2818 429 2851 1565
450 2819 669 2863 Antverpiae
688 2820 780 2863 apud
802 2818 1097 2864 Christophorum
1117 2819 1324 2853 Plantinum
1352 2819 1386 2852 in
1412 2818 1528 2852 lucem
1555 2817 1761 2861 prodierant
1788 2818 1824 2849 et
1841 2815 1975 2849 Romae

218 2880 357 2912 quoque
374 2870 441 2904 1100
458 2873 628 2915 tempore,
657 2884 736 2905 cum
755 2884 848 2906 nova
866 2872 1063 2906 Bibliorum
1090 2872 1137 2906 ibi
1161 2874 1350 2916 pararetur
1369 2871 1487 2911 editio,
1514 2870 1775 2904 adhibebantur
1795 2869 1974 2912 (Graes-se,

218 2920 348 2955 Tresor
374 2923 389 2955 Ι
417 2923 485 2956 394
511 2924 592 2958 395.
618 2926 683 2958 Fr.
711 2925 865 2969 Kazden,
894 2924 1111 2959 Geschichte
1138 2925 1199 2958 der
1217 2924 1386 2967 Vulgata,
1412 2924 1531 2957 Mainz
1560 2923 1660 2964 1868,
1686 2922 1902 2965 430—442).

337 2982 349 3000 4
380 2980 597 3022 „Geistliche
635 2983 747 3017 lieder
785 2983 857 3017 vnd
896 2983 1083 3025 Psalnien,
1123 2983 1234 3017 durch
1273 2983 1305 3018 J.
1341 2983 1389 3016 M.
1425 2982 1530 3016 Luth.
1565 2981 1646 3015 Vnd
1685 2980 1798 3014 vieler
1836 2981 1974 3014 fromen

220 3030 384 3065 Christen
410 3045 578 3068 zusamen
604 3035 760 3077 gelesen.
789 3035 962 3078 Ordnung
990 3036 1052 3069 der
1079 3035 1282 3070 deudschen
1309 3036 1438 3070 Mess.“
1476 3035 1516 3068 In
1544 3035 1611 3068 fine
1638 3034 1738 3068 libri:
1769 3033 1974 3075 „Gedruckt

219 3094 262 3116 zu
280 3084 505 3128 Magdeburg
523 3087 634 3121 durch
652 3087 785 3121 Michel
804 3088 953 3122 Lotther
970 3089 1018 3122 M.
1034 3088 1075 3122 D.
1091 3088 1185 3129 ΧΠ,
1213 3089 1250 3123 8⁰
1268 3088 1372 3124 min.:
1404 3088 1447 3122 14
1473 3088 1492 3121 7
1505 3088 1533 3121 ff
1556 3087 1726 3129 (Graesse
1742 3087 1765 3120 l.
1781 3098 1810 3120 c.
1829 3087 1879 3120 ΙΙΙ
1898 3087 1971 3129 63).

339 3143 351 3160 ⁵
378 3142 572 3186 Gregorius
598 3146 796 3187 Roseffius;
833 3147 875 3180 de
912 3158 980 3190 quo
1008 3148 1100 3187 vide,
1137 3159 1227 3191 quae
1262 3147 1328 3181 sub
1363 3147 1477 3191 ipsam
1513 3146 1605 3180 hanc
1639 3145 1848 3179 relationem
1874 3147 1972 3178 nota-

220 3193 362 3227 buntur.
