2077 3461
159 200 258 234 1214.
287 198 452 233 Canisius
479 198 512 233 S.
532 198 723 233 Francisco
750 198 792 232 de
818 198 960 242 Borgia.
997 198 1163 242 Augusta
1183 197 1323 232 Vindel.
1346 199 1400 232 31.
1419 198 1542 232 Martii
1564 198 1664 233 1565.
1765 200 1820 241 43

60 319 195 360 haran
233 320 437 372 reputato
477 317 756 360 necessario.
782 318 804 359 e'.
845 317 927 358 ben
959 319 1119 359 uenuto
1152 331 1207 358 un
1241 316 1494 359 sacerdote¹
1532 319 1696 359 mastro
1730 316 1822 358 del³

61 384 204 425 Baron
237 382 404 424 cerbico
429 416 437 424 .
462 382 531 424 del
572 382 700 436 quale
733 382 872 424 scriue
912 381 1262 424 l’Jllustrissimo
1295 381 1496 423 Cardinal
1529 381 1567 422 d’
1587 381 1821 434 Augusta.

59 462 142 490 non
183 448 308 489 uiene
339 447 474 489 anche
507 447 723 500 gotefrido
755 446 868 496 zoth,
911 446 1031 488 forsa
1063 448 1168 487 uera
1203 460 1283 487 con
1317 445 1497 499 qualche
1530 446 1644 488 altra
1677 459 1822 487 como-

59 512 162 555 dita.
216 512 430 554 Vilelmo2
462 511 622 564 figliolo
656 511 750 553 delb
783 514 972 553 maestro
1006 510 1048 552 di
1079 524 1182 553 casa
1215 510 1312 552 dell’
1332 510 1636 552 Jllustrissimo
1666 510 1823 564 Signor

59 578 192 628 Duca,
227 578 249 618 e
281 579 440 619 uenuto
483 577 527 618 et
558 576 595 617 si
626 575 789 618 hauera
829 575 1066 629 particular
1104 589 1207 617 cura
1239 575 1291 617 de
1324 575 1415 618 lui.
1441 589 1520 616 con
1551 575 1594 617 la
1626 577 1754 628 posta
1786 574 1822 616 si

57 642 249 684 scriuera
288 642 330 683 al
362 641 503 683 Padre
535 640 670 682 Paulo
704 641 812 683 offeo
829 642 857 692 3,
901 643 945 683 et
986 640 1123 682 anche
1164 640 1283 682 forsa
1316 641 1341 681 a
1373 642 1536 681 mastro
1569 640 1704 682 Tobia
1720 640 1749 689 4,
1792 639 1821 681 il

58 707 185 760 quale
226 706 280 748 da
317 706 544 759 raguaglio
578 705 749 759 copioso
783 705 851 747 del
885 705 1005 748 detto
1039 705 1237 748 Vilelmo.
1301 705 1353 747 V.
1387 705 1438 749 R.
1471 706 1598 758 potra
1631 704 1821 759 supplire

57 786 104 813 se
133 771 258 826 parla
290 771 364 813 alli
395 770 566 824 parenti
599 769 700 811 delli
733 769 841 812 detti
875 770 1125 812 offerendoli
1158 769 1259 823 ogni
1291 769 1431 811 officio
1457 803 1465 812 .
1489 771 1571 812 etc.

176 835 220 878 Si
251 850 355 877 sono
389 835 524 877 anche
555 834 748 877 riceuute
780 835 821 876 le
854 835 1009 877 lettere
1042 835 1094 877 de
1127 835 1178 877 V.
1203 836 1254 877 R.
1289 835 1341 876 de
1373 833 1549 887 Dilinga
1582 834 1634 876 de
1666 834 1717 876 X.
1752 834 1821 876 del

57 903 246 955 passam,
281 900 365 942 alle
397 900 513 953 quali
545 913 623 954 per
654 900 808 942 adesso
841 913 925 941 non
958 900 994 941 si
1026 900 1123 942 fara
1155 900 1357 953 risposta,
1391 913 1461 941 ma
1495 913 1574 941 con
1607 899 1650 941 la
1681 899 1821 953 prima

56 968 182 1020 posta
214 979 334 1007 come
366 965 401 1007 si
435 967 458 1006 e
491 965 611 1007 detto
638 999 646 1007 .
671 967 715 1007 et
747 964 836 1006 cosi
868 965 942 1006 alli
975 964 1077 1007 altri
1114 965 1238 1019 padri
1271 964 1349 1006 che
1380 964 1522 1006 hanno
1556 964 1708 1006 scritto
1743 977 1822 1006 con

56 1030 197 1084 questi
228 1030 328 1072 boni
359 1029 543 1083 gioueni.
596 1029 652 1072 N.
676 1029 815 1071 Padre
838 1029 1012 1072 Vicario
1046 1032 1090 1072 et
1121 1029 1227 1072 tutti
1259 1029 1295 1071 ci
1328 1028 1702 1071 raccomandiamo
1737 1031 1820 1072 etc.

58 1097 123 1138 De
153 1096 292 1137 Roma
322 1095 354 1136 li
387 1097 455 1139 24.
490 1094 531 1136 di
563 1108 708 1136 marzo
743 1096 886 1137 .1565.

173 1171 351 1204 Polanens
366 1181 437 1204 una
456 1181 536 1204 cum
553 1169 621 1204 hac
639 1169 804 1214 epistula,
831 1171 872 1203 ut
888 1169 1042 1210 videtur,
1068 1168 1238 1203 *litteras
1256 1169 1356 1203 misit
1374 1169 1496 1203 eodem
1516 1169 1571 1203 die
1590 1168 1634 1203 ad
1653 1167 1821 1202 Ottonem

56 1223 272 1258 cardinalem
292 1224 545 1267 Augustanum
564 1223 677 1263 datas,
704 1222 834 1267 quibus
859 1222 1050 1264 referebat,
1076 1222 1299 1257 sacerdotem
1318 1233 1459 1266 quoque
1477 1222 1577 1255 illum
1599 1221 1821 1266 (Philippum

57 1276 288 1319 Doberainer)
318 1276 354 1310 111
381 1275 572 1319 collegium
607 1276 851 1319 germanicum
878 1277 1061 1320 receptum
1088 1287 1168 1310 esse
1203 1286 1354 1319 eumque
1381 1275 1672 1309 adulescentibus
1699 1286 1719 1308 a
1746 1285 1821 1308 car-

56 1329 166 1364 dinali
201 1329 469 1370 commendatis,
505 1341 585 1363 cum
620 1329 673 1363 illi
709 1328 975 1363 deambulatum
1011 1329 1115 1371 irent,
1151 1329 1317 1363 comitem
1350 1328 1432 1362 addi
1470 1327 1531 1372 (ex
1557 1340 1679 1373 apogr.
1707 1327 1819 1362 eiusd.

56 1386 164 1428 temp.
196 1382 334 1426 „Germ.
362 1383 440 1424 61²,
467 1382 491 1416 f.
519 1382 617 1426 274).

58 1468 200 1506 1214.
292 1469 508 1505 CANISIUS
536 1467 801 1504 SANGTO
829 1467 1218 1504 FRANGISGO
1247 1467 1339 1503 BE
1367 1466 1655 1510 BORGIA,
1682 1467 1817 1502 vicario

221 1523 380 1568 generali
406 1523 597 1557 Societatis
623 1523 716 1557 Iesu.
947 1523 1116 1566 Augusta
1141 1522 1408 1556 Vindelicorum
1435 1522 1491 1556 31.
1518 1521 1640 1555 Martii
1669 1522 1769 1556 1565.

174 1587 231 1621 Ex
265 1587 396 1622 litteris
431 1587 648 1633 archetypis,
684 1599 773 1632 quas
801 1586 966 1622 Canisius
992 1587 1031 1622 P.
1060 1586 1250 1621 Guilielmo
1276 1587 1429 1621 Elderen
1457 1586 1491 1621 S.
1519 1587 1550 1621 J.
1586 1587 1740 1620 dictatas
1767 1598 1819 1620 re-

57 1641 225 1683 cognovit
243 1652 285 1675 ac
302 1653 367 1675 sua
385 1653 493 1675 manu
511 1641 668 1675 correxit
686 1644 721 1675 et
739 1641 954 1686 subscripsit
974 1640 1167 1684 („Seruus“
1190 1641 1287 1683 etc.)‚
1315 1640 1502 1685 exscripsi,
1521 1641 1663 1684 praeter
1680 1642 1820 1684 partem

57 1697 284 1739 postremam,
317 1706 408 1738 quae
433 1695 478 1728 ab
509 1694 636 1737 „etiam
663 1695 705 1728 ad
734 1694 1000 1729 Catechismum
1028 1694 1224 1728 docendum
1250 1693 1400 1728 Domino
1428 1693 1644 1727 auxiliante‘*
1673 1693 1819 1738 incipit;

57 1747 163 1781 huius
189 1747 283 1781 enim
309 1747 422 1792 partis
451 1747 574 1792 (quam
601 1750 637 1782 et
662 1748 777 1792 ipsam
804 1748 848 1782 ab
875 1747 1050 1782 Eldereno
1077 1748 1250 1792 scriptam
1277 1758 1358 1781 esse
1382 1746 1549 1781 existimo
1576 1746 1729 1790 quidem,
1756 1746 1819 1780 sed

57 1802 153 1835 certo
172 1800 352 1835 affirmare
377 1813 446 1834 non
464 1801 624 1845 possum)
652 1803 792 1835 tantum
815 1803 959 1845 praesto
977 1800 1064 1834 mihi
1090 1803 1168 1834 erat
1184 1800 1441 1845 apographum,
1468 1801 1575 1844 idque
1592 1799 1658 1834 sub
1677 1811 1707 1834 a.
1730 1800 1819 1834 1892

58 1865 103 1888 ex
129 1854 324 1899 archetypo
359 1854 579 1898 exscriptum
605 1856 641 1888 et
667 1854 732 1888 sub
759 1866 789 1889 a.
819 1854 910 1888 1902
946 1865 1024 1888 cum
1053 1853 1175 1887 eodem
1212 1854 1404 1896 diligenter
1430 1853 1611 1888 collatum.
1661 1852 1820 1887 Litterae

58 1909 204 1941 exstant
229 1907 264 1941 in
288 1907 349 1949 „G.
369 1907 433 1952 Ep.
449 1907 534 1948 VP,
561 1908 585 1942 f.
605 1907 789 1949 80²²—81b‚
816 1909 960 1952 praeter
978 1909 1114 1952 partem
1142 1906 1240 1940 illam
1267 1908 1502 1951 post1·emam;
1530 1906 1619 1941 haec
1645 1906 1738 1940 enim
1766 1908 1821 1941 est

59 1960 94 1994 in
124 1960 277 2003 „E.o.1“‚
304 1972 338 1994 n.
361 1961 427 1995 156
457 1960 497 2002 (f.
517 1961 592 2001 63).
643 1960 789 1994 Litteris
816 1961 871 1995 usi
897 1962 982 1995 sunt
1008 1962 1123 1994 Kro’ss
1148 1959 1170 1994 l.
1190 1971 1219 1994 c.
1239 1971 1270 2005 p.
1292 1960 1359 1994 173
1387 1962 1422 1994 et
1449 1960 1567 2003 Dnhr,
1594 1959 1696 1994 Ies.I
1723 1960 1817 1994 610³.

179 2026 327 2059 Comitia
356 2027 506 2069 imperii.
560 2026 700 2059 Canisii
719 2027 894 2069 profectio
925 2036 1088 2059 romana.
1140 2027 1176 2058 Is
1203 2037 1290 2059 noi-a
1317 2026 1583 2068 comm-efflatione
1604 2025 1821 2068 provinciali

58 2089 144 2122 opus
169 2090 238 2112 esse
262 2090 331 2112 non
359 2084 479 2112 censet.
523 2079 699 2122 Albertus,
731 2080 876 2122 Georyii
900 2079 1059 2122 Fuyyeri
1083 2079 1190 2121 filins,
1218 2082 1402 2120 morticns;
1432 2080 1604 2121 Georyiecs
1630 2083 1659 2111 et
1685 2079 1728 2111 ab
1756 2089 1819 2110 zcr-

59 2143 118 2165 ore
152 2136 182 2165 et
224 2143 244 2165 a
281 2132 425 2165 Canisio
467 2134 629 2165 monitus.
681 2133 895 2175 Hieronymi
934 2133 1166 2165 Rosa'raeevii
1206 2143 1263 2165 aes
1304 2132 1459 2165 alienum
1500 2136 1529 2164 et
1572 2132 1821 2164 inconstantia.

59 2185 217 2218 Litterae
242 2186 387 2218 Indicae
413 2186 609 2218 mittendae.
659 2185 866 2228 Elirenbery
896 2186 943 2218 ad
968 2196 1049 2218 suos
1083 2186 1190 2218 rediit
1216 2186 1448 2227 Biryittanos.
1500 2185 1716 2226 Praepositis
1737 2194 1822 2226 pro-

58 2238 267 2271 vinct'alibas
310 2239 463 2281 amplior
506 2239 706 2271 dimittendi·
742 2239 900 2280 facultas
937 2239 1136 2271 tribuenda.
1197 2239 1324 2271 Rector
1363 2239 1619 2280 oem'pontamcs
1658 2239 1821 2280 moulins,

60 2291 284 2332 familiarius
302 2302 379 2324 omn
397 2292 612 2334 Maydalena
632 2292 755 2333 ressina
774 2303 817 2324 ne
835 2296 961 2335 ayeret,
987 2292 1124 2325 scholas
1144 2295 1179 2324 ut
1199 2293 1418 2324 instauraret
1437 2295 1496 2324 etc.
1536 2291 1573 2324 P.
1595 2290 1822 2323 Cin-illonins.

60 2344 179 2377 Novus
214 2349 330 2378 rector
367 2345 663 2387 inglolstacliensis.
718 2345 884 2378 Canis-ius
927 2345 1180 2378 Tlieodoricwn
1218 2345 1372 2386 fratrem
1407 2345 1573 2385 Dilinssae
1610 2343 1823 2376 sollemniter

61 2402 227 2430 rectorem
252 2399 495 2431 universitatis
521 2402 580 2430 etc.
608 2399 784 2439 instittci't;
821 2399 944 2431 ibidem
973 2410 1049 2430 cam
1085 2399 1267 2431 cardinali
1292 2398 1332 2430 sle
1367 2399 1619 2430 canonicorum
1656 2401 1822 2439 anglus-ta-

59 2461 188 2483 ‘normn
215 2452 346 2484 animis
372 2451 513 2493 eolleyio
539 2451 723 2494 dilinqano
750 2451 985 2484 conciliandis
1011 2456 1040 2483 et
1066 2452 1107 2484 cle
1142 2453 1257 2484 eodem
1285 2451 1426 2493 colleJJiO
1453 2451 1607 2483 dotando
1634 2451 1709 2492 egit.
1760 2450 1825 2482 Ille

60 2504 181 2536 aiilam
212 2505 320 2536 m'mis
353 2504 572 2547 splendidam
609 2504 710 2536 liabet
745 2509 774 2537 et
811 2515 919 2537 noras
945 2505 1081 2548 colleyii
1106 2505 1206 2537 aedes
1231 2505 1433 2537 meditatur.
1478 2503 1621 2546 Colle-(sii
1647 2505 1826 2546 Auynstae

62 2557 233 2590 condendi
251 2558 436 2590 consilium
462 2557 579 2599 friget.
622 2558 822 2600 Episcopus
846 2558 1098 2600 herbipolensis
1124 2562 1152 2590 et
1172 2558 1321 2590 Helvetii
1346 2558 1386 2588 tle
1405 2557 1558 2598 volleyiis
1577 2556 1826 2589 constituendis

62 2614 180 2651 ayunt.
235 2610 401 2643 Canisiecs
436 2611 617 2651 Anynstae
654 2610 897 2643 catechismmn
938 2611 1136 2653 explicabit.
1189 2612 1287 2643 Socii
1324 2611 1470 2652 aem-oti.
1521 2609 1584 2641 Fr.
1612 2608 1750 2651 Vb'lker,
1789 2614 1824 2641 αῖ

63 2663 274 2706 dimittatur,
302 2664 421 2696 instat.
473 2663 512 2696 P.
540 2663 756 2697 Pium-lanus.

344 2734 371 2785 †
405 2734 498 2775 Pax
531 2733 688 2776 Christi
723 2734 952 2776 admodum
986 2734 1238 2775 Reuerende
1272 2734 1417 2775 Pater.

185 2806 249 2847 10.
274 2805 419 2858 Martij
455 2805 581 2846 datas
615 2805 759 2858 accepi
793 2819 877 2846 una
911 2819 1004 2846 cum
1036 2805 1132 2858 alijs
1156 2805 1208 2846 ad
1234 2803 1546 2845 Prouincialem
1571 2803 1823 2845 Rhenanum

65 2868 331 2911 destinandis
350 2905 357 2913 .
379 2869 561 2911 Comitia
584 2869 778 2923 Jmperij,
814 2870 966 2922 quibus
1000 2883 1066 2910 1110
1099 2869 1236 2911 uoluit
1259 2868 1499 2910 Cardinalis
1522 2868 1746 2919 interesse,
1781 2869 1822 2910 111

182 2956 209 2980 a)
232 2950 369 2981 Sequitur
388 2948 556 2978 sacerdote,
578 2958 593 2973 te
615 2950 680 2974 libr.
702 2950 790 2974 oblim.
865 2948 893 2973 1)»
916 2951 937 2973 A
961 2950 1026 2973 libr.
1048 2957 1121 2973 forr.
1143 2958 1178 2972 m*
1199 2948 1309 2981 tigliolo
1333 2948 1640 2976 dell‘JllustrissimO.

187 3032 196 3050 ¹
223 3030 409 3076 Philippus
436 3031 654 3066 Doberaincr
684 3031 780 3074 (vide
807 3043 915 3076 supra
943 3043 976 3076 p.
1002 3032 1133 3074 2—4);
1169 3032 1211 3064 de
1238 3042 1306 3075 quo
1334 3031 1414 3064 vide
1451 3031 1568 3072 etiam,
1606 3043 1696 3075 quae
1734 3032 1824 3065 infra

67 3085 148 3127 post
172 3084 269 3127 ipsas
296 3084 361 3119 has
387 3085 527 3119 litteras
555 3085 728 3118 dicentur.

185 3137 198 3156 ‘²
224 3136 349 3171 Lbsch.
497 3139 509 3158 ³
535 3137 573 3172 P.
602 3137 760 3177 Hoffaeo,
787 3136 916 3171 rectori
944 3136 1083 3179 collegii
1112 3137 1346 3171 monacensis.

186 3190 198 3209 ⁴
224 3189 290 3223 Hic
318 3190 360 3223 de
388 3189 563 3224 societate
591 3190 702 3223 fuisse
728 3202 795 3224 non
824 3190 977 3223 videtur.
