2077 3461
260 191 340 232 120
773 187 872 222 1256.
909 187 1059 222 loannes
1086 188 1128 221 de
1154 187 1309 221 Polanco
1337 187 1490 222 Canisio.

253 306 416 348 difficiles
432 317 467 339 se
487 306 658 348 praebere
676 306 796 339 debere
813 307 861 338 ad
878 307 1033 339 aliorum
1059 306 1192 339 libellos
1207 306 1380 348 supplices
1396 306 1597 339 tradendos.
1639 306 1726 340 szi
1748 307 2009 340 Germanorum

254 360 450 392 valetudine
478 370 578 392 usum
604 359 671 392 olei
697 370 768 392 non
795 361 987 392 convenire.

372 413 526 454 Borqias
551 412 663 445 Roma
690 414 745 446 17.
763 413 967 446 Novembris
997 414 1086 445 1565
1125 411 1290 444 Οαηὶ3ἰο;
1326 411 1392 455 „Gi
1425 413 1539 445 siamo
1574 412 1760 454 mileysi-ati
1793 413 1830 445 in
1867 413 2010 446 domino

255 465 463 498 intendendo
483 465 583 508 perte
614 465 730 498 lettere
755 466 797 498 de
822 466 859 499 V.
878 466 921 499 R.
949 466 989 497 de
1016 467 1058 497 ,2.
1086 464 1141 496 del
1162 468 1322 506 presente
1347 464 1406 496 che
1432 475 1495 497 con
1520 466 1639 497 sanita
1664 466 1752 507 fossi
1777 466 1946 499 cm'riuato
1973 466 2009 498 in

254 516 449 561 Anyzcstaf‘
484 519 532 551 Et
549 519 662 552 Roma
682 521 735 552 12.
754 519 956 552 Decembris
976 519 1065 551 1565
1089 517 1316 559 Thefflorico,
1342 517 1455 560 ipsius
1477 518 1614 559 fratri:
1641 519 1883 561 „Hispondero
1901 519 2011 551 anche

255 572 288 604 in
326 575 446 614 questa
480 572 540 604 αἶα
576 572 698 605 lettera
732 573 773 605 de
806 574 839 605 2.
865 573 907 604 de
939 570 1126 604 nouembre
1161 571 1215 603 del
1250 571 1369 603 Padre
1401 571 1629 604 Prouinciale
1666 571 1843 605 Cantse'of‘
1896 574 2010 615 Atque

253 625 406 667 Boryias
434 635 506 657 una
533 636 609 658 cnm
637 626 763 658 litteris
791 628 844 658 17.
864 624 1068 657 Novembris
1096 626 1186 656 1565
1213 624 1260 656 ad
1289 623 1474 657 Canisz‘icm
1500 625 1605 667 datis,
1640 635 1730 667 quas
1754 625 1843 666 dixi,
1878 625 2011 658 alteras

254 679 347 710 misit
384 679 498 710 eodem
536 679 592 711 die
629 679 677 710 ad
718 678 872 711 Ottonem
911 677 1133 710 cardinalem
1171 677 1421 719 Anyustamcm
1459 678 1586 718 datas;
1625 679 1662 710 iri
1699 678 1845 721 quibus:
1884 678 2010 721 „Delia

254 728 451 774 missione“,
478 732 605 774 inquit,
634 732 710 773 „del
729 731 847 764 Padre
868 730 1013 764 Canis-io
1032 731 1079 763 da
1096 731 1150 763 lui
1167 731 1287 763 istesso
1305 741 1392 763 sara
1410 731 1606 772 informata
1624 731 1662 764 V.
1683 731 1718 764 S.
1737 731 1988 763 Illustrissima
2000 742 2013 764 .·

254 785 302 817 mi
334 784 381 817 ha.
402 786 563 827 piaez'nto
590 785 630 817 de
661 785 820 817 intender
850 795 917 827 per
942 795 1003 816 sue
1037 784 1153 817 lettere
1179 783 1237 817 che
1271 783 1400 816 habbia
1435 784 1555 816 animo
1590 784 1628 816 di
1661 788 1790 817 tornar-
1817 788 1938 826 presto
1973 785 2010 816 in

254 839 426 880 Augyasta,
462 838 557 870 aceio
583 838 623 869 ui
647 839 679 870 si
699 847 805 880 possa
832 841 962 870 trouar
986 837 1022 870 al
1042 837 1227 880 principio
1254 837 1346 869 della
1372 837 1477 880 dieta,
1513 840 1543 869 et
1568 837 1638 870 cosi
1662 848 1696 870 se
1722 838 1749 870 li
1773 837 2011 870 racc-ornanda

254 891 334 923 uela
361 891 508 932 alliyata
535 888 690 923 Zettera.“

373 960 506 994 Canisii
532 960 673 994 litterae
701 959 836 1004 perisse
855 960 1034 994 videntur.
1079 959 1134 993 Ex
1154 959 1305 1003 Borgiae
1331 961 1453 993 tamen
1471 959 1636 1004 epistula,
1663 970 1770 1003 quam
1796 959 1909 1004 primo
1934 959 2011 993 loco

253 1013 458 1054 memoravi,
478 1012 711 1056 intellegitur,
731 1013 858 1057 ipsum,
877 1024 957 1047 cum
976 1013 1159 1057 aliquanto
1179 1015 1259 1057 post
1280 1012 1358 1057 (per
1376 1011 1588 1056 Polancum)
1608 1012 1805 1046 rectoribus
1822 1012 2011 1046 florentino

252 1068 286 1099 et
311 1066 517 1100 ferrariensi
544 1065 663 1110 aliqua
686 1078 750 1107 „ex
770 1066 981 1100 Germania“
1012 1067 1056 1099 ad
1082 1077 1120 1100 se
1146 1066 1282 1110 scripta
1301 1076 1381 1100 esse
1407 1066 1600 1106 nuntiaret,
1626 1065 1692 1100 has
1710 1065 1844 1099 Canisii
1870 1065 2012 1099 litteras

252 1119 485 1161 significasse.
536 1119 592 1153 Ita
618 1119 729 1162 igitur
755 1121 908 1163 Borqias
937 1119 1070 1153 litteris
1096 1118 1208 1153 Roma
1234 1119 1267 1153 8.
1286 1118 1493 1153 Decembris
1522 1119 1611 1153 1565
1639 1118 1856 1152 Florentiam
1891 1118 2011 1152 missis

254 1172 291 1206 P.
310 1171 534 1216 Alphonsum
554 1172 745 1216 Sgariliam
765 1171 798 1207 S.
820 1173 852 1206 J.
873 1172 1013 1216 collegii
1032 1174 1207 1206 rectorem
1223 1171 1240 1190 *
1254 1172 1391 1205 monuit
1409 1172 1451 1205 de
1470 1172 1510 1205 P.
1530 1171 1722 1205 Guilielmo
1741 1171 1893 1205 Elderen
1912 1171 1945 1205 S.
1966 1172 2011 1212 J.‚

252 1225 312 1269 qui
330 1226 495 1268 Augusta
513 1226 548 1259 in
566 1225 708 1259 Italiam
727 1226 859 1260 missus
877 1228 965 1267 erat,
985 1228 1024 1260 ut
1043 1226 1196 1259 Ioannae
1214 1225 1430 1259 Ferdinandi
1448 1225 1473 1260 I.
1493 1225 1719 1270 imperatoris
1737 1224 1832 1258 filiae
1851 1227 1886 1258 et
1903 1225 2011 1258 Fran-

252 1279 337 1312 cisci
351 1278 503 1313 Tusciae
518 1278 618 1312 ducis
632 1278 736 1312 uxori
750 1290 771 1312 a
789 1279 903 1313 sacris
918 1278 1204 1313 confessionibus
1219 1281 1331 1312 esset:
1355 1277 1492 1320 „Siamo
1511 1277 1598 1312 stati
1617 1278 1746 1312 auisati
1761 1277 1826 1311 che
1844 1277 1879 1311 in
1895 1278 2012 1321 questi

253 1331 414 1376 principij
434 1331 604 1366 conuiene
622 1332 716 1366 uada
734 1332 829 1366 assai
849 1334 1012 1366 retenuto
1032 1331 1129 1365 detto
1148 1331 1263 1365 Padre
1283 1330 1472 1371 Gulielmo,
1499 1333 1534 1364 in
1552 1330 1704 1375 pigliare
1721 1333 1869 1364 assunto
1888 1330 1930 1364 de
1949 1330 2013 1364 dar

251 1383 437 1428 suppliche
464 1384 505 1418 de
524 1384 665 1419 diuerse
687 1396 836 1429 persone
862 1384 1022 1418 riceuute
1049 1386 1069 1418 a
1094 1384 1193 1418 detta
1212 1383 1363 1427 Signora
1381 1382 1575 1424 Duehessa,
1603 1383 1711 1417 etiam
1737 1382 1802 1416 che
1824 1382 1924 1417 siano
1950 1394 2014 1428 per

252 1438 306 1481 pie
333 1449 448 1482 opere,
485 1439 523 1471 et
545 1449 583 1471 se
609 1437 633 1471 li
669 1437 786 1472 scriue
813 1437 966 1472 consulti
993 1449 1057 1472 con
1083 1436 1126 1471 V.
1154 1436 1194 1471 R.
1223 1436 1293 1470 deli
1319 1436 1438 1481 officii,
1475 1435 1541 1470 che
1576 1435 1710 1470 hauera
1736 1437 1756 1469 3
1782 1436 1868 1476 fare,
1905 1438 1939 1469 et
1965 1435 2011 1469 lei

252 1490 364 1524 anche
398 1491 468 1524 stia
494 1490 604 1524 molto
639 1502 745 1535 sopra
772 1491 806 1524 di
842 1502 880 1525 se
916 1490 974 1524 nel
1010 1490 1232 1533 consegliare
1267 1490 1298 1524 si
1334 1490 1510 1524 3000111110
1538 1489 1656 1533 questi
1691 1489 1841 1530 assunti,
1877 1488 2012 1522 benche

252 1542 428 1586 qualcuno
455 1555 523 1578 non
549 1544 579 1577 si
603 1544 730 1578 debbia
756 1555 800 1577 ne
826 1543 857 1577 si
883 1555 989 1589 possa
1016 1554 1192 1584 recusare,
1221 1545 1256 1576 et
1281 1543 1311 1576 si
1338 1542 1497 1577 iudicara
1518 1542 1558 1577 V.
1578 1542 1618 1576 R.
1646 1541 1710 1576 che
1736 1541 1790 1575 sia
1815 1541 1888 1575 tale
1915 1541 2012 1585 qual-

252 1607 352 1637 cun0‚
388 1598 490 1640 potra
522 1596 575 1630 dir
611 1596 635 1630 il
660 1608 724 1631 suo
759 1608 885 1641 parere
911 1596 945 1630 al
971 1597 1010 1631 P.
1039 1595 1225 1630 Gulielmo.
1247 1622 1253 1629 .
1274 1623 1281 1630 .
1301 1622 1308 1630 .
1361 1595 1400 1629 Gi
1435 1595 1552 1629 hanno
1584 1595 1723 1629 auisato
1749 1594 1783 1628 di
1811 1593 2013 1634 Germania,

252 1648 317 1683 che
343 1648 433 1683 l'uso
460 1649 516 1683 del
542 1649 637 1692 oglio
664 1661 732 1683 non
759 1652 777 1683 0
803 1650 893 1684 bono
920 1661 982 1694 per
1007 1649 1032 1682 il
1052 1649 1167 1683 Padre
1194 1647 1382 1683 Gulielmo.
1418 1647 1460 1682 V.
1480 1647 1520 1681 R.
1548 1647 1573 1681 li
1599 1648 1678 1681 dica
1704 1647 1769 1682 che
1795 1647 1820 1681 li
1846 1646 1962 1692 scopri
1988 1647 2014 1681 11

252 1702 399 1745 bisogno
413 1713 476 1736 suo
490 1702 723 1737 liberamente
738 1705 773 1736 et
787 1702 929 1737 faceiali
946 1702 1151 1747 prouedere,
1170 1704 1270 1736 tanto
1284 1701 1342 1735 nel
1355 1700 1548 1744 mangiare,
1568 1702 1701 1745 quanto
1714 1700 1771 1734 nel
1785 1700 1919 1734 uestire
1933 1702 2013 1734 etc.

252 1754 316 1789 che
342 1755 392 1788 lui
418 1754 450 1789 10
477 1756 646 1790 satisfara
672 1756 761 1790 bene
786 1768 849 1800 per
875 1755 967 1790 31113
998 1755 1088 1789 1113.“
1138 1755 1304 1798 „Oleum‘⁴
1336 1757 1456 1788 autem
1482 1754 1668 1795 Polancus,
1696 1753 1847 1797 Borgiae
1872 1753 2014 1787 nomine

252 1807 422 1849 scribens,
449 1808 632 1851 significat
657 1809 757 1849 illud,
784 1809 877 1853 quod
904 1809 940 1842 in
958 1809 1064 1843 Italia
1090 1809 1198 1842 etiam
1224 1819 1316 1842 nunc
1334 1807 1560 1853 potissimum
1586 1807 1630 1841 iis
1649 1806 1773 1840 diebus
1790 1806 2013 1846 ieiuniorum,

252 1860 380 1905 quibus
406 1873 475 1895 non
501 1861 585 1895 licet
615 1861 843 1904 „lacticiniis“
874 1861 983 1903 vesci,
1010 1861 1216 1896 condiendis
1242 1861 1330 1895 cibis
1356 1860 1556 1894 adhibetur.
1600 1860 1718 1903 Atque
1744 1859 1837 1893 idem
1860 1861 2014 1902 Bor-yias

252 1913 375 1948 eodem
413 1914 468 1948 die
503 1914 542 1949 P.
577 1915 704 1949 Fulvio
736 1915 909 1949 Androtio
936 1914 971 1949 S.
997 1915 1030 1949 J.
1070 1915 1211 1958 collegii
1249 1913 1476 1948 ferrariensis
1510 1914 1640 1947 rectori
1678 1913 1720 1946 de
1755 1913 1794 1947 P.
1821 1912 2012 1946 Laurentio

252 1966 486 2001 Hermanutio
513 1967 546 2002 S.
575 1968 618 2009 J„
655 1968 715 2012 qui
740 1968 922 2002 Barbarae
948 1967 1164 2002 Ferdinandi
1191 1968 1218 2001 Ι.
1251 1967 1476 2012 imperatoris
1511 1966 1606 2000 filiae
1642 1968 1677 2000 et
1702 1965 1877 2010 Alphonsi
1911 1965 2013 2000 ducis

251 2020 477 2054 ferrariensis
503 2021 607 2054 uxori
633 2021 841 2064 assignatus
859 2023 937 2056 erat
963 2021 1215 2061 confessarius,
1241 2020 1470 2065 *praecepitz
1502 2019 1562 2061 „Ci
1588 2020 1735 2053 auisano
1759 2019 1802 2053 de
1821 2018 2014 2053 Germania

252 2072 316 2107 che
341 2074 378 2106 in
413 2074 530 2117 questi
566 2074 729 2119 principij
757 2086 930 2109 conuerra
965 2074 1077 2109 andar
1111 2073 1259 2108 ritenuti
1294 2073 1351 2107 nel
1386 2072 1662 2107 raccomandare
1698 2071 1806 2106 molte
1832 2083 1913 2106 cose
1939 2071 2012 2106 3113

251 2126 350 2160 detta.
377 2125 528 2170 Signora.
553 2126 750 2168 Duchessa,
776 2139 845 2161 non
872 2129 972 2161 tanto
998 2127 1258 2171 risguardando
1286 2128 1306 2160 a
1330 2126 1377 2160 lei
1405 2126 1485 2169 (che
1512 2128 1530 2159 e
1556 2125 1665 2159 molto
1691 2125 1914 2159 affettionata
1941 2124 2012 2158 alla

253 2178 472 2224 Compagnia
497 2179 633 2223 nostra)
663 2191 721 2214 ma
747 2180 781 2214 al
808 2180 937 2223 Signor
959 2180 1094 2221 Ducha,
1122 2182 1158 2214 et
1183 2180 1256 2214 cosi
1283 2191 1321 2214 se
1347 2179 1372 2213 li
1398 2179 1515 2213 scriue
1541 2178 1575 2212 al
1594 2178 1708 2212 Padre
1726 2178 1893 2219 Lorenzo,
1918 2178 2012 2211 uada

250 2232 417 2273 ritenuto,
444 2234 480 2266 et
505 2233 536 2267 si
562 2233 721 2276 consegli
748 2244 813 2267 con
839 2232 883 2267 V.
901 2233 942 2267 R.
970 2234 1111 2277 quando
1137 2233 1161 2266 li
1188 2233 1276 2267 fossi
1303 2233 1476 2266 110010310
1504 2231 1538 2265 (11
1564 2231 1620 2265 far
1645 2230 1753 2276 officij
1780 2243 1799 2265 0
1824 2233 2012 2276 presentar

251 2284 437 2329 suppliche
472 2284 529 2319 ala
554 2285 751 2320 Duchessa.
802 2285 939 2320 Perche
965 2286 996 2320 si
1031 2286 1120 2320 bene
1146 2298 1216 2319 non
1251 2286 1281 2320 si
1307 2296 1414 2330 possa
1448 2285 1608 2319 ricusare
1634 2284 1703 2318 alle
1738 2283 1834 2318 uolte
1860 2283 2011 2327 qualche

251 2337 368 2372 officio
394 2338 452 2383 pio
478 2338 605 2380 simile,
632 2350 676 2372 ne
702 2339 733 2373 si
756 2339 847 2373 deua
867 2366 874 2373 .
893 2339 993 2373 molti
1019 2339 1117 2373 forsa
1134 2340 1172 2373 'si
1192 2339 1394 2373 doueranno
1420 2348 1587 2372 recusare
1606 2349 1671 2371 con
1688 2337 1778 2370 bone
1795 2335 1927 2381 parole.
1946 2363 1953 2370 .
1975 2363 1981 2370 .
2003 2363 2010 2370 .

253 2391 291 2424 Ci
318 2391 465 2425 auisano
493 2391 558 2426 che
584 2391 645 2425 alli
671 2391 834 2426 todeschi
860 2403 947 2426 noce
973 2391 1062 2426 l'uso
1088 2392 1131 2426 de
1157 2391 1169 2425 1
1195 2391 1300 2435 oglio.
1342 2391 1386 2425 V.
1413 2391 1454 2424 R.
1482 2390 1591 2424 esorti
1618 2390 1641 2423 il
1668 2390 1783 2423 Padre
1808 2390 1964 2423 Lorenzo
1990 2390 2012 2422 a

252 2443 332 2477 dirli
359 2444 679 2479 confidentemente
713 2444 738 2478 li
763 2445 841 2479 suoi
872 2445 1013 2488 bisogni
1046 2445 1140 2479 circa
1171 2444 1196 2478 il
1230 2444 1332 2485 uitto,
1367 2443 1500 2477 uestito
1528 2446 1605 2477 .etc.
1633 2445 1668 2476 et
1699 2442 1829 2476 habbia
1856 2453 1940 2476 cura
1967 2442 2011 2475 de

250 2496 326 2530 lui.
346 2496 411 2530 che
437 2497 504 2531 ben
531 2496 564 2531 lo
590 2497 856 2542 ricompensara
882 2497 965 2541 quel
992 2497 1056 2531 che
1082 2497 1113 2531 si
1139 2497 1315 2542 spendera
1341 2508 1404 2541 per
1431 2496 1541 2530 esso.“

253 2606 402 2642 1256.
508 2607 569 2643 P.
606 2606 904 2644 IOANNES
941 2607 1033 2643 DE
1070 2606 1404 2649 POLANGO,
1440 2607 1656 2642 secretarius
1691 2605 1881 2640 Societatis
1915 2605 2008 2646 Iesu,

416 2661 557 2695 nomine
585 2660 618 2695 S.
645 2661 828 2696 Francisci
853 2661 1017 2705 Borgiae,
1043 2661 1239 2706 praepositi
1265 2660 1456 2704 generalis,
1484 2658 1684 2694 CANISIO.

1418 2713 1531 2747 Roma
1557 2712 1588 2746 3.
1616 2710 1828 2745 Novembris
1857 2710 1958 2744 1565.

370 2776 425 2810 Ex
461 2778 666 2822 apographo
702 2778 811 2813 eiusd.
838 2780 967 2823 temp.;
1002 2778 1038 2812 111
1074 2779 1235 2821 margine
1271 2777 1465 2822 epistulae,
1501 2777 1623 2810 eadem
1658 2786 1783 2809 manu:
1822 2774 2009 2817 „Augusta

254 2828 367 2862 Padre
394 2829 578 2871 Canisi0“;
614 2831 649 2864 in
683 2831 844 2874 margine
883 2831 1152 2875 „Postscriptffl
1189 2831 1311 2864 eadem
1346 2841 1472 2864 manu:
1513 2828 1716 2872 „Aggiunta
1751 2829 1771 2861 a
1805 2827 1925 2871 quella
1951 2826 2008 2860 del

252 2880 367 2914 Padre
394 2881 566 2917 Canisio.“
609 2883 691 2917 Cod.
723 2884 861 2926 „Ger-m.
882 2885 945 2918 65⁸⁴
976 2884 1000 2918 f.
1021 2884 1204 2918 31¹1—32b.
1247 2883 1448 2928 Epistulam
1475 2880 1619 2916 adhibui
1644 2880 1678 2913 in
1699 2878 1911 2924 „Sti›nmen“
1940 2880 2007 2913 etc.

254 2932 365 2966 LXXI
392 2934 434 2967 73
463 2936 517 2968 74.

371 3010 565 3053 Episcopus
599 3012 851 3055 herbipolensis
885 3013 1064 3055 colleyz'um
1099 3013 1253 3055 habebit,
1289 3022 1367 3044 cum
1402 3011 1528 3053 etipse
1553 3009 1687 3041 reditus
1711 3007 1941 3051 sufficientes,
1977 3011 2008 3040 et

255 3061 408 3095 Societas
445 3062 599 3096 homines
636 3065 779 3098 idoneos
814 3066 1040 3108 suppeditare
1072 3066 1213 3108 poterit.
1266 3065 1361 3097 Socii
1396 3062 1540 3096 romani
1574 3062 1727 3101 instant,
1766 3064 1805 3092 sut
1839 3060 2006 3102 episcopis

258 3115 472 3148 Germaniae
506 3116 643 3149 litterae
678 3118 887 3160 apostolicae
911 3120 1122 3158 mittantur;
1157 3118 1216 3149 sed
1235 3121 1490 3159 procuratores
1515 3114 1723 3147 coloniensis
1748 3116 1778 3145 et
1802 3114 2009 3146 treverensis

253 3167 427 3200 tardiores
451 3173 553 3208 sunt;
579 3171 711 3210 ›ieyotio
737 3170 970 3211 herbipolensi·
995 3175 1073 3202 orta
1099 3175 1145 3202 est
1172 3170 1366 3210 difficultas
1383 3179 1426 3200 eoe
1445 3164 1743 3210 ,‚eompositione“.
1784 3166 2007 3208 Adi-ungitur
