2045 3471
260 194 354 228 Mon.
375 194 442 228 712
468 194 546 227 sive
573 193 633 229 dil.
656 193 747 236 (16).
785 194 856 228 Sub
883 195 1037 230 medium
1066 198 1101 228 et
1126 197 1317 229 exeuntem
1344 194 1537 229 m.Iuliu1u
1559 195 1660 228 1566.
1763 197 1846 237 619

204 313 386 369 Borqias
418 314 551 355 Roma
593 315 662 355 10.
696 315 878 368 Auqusti
919 317 1034 356 1560*
1072 315 1222 356 Natali·
1263 316 1505 369 respondit:
1546 314 1743 355 Hauemo
1785 313 1850 354 in-

82 377 215 419 sieme
253 377 446 419 riceuute
488 378 527 419 le
568 377 698 420 uisite
740 378 792 419 de
836 378 1010 431 Dilinga
1157 381 1201 420 et
1241 379 1284 420 la
1324 378 1447 433 copia
1488 379 1558 421 del
1598 377 1849 420 memoriale

80 442 185 484 dato
218 442 291 484 all'
314 442 605 484 Arciuescouo
647 442 688 483 di
730 446 942 493 surrento,
988 445 1032 485 et
1074 445 1110 485 si
1153 443 1312 485 uedera
1354 443 1395 485 di
1436 443 1633 486 uisitarlo
1678 443 1848 496 quando

82 507 280 549 arriuara
312 509 337 549 a
369 507 519 557 Roma,
563 510 607 549 et
639 507 868 549 uederemo
901 508 937 549 si
976 508 1185 550 accadera
1219 508 1327 549 darli
1361 508 1487 550 alcun
1519 507 1686 550 ricordo
1719 521 1848 562 sopra

81 571 110 612 li
143 572 308 626 negot-ij
341 571 679 614 raccomandati.

201 652 300 694 Quae
334 652 479 695 negotia
514 652 805 698 archiepiscopus
840 655 1039 698 susceperit
1075 654 1241 695 curanda,
1277 654 1359 688 vide
1391 666 1435 688 ex
1466 653 1705 696 „Memoriali“
1735 653 1850 698 posito

80 717 192 750 supra
217 717 250 750 p.
270 705 349 740 280.
400 706 440 740 Ρ.
459 707 603 740 Natalis
629 707 664 739 in
691 707 946 741 commentario
973 707 1127 751 quodam
1153 719 1219 742 sua
1244 719 1352 741 manu
1377 707 1510 752 scripto
1537 710 1573 741 et
1598 708 1650 741 sic
1676 707 1849 751 inscripto

85 759 161 801 „Ad
187 759 391 803 prouincias
410 759 624 794 Germaniae
649 759 825 793 iuuandas
844 761 931 794 etc.“
957 760 1116 805 (tempus
1133 772 1204 794 non
1222 763 1278 795 est
1296 761 1507 805 ascriptum)
1537 761 1693 794 monuit:
1723 759 1850 802 „Esset

80 812 242 857 inprimis
276 812 365 846 vtile
400 813 430 846 si
466 812 717 847 sanctissimus
753 813 916 847 dominus
951 816 1073 848 noster
1099 814 1254 858 amplam
1285 813 1506 858 probationis
1532 813 1674 847 domum
1700 814 1737 847 in
1764 812 1849 847 Ger-

80 865 199 899 mania
225 865 394 900 fundaret
420 868 455 900 et
482 866 632 906 dotaret,
659 866 752 910 quod
779 867 967 909 negocium
993 867 1130 911 recepit
1156 867 1351 901 curandum
1374 866 1710 901 Reuerendissimus
1736 864 1850 900 archi-

80 919 268 963 episcopus
302 919 544 960 surrentinus,
582 919 725 962 Dilinga
761 919 797 952 in
821 919 957 953 Vrbem
992 920 1179 954 discedens
1212 932 1257 954 ex
1291 920 1471 963 legatione
1506 919 1658 963 belgica,
1694 931 1714 953 a
1741 918 1849 952 Patre

81 971 271 1006 Societatis
297 973 465 1015 rogatus²
498 971 603 1016 (Epp.
631 973 753 1006 Nadal
781 972 829 1006 IV
856 972 953 1015 215).

80 1085 178 1121 712
204 1087 282 1120 sive
309 1085 404 1121 dil.
425 1085 554 1130 (16).
631 1085 702 1121 Sub
729 1085 886 1122 medium
912 1088 949 1122 et
976 1088 1168 1123 exeuntem
1193 1086 1391 1123 111.Iuliun1
1418 1086 1510 1123 1566.

199 1152 255 1187 Ex
286 1153 504 1198 archetypis,
539 1165 647 1187 manu
683 1154 796 1198 ipsius
822 1153 961 1188 Natalis
997 1154 1222 1199 subscriptis,
1258 1166 1349 1198 quae
1386 1157 1532 1189 exstant
1566 1155 1600 1188 in
1628 1155 1711 1189 Cod.
1743 1155 1844 1196 „EN‘

79 1218 114 1240 n.
144 1206 209 1241 143
238 1207 315 1241 144.
366 1207 484 1240 Etiam
513 1207 574 1251 (ex
600 1207 725 1241 iisdem
753 1207 975 1252 archetypis)
1004 1207 1039 1241 in
1067 1207 1157 1252 Epp.
1188 1210 1308 1241 Naclal
1334 1208 1383 1242 III
1413 1208 1597 1242 186—187
1628 1209 1705 1242 197.

198 1277 238 1311 P.
265 1278 407 1310 Natalis
439 1279 601 1311 visitator
637 1279 815 1321 Dillnqae,
852 1278 1107 1311 adiuvantibus
1142 1278 1212 1311 ΡΡ.
1240 1279 1343 1312 Petro
1378 1284 1407 1311 et
1447 1278 1662 1312 Theodorico
1693 1280 1849 1312 Cani-siis

79 1335 111 1362 et
136 1331 271 1364 Ioanne
296 1331 520 1375 Rabenstein,
555 1332 692 1375 aliquot
726 1332 799 1364 (lies
827 1331 967 1364 laborat
993 1332 1032 1363 in
1058 1332 1287 1364 emendandis
1312 1333 1438 1364 litteris
1461 1333 1688 1374 fundationis
1713 1332 1848 1374 colle-aii

80 1387 110 1415 et
135 1385 380 1417 universitatis
404 1384 622 1428 dilinqanae,
654 1396 808 1428 quaram
835 1385 1123 1417 commentarium
1151 1387 1249 1418 iussu
1275 1385 1429 1427 Boryiae
1448 1386 1649 1428 praepositi
1672 1385 1848 1428 generalis

81 1437 194 1469 Roma
220 1439 362 1470 missam
391 1442 476 1471 erat.
531 1438 618 1471 Cnm-
646 1438 827 1471 cardinali
857 1437 1056 1480 Trnclzsess,
1092 1442 1129 1470 ut
1157 1438 1340 1471 Societati‘s
1368 1438 1603 1471 ineolmnitati
1628 1439 1846 1481 consulatur,

79 1491 213 1523 acriter
237 1490 405 1533 disputat.
456 1491 610 1533 Efficere
645 1493 773 1534 nequit,
809 1495 847 1524 ut
874 1491 1040 1524 Societati
1075 1491 1133 1531 (iel
1167 1492 1260 1534 qnod
1285 1502 1307 1523 a
1334 1492 1467 1534 Boryia
1499 1493 1720 1535 propositam
1747 1492 1843 1531 erat)

76 1546 230 1584 potestas
262 1544 325 1585 fiat
350 1545 592 1577 universitatis
621 1549 651 1577 et
677 1544 821 1586 collegii,
856 1546 888 1576 se·
913 1555 935 1575 a
963 1545 1116 1586 capitulo
1143 1544 1341 1577 cathedrali
1376 1545 1596 1587 infestentur,
1631 1546 1703 1578 alio
1729 1549 1843 1578 trans-

78 1596 318 1637 ferendorum.
370 1597 529 1631 Cetermn
555 1608 687 1641 aequas
713 1598 933 1630 condiciones
957 1599 1122 1639 impetrat
1147 1608 1321 1640 novasque
1346 1598 1481 1631 litteras
1501 1598 1654 1641 Boryiae
1673 1599 1846 1641 proponit

80 1650 355 1691 confirmandas.

199 1722 248 1764 P.
274 1722 560 1776 Hieronymus
592 1722 777 1775 Natalis,
811 1722 1030 1763 ›Societatis
1062 1723 1266 1775 visitator,
1301 1723 1492 1776 Dilinya,
1528 1736 1604 1777 quo
1636 1724 1706 1764 28.
1726 1723 1845 1764 Iunii

81 1788 198 1829 1566
228 1788 423 1842 Auyzcsta
457 1802 546 1828 cum
573 1787 745 1828 Canisio
775 1786 987 1841 profectas
1020 1791 1122 1833 erat,
1156 1789 1225 1829 19.
1249 1787 1353 1829 Iulii
1385 1789 1499 1829 1566
1531 1789 1644 1840 haec,
1676 1793 1847 1842 praeter

82 1852 183 1905 alia,
227 1853 287 1893 acl
328 1856 370 1894 S.
406 1852 682 1893 Franciscnm
724 1852 927 1906 Boryiam
967 1854 1253 1906 praepositum
1295 1854 1529 1907 yeneralem
1570 1854 1751 1894 rettulit:
1791 1852 1844 1894 El

80 1916 260 1969 negocio
293 1930 386 1958 mas
418 1916 578 1970 pesado
612 1930 694 1969 que
726 1930 902 1958 auemos
933 1916 1080 1958 tenido
1103 1917 1202 1970 aquj
1237 1931 1262 1959 a
1285 1916 1376 1958 sido
1409 1931 1488 1970 por
1511 1931 1593 1970 que
1615 1918 1658 1958 la
1678 1917 1845 1960 minuta

81 1995 164 2033 que
185 1981 286 2023 vino
321 1981 372 2022 de
404 1995 528 2023 roma
560 1981 611 2023 de
644 1981 687 2022 la
719 1981 950 2023 fundacion
973 1981 1095 2024 deste
1118 1982 1301 2035 collegio
1324 1996 1378 2023 no
1412 1982 1542 2036 plugo
1567 1983 1608 2024 al
1641 1982 1845 2024 cardenal

80 2060 159 2099 por
191 2060 241 2087 su
281 2048 407 2100 parte
439 2046 481 2099 nj
524 2060 550 2088 a
581 2049 782 2088 nosotros
823 2060 902 2100 por
942 2047 985 2088 la
1018 2049 1238 2097 nuestra1‚
1282 2061 1304 2087 e
1345 2061 1413 2088 me
1446 2045 1601 2102 ha³[?]
1645 2047 1844 2090 detenido

80 2111 264 2164 algunos
296 2111 390 2153 dias
431 2125 509 2165 por
543 2113 635 2152 este
667 2111 846 2163 negocio
879 2126 908 2165 y
940 2111 1091 2153 hartas
1123 2125 1250 2153 vezes
1293 2112 1522 2166 disputado
1556 2126 1634 2154 con
1673 2113 1712 2154 el
1755 2127 1846 2154 car-

80 2175 251 2227 denal2,
292 2177 543 2218 finalmente
586 2190 664 2217 con
710 2190 890 2230 parecer
932 2176 999 2218 del
1042 2176 1182 2218 Pad1·e
1223 2177 1280 2219 M.
1325 2176 1485 2218 canisio
1528 2191 1556 2230 y
1595 2177 1663 2218 del
1705 2177 1847 2219 Padi-e

81 2240 330 2282 theodorico
363 2256 391 2294 y
425 2240 555 2282 etiam
589 2241 657 2282 del
690 2241 823 2295 padre
856 2242 1089 2284 rauesten3
1122 2255 1299 2283 anemos
1331 2242 1531 2295 ayudado
1565 2242 1605 2283 al
1644 2242 1848 2284 cardenal

83 2319 164 2357 que
206 2305 362 2347 hiziese
404 2319 490 2347 vna
532 2305 773 2358 obligacion
817 2307 988 2347 nueua4
1031 2320 1082 2347 en
1125 2307 1167 2348 la
1209 2307 1306 2359 qual
1350 2321 1395 2348 se
1438 2307 1847 2360 coinprehendiesen

201 2392 228 2413 a>
250 2387 310 2411 Hoc
330 2395 352 2411 ι’.
369 2386 416 2417 (ab
439 2387 500 2418 ipso
516 2387 622 2411 Nalale
633 2387 655 2416 ἰν
676 2394 769 2418 snpra
792 2394 905 2411 versum
925 2387 1065 2418 scr'iptmn
1088 2390 1138 2412 cst.
1166 2387 1391 2412 Seribemlnmne
1411 2388 1486 2418 fnit:
1507 2390 1543 2411 e?

208 2496 212 2513 ¹
241 2494 372 2528 Exstat
407 2493 522 2527 adhuc
554 2493 773 2527 fundationis
799 2494 1007 2535 ³·„minuta‘
1040 2494 1215 2537 quaedam
1242 2495 1320 2527 sive
1347 2494 1641 2528 commentarium
1668 2494 1802 2528 Romae
1829 2506 1847 2528 a

82 2549 197 2582 Sociis
222 2548 456 2592 compositum
485 2550 520 2581 et
546 2558 566 2580 a
585 2546 739 2580 Polanco
757 2546 947 2580 Societatis
972 2547 1165 2581 secretario
1192 2547 1429 2589 emendatum,
1456 2547 1490 2581 in
1517 2558 1585 2591 quo
1612 2547 1700 2581 haec
1722 2550 1847 2582 notatu

81 2604 166 2635 sunt
192 2601 421 2644 dignissima:
454 2600 572 2642 „Quod
591 2600 633 2634 ad
654 2599 935 2634 Vniuersitatem
962 2600 1102 2641 attinet,
1130 2611 1171 2634 ea
1190 2600 1385 2634 continebit
1403 2601 1470 2634 duo
1489 2612 1654 2644 corpora;
1683 2600 1846 2635 Alterum

82 2654 341 2699 complectetur
366 2654 608 2696 Theologhun,
637 2665 678 2687 ac
704 2653 861 2697 reliquas
887 2653 1105 2698 disciplinas,
1134 2665 1222 2697 quas
1249 2653 1408 2687 Societas
1436 2654 1631 2698 profitetur,
1664 2657 1700 2687 et
1725 2665 1846 2688 earum

82 2708 320 2747 Professores,
350 2707 550 2742 Auditores.
578 2706 759 2746 Doctores,
787 2706 1027 2749 Magistratus
1053 2709 1088 2740 et
1112 2707 1315 2746 Ministros;
1343 2707 1507 2740 Alterum
1535 2707 1601 2741 Jus
1628 2707 1846 2744 canonicum,

82 2760 198 2802 ciuile,
224 2760 448 2801 Medicinam,
476 2771 518 2794 ac
545 2759 790 2802 Chirurgiam;
824 2759 952 2804 prioris
980 2760 1136 2803 corporis
1163 2770 1284 2793 curam
1311 2762 1413 2802 geret
1440 2759 1610 2800 Societas,
1646 2762 1682 2793 et
1707 2772 1845 2794 omnem

81 2813 449 2858 superintendentiam
486 2814 586 2846 iuxta
613 2812 802 2846 Societatis
837 2812 1061 2852 institutum;
1099 2813 1245 2846 secundi
1278 2812 1333 2846 sui
1360 2812 1597 2856 Magistratus
1624 2823 1666 2846 ac
1692 2812 1847 2847 Ministri

81 2867 184 2901 iuxta
210 2867 431 2900 uoluntatem
459 2865 705 2900 Jllustrissimi
733 2865 943 2899 Cardinalis.
990 2865 1165 2899 Neutrum
1192 2868 1310 2899 autem
1339 2877 1467 2910 corpus
1494 2865 1598 2899 alteri
1625 2866 1843 2900 subiacebit⁴⁴

85 2921 146 2961 (ex
172 2919 378 2964 archetypo.
433 2919 573 2961 „Gernr
601 2918 685 2963 Sup.
714 2918 824 2952 Fund.
855 2918 886 2951 1⁴⁴
918 2919 941 2952 f.
973 2919 1081 2961 1642).

201 2972 214 2993 ²
243 2972 330 3006 Vide
356 2984 465 3017 supra
494 2984 524 3016 p.
545 2972 625 3006 287.

203 3026 215 3045 ³
240 3025 310 3059 ΡΡ.
338 3025 436 3059 Petri
463 3028 499 3059 et
525 3024 735 3058 'l'heodorici
762 3023 984 3058 Canisiorum
1021 3027 1056 3057 et
1089 3024 1127 3058 P.
1156 3024 1296 3058 Ioannis
1322 3024 1558 3065 Rabenstein;
1596 3026 1656 3069 qui
1683 3024 1847 3069 Dilingae

83 3078 323 3112 aedificationi
349 3078 510 3121 collegii,
547 3088 655 3121 quam
691 3077 882 3111 cardinalis
917 3078 993 3111 fieri
1032 3078 1202 3117 iusserat,
1238 3080 1420 3122 praeerat:
1461 3078 1540 3112 vide
1575 3089 1683 3123 supra
1717 3090 1750 3123 p.
1780 3079 1847 3113 190

202 3186 214 3203 ⁴
241 3184 292 3217 De
318 3183 421 3218 novis
447 3183 545 3217 hisce
572 3182 792 3216 fundationis
818 3183 959 3224 litteris,
987 3183 1042 3217 20.
1068 3183 1147 3216 Iulii
1175 3183 1264 3218 1566
1291 3183 1395 3225 datis,
1423 3184 1505 3218 vide
1531 3195 1639 3229 supra
1666 3195 1698 3228 p.
1718 3185 1798 3219 ‘282
