2045 3471
529 191 694 234 Augusta
713 190 817 225 Vind.
838 191 893 225 24.
914 191 998 235 Apr.
1011 190 1099 223 —5.
1118 189 1205 223 Maii
1233 189 1335 223 1566.
1733 191 1813 231 231

58 310 162 353 iuris
209 309 339 352 etiam
387 309 636 363 Jmperialis
684 309 816 351 debiti
863 308 1231 363 suspensionem1.
1295 307 1412 356 Quae
1456 307 1596 349 media
1644 307 1697 349 ab
1743 307 1818 349 ad-

60 373 263 427 uersarijs
296 373 474 416 obtrusa
505 373 676 423 idcirco,
711 387 736 415 a
758 373 990 416 Catholicis
1023 374 1248 426 acceptata
1281 372 1495 421 videntur,
1530 376 1577 414 ut
1611 372 1743 414 durae
1776 373 1820 414 et

58 438 299 480 ineuitabili
330 438 583 481 necessitati
605 442 861 493 temporum,
885 441 929 481 et
947 437 1236 480 Sectariorum
1260 437 1539 490 peruersitati
1562 437 1615 479 ad
1649 440 1819 490 tempus

61 503 279 553 cedatur2,
324 505 456 556 utque
487 503 654 546 maiora
686 503 801 545 mala
834 503 1065 545 enitentur.
1105 516 1200 543 cum
1242 501 1525 554 grauissimus
1565 504 1707 544 metus
1749 501 1817 554 qui

59 568 104 610 in
125 567 243 609 viros
276 570 528 610 constantes
552 568 706 610 cadere
738 570 924 621 poterat,
957 567 1061 621 ipsis
1093 566 1316 608 uideretur
1337 566 1551 619 consilijsa
1572 566 1820 608 melioribus

59 633 200 674 locum
232 646 316 674 non
348 632 574 685 reliquisse
588 634 615 674 3.

179 697 386 747 Quoniam
428 711 533 739 uero
574 697 806 738 nonnullae
850 696 1117 751 suspiciones
1159 700 1203 739 et
1247 695 1621 750 praesumptiones
1664 695 1818 744 malae,

61 762 301 804 huiusmodi
343 763 438 816 paci
480 762 656 815 eiusque
699 761 1014 803 conditionibus
1051 761 1258 816 possuntb
1291 761 1460 815 opponi,
1502 774 1555 802 ne
1594 762 1821 814 praeterea

61 826 248 869 Concilio
272 827 523 869 Tridentino
550 827 718 868 ratione
742 826 828 868 ulla
852 826 1158 880 praeiudicaric
1180 827 1401 875 videatur;
1435 825 1563 868 ualde
1586 824 1819 879 optandum

60 894 105 934 et
137 891 308 933 omnino
332 891 565 934 curandum
591 891 774 942 uidetur,
809 894 855 933 ut
888 891 931 932 in
964 891 1044 933 hoc
1067 894 1285 945 postremo
1308 891 1511 940 Recessu,
1545 904 1639 932 cum
1664 889 1818 932 Catho-

59 956 130 999 lici
163 956 322 999 dictam
356 971 506 1010 pacem
541 957 796 998 confirmare
829 956 1058 1005 noluerint,
1093 970 1344 1010 expressam
1367 955 1629 998 mentionem
1653 957 1697 997 et
1722 968 1821 1008 pro-

60 1021 289 1064 fessionem
322 1021 487 1063 faciant
521 1021 772 1074 dogmatum
804 1021 978 1075 Concilij
1013 1020 1264 1074 Tridentinj.

178 1086 332 1139 Neque
363 1100 515 1140 parum
538 1086 729 1128 referetd
759 1086 878 1136 illud,
911 1089 958 1127 ut
992 1099 1101 1139 quae
1124 1089 1372 1129 statuentur
1394 1085 1446 1127 de
1478 1099 1598 1139 pace,
1632 1084 1821 1126 affirma·

60 1151 163 1201 tiue,
190 1151 357 1204 reliqua
380 1165 483 1193 uero
507 1151 559 1193 de
582 1151 910 1201 conditionibus,
945 1150 1096 1204 quibus
1120 1150 1329 1193 Catholici
1350 1151 1526 1204 grauari
1548 1150 1820 1196 videbuntur,

60 1230 145 1258 non
178 1215 260 1257 nisi
292 1216 522 1269 negatiue⁸
555 1216 851 1265 enuncientur,
895 1218 942 1259 ut
983 1216 1148 1258 factum
1179 1215 1386 1270 permitti,
1430 1230 1514 1257 non
1547 1215 1611 1257 ius
1645 1214 1712 1256 uel
1745 1227 1821 1268 po-

59 1281 200 1324 tentia
241 1280 377 1323 statui
409 1281 624 1324 videatur.
689 1282 758 1324 Sic
799 1281 911 1323 enim
952 1283 1070 1323 recte
1112 1280 1299 1324 dicetur:
1341 1280 1499 1323 Pacem
1541 1279 1821 1329 seruabimus,

63 1347 348 1399 Augustanae
389 1346 681 1388 Confessionis
726 1346 919 1388 homines
963 1360 1046 1387 non
1092 1344 1439 1388 molestabimus.
1484 1344 1821 1386 iurisdictionem

60 1425 146 1453 non
179 1410 477 1453 exercebimus
510 1414 656 1453 stante
689 1425 796 1465 pace
829 1414 910 1453 etc,

181 1476 407 1518 Caeterum
440 1479 488 1519 ut
521 1476 729 1518 Catholici
767 1479 909 1518 status
941 1476 982 1516 in
1016 1476 1095 1517 hoc
1128 1475 1303 1529 negotio
1336 1475 1498 1518 lectius
1538 1475 1822 1523 instruantui,

59 1539 166 1583 ilhid
189 1541 319 1583 etiam
344 1544 474 1594 atque
498 1541 628 1583 etiam
648 1541 880 1584 Catholicis
901 1541 1053 1594 ijsdem
1076 1540 1378 1582 inculcandum
1401 1540 1595 1585 videtur:
1621 1539 1822 1582 Sanctam

63 1607 208 1648 sedem
234 1606 531 1660 Apostolicam
565 1606 679 1648 ferre
713 1606 883 1659 quidem
917 1606 1114 1648 dolenter
1146 1605 1257 1647 hanc
1289 1605 1607 1647 Catholicorum
1638 1604 1681 1646 in
1717 1603 1823 1646 Ger-

62 1671 207 1713 mania
245 1670 443 1713 iniuriam
478 1674 522 1714 et
559 1671 864 1713 necessitatem
879 1672 906 1719 4,
950 1674 995 1713 ut
1030 1671 1101 1724 qui
1134 1671 1185 1713 ob
1219 1670 1439 1724 vigentes‘
1469 1684 1580 1711 nunc
1621 1669 1824 1711 haereses

181 1758 208 1784 a)
229 1756 370 1789 Concilijs
391 1758 426 1782 X.
507 1756 536 1785 b)
557 1757 676 1790 possint
699 1759 729 1782 X
746 1758 819 1782 Lazl.
893 1759 918 1787 c)
940 1756 1146 1790 praejudicare
1166 1757 1239 1782 Lac&
1315 1756 1344 1782 di
1366 1755 1462 1782 refert
1481 1757 1554 1781 Lad.
1636 1756 1663 1787 e)
1685 1755 1823 1781 enuntia-

75 1799 126 1824 ive
145 1799 219 1824 Lacl.
293 1798 315 1826 f)
337 1799 476 1831 ingentes
497 1800 569 1824 Laii.

188 1903 195 1921 ¹
223 1899 492 1935 Concedebatur
522 1900 779 1934 iurisdictionis
818 1899 1086 1934 ecclesiasticae
1114 1899 1374 1945 (episcopalis),
1410 1901 1584 1944 quantum
1611 1899 1669 1933 illa
1695 1898 1739 1932 ad
1767 1898 1825 1932 ho—

63 1954 178 1988 mines
196 1956 420 1997 augustanae
439 1954 683 1988 Confessionis
701 1955 892 1998 spectaret,
924 1953 1151 1998 „suspensi0“
1168 1966 1174 1993 ;
1203 1953 1464 1987 concedebatur
1483 1952 1602 1992 etiam,
1630 1954 1669 1985 ut
1686 1951 1826 1996 imperii

62 2007 205 2041 ordines
230 2008 474 2052 protestantes
500 2007 593 2041 bona
620 2006 865 2041 ecclesiastica
894 2005 1126 2049 (monasteria
1152 2008 1188 2040 et
1206 2006 1358 2050 collegia
1376 2005 1460 2048 etc.)
1483 2005 1527 2039 ab
1545 2005 1633 2050 ipsis
1652 2006 1826 2049 occupata

64 2060 269 2101 retinerent,
296 2060 365 2094 nisi
391 2060 483 2094 bona
508 2059 571 2094 illa
598 2059 760 2094 ordinum
787 2059 924 2104 imperii
952 2059 1105 2094 fuissent
1130 2059 1187 2093 vel
1213 2062 1294 2104 post
1321 2061 1465 2104 pactum
1492 2070 1522 2093 a.
1553 2058 1642 2093 1552
1662 2057 1826 2092 Passavii

62 2113 190 2147 initum
217 2116 391 2158 occupata
418 2116 537 2147 essent
566 2113 734 2154 (Janssen
763 2113 785 2146 l.
805 2124 834 2146 c.
862 2113 1013 2146 11117-13
1040 2112 1135 2155 790).
1186 2113 1416 2157 Imperatoris
1444 2115 1563 2146 autem
1590 2111 1717 2145 fuerat.
1744 2110 1825 2144 hae-

62 2167 194 2201 reticos
221 2167 355 2211 punire,
382 2165 662 2200 iurisdictionem
689 2165 970 2200 ecclesiasticam
997 2166 1100 2202 tueri.
1135 2165 1226 2200 bona
1252 2165 1510 2205 ecclesiastica,
1535 2165 1567 2199 si
1593 2175 1683 2208 quae
1707 2163 1826 2197 ablata

63 2222 195 2257 essent.
222 2230 445 2264 recuperare.
496 2219 606 2253 Plura
632 2219 674 2252 de
700 2219 768 2253 hac
794 2231 832 2252 re
859 2219 952 2253 infra
979 2219 1152 2253 dicentur.

184 2273 197 2292 ‘²
224 2273 262 2305 ln
289 2272 377 2317 ipsis
411 2272 511 2316 pacis
546 2275 768 2315 augustanae
801 2271 933 2306 litteris
959 2272 1038 2306 sive
1070 2272 1360 2313 ,instrumento“,
1396 2270 1488 2314 quod
1516 2272 1656 2304 vocant.
1691 2270 1825 2303 statue-

65 2325 189 2360 batur:
218 2324 292 2369 [Es]
326 2325 397 2367 „sol
424 2325 479 2358 die
505 2325 649 2368 streitig
675 2325 827 2368 religion
853 2324 952 2359 nicht
971 2325 1128 2363 anderst,
1156 2324 1224 2358 dan
1244 2324 1356 2358 durch
1375 2323 1582 2358 christliche
1601 2321 1824 2359 freuntliehe,

63 2378 250 2413 friedliche
285 2378 402 2412 mittel
437 2379 508 2412 und
536 2389 636 2421 wege
662 2389 703 2412 zu
731 2377 970 2421 einhelligem,
1006 2377 1248 2412 christlichem
1276 2379 1442 2411 verstant
1467 2376 1537 2410 und
1564 2375 1826 2418 vergleichung

64 2431 240 2476 gepracht
264 2431 426 2465 werden“
460 2431 540 2473 (art.
568 2431 625 2474 3);
662 2431 890 2465 statuebatur
916 2431 1034 2466 etiam.
1070 2433 1109 2464 ut
1135 2430 1334 2464 iurisdictio
1361 2429 1617 2469 ecclesiastica,
1653 2430 1825 2472 quantum

63 2485 108 2519 ad
136 2487 376 2530 protestantes
402 2487 595 2529 spectaret,
626 2485 943 2528 „suspenderetur“
975 2484 1049 2525 ,bis
1067 2495 1109 2518 zu
1129 2483 1305 2518 entlicher
1323 2481 1550 2517 christlicher
1568 2480 1827 2525 vergleichung

64 2538 127 2572 der
160 2537 330 2581 religion‘
372 2537 454 2579 (art.
482 2537 530 2580 8),
567 2540 675 2581 atque
710 2539 750 2571 ut
784 2537 927 2580 integra
967 2536 1025 2570 illa
1060 2548 1132 2581 pax
1158 2538 1237 2570 rata
1264 2538 1360 2570 esset
1387 2537 1421 2569 et
1447 2535 1655 2569 servaretur
1686 2533 1758 2574 „bis
1785 2544 1827 2566 zu

65 2591 241 2625 entlicher
275 2590 535 2634 vergleichung
570 2590 632 2624 der
666 2589 816 2633 religion
853 2590 922 2623 und
960 2588 1291 2632 glaubenssachen“
1335 2589 1416 2628 (art.
1445 2587 1504 2630 1‘2)
1533 2589 1599 2620 etc.
1654 2587 1827 2629 (Druffel-

67 2645 211 2678 Brandi
236 2644 258 2678 l.
285 2656 316 2678 c.
343 2645 409 2678 7⁸27
439 2644 504 2678 737
535 2643 629 2683 741.)

187 2697 199 2717 ³
224 2696 354 2731 Pacem
382 2698 618 2740 augustanam
647 2696 739 2729 haud
770 2696 820 2729 ita
847 2696 1002 2729 faustam
1034 2695 1146 2729 fuisse
1172 2694 1331 2728 historici
1360 2694 1427 2727 iam
1455 2693 1625 2727 fatentur.
1677 2693 1828 2726 loannes

65 2752 218 2784 Janssen
232 2763 243 2783 .·
269 2749 354 2793 [Der
371 2748 708 2792 Religionsfrieden]
741 2748 850 2792 ¹..barg
875 2748 983 2782 schon
1010 2748 1045 2781 in
1064 2747 1141 2781 sich
1160 2747 1273 2781 selbst
1291 2747 1358 2781 den
1377 2746 1505 2780 Samen
1524 2745 1828 2779 fortwaehsender

67 2803 291 2843 Zwietracht,
319 2830 325 2836 .
355 2831 361 2836 .
390 2830 396 2836 .
426 2802 545 2836 wurde
572 2802 629 2835 fiir
655 2802 718 2835 das
746 2801 839 2834 Volk
866 2801 944 2834 eine
971 2812 1060 2834 neue
1087 2800 1210 2841 Quelle
1237 2798 1473 2843 unsaglicben
1501 2798 1699 2832 Jalnmers“
1732 2797 1770 2840 (l.
1797 2810 1826 2832 c.

68 2855 213 2890 ΙΙΙΠ-18
240 2855 305 2890 801
335 2856 432 2898 802).
485 2856 734 2899 Se'sst'smzcmlecs
760 2855 920 2887 Rz‘‹¹:le›·.·
958 2853 1054 2895 ,Nur
1089 2853 1199 2886 durch
1237 2853 1300 2886 das
1327 2850 1613 2894 Gleichgewicht
1638 2850 1700 2885 der
1725 2851 1826 2885 strei-

67 2909 198 2943 tenden
225 2908 368 2943 Machte
395 2919 619 2951 erzwungen,
648 2907 681 2940 in
709 2906 882 2940 manchen
911 2906 1076 2940 l'unkten
1105 2905 1232 2939 unklar
1259 2905 1328 2938 und
1355 2904 1578 2947 zweideutig,
1606 2903 1702 2938 ward
1729 2915 1766 2938 er
1794 2905 1827 2937 in

67 2962 130 2996 der
146 2962 252 3005 Folge
271 2973 332 2995 zur
347 2961 470 3003 Quelle
488 2960 784 2995 unaufhcrlichen
805 2959 963 2993 Haders“
987 2957 1220 3001 (Geschichte
1235 2957 1383 2991 Baierns
1397 2957 1458 2998 IV,
1473 2956 1590 2991 Gotha
1611 2957 1711 2997 1899,
1730 2957 1827 2998 463).

188 3018 200 3035 ⁴
227 3016 362 3049 Paulus
390 3016 450 3048 [Γ.
488 3015 522 3048 in
558 3013 689 3047 litteris
724 3012 930 3057 apostolicis
967 3011 1077 3044 Roma
1115 3011 1168 3045 18.
1196 3009 1403 3043 Decembris
1440 3008 1530 3042 1555
1567 3007 1610 3041 ad
1638 3007 1828 3042 Ferdinan·

68 3063 151 3101 dum
180 3067 202 3101 Ι.
231 3068 471 3101 Romanorum
498 3078 619 3110 regem
645 3066 738 3099 datis
769 3065 989 3106 ,1·ecessum“
1022 3066 1272 3106 augustanum.
1310 3073 1378 3105 quo
1405 3071 1476 3105 pax
1503 3060 1564 3095 illa
1590 3061 1827 3101 sanciebatur,

74 3120 350 3164 „perniciosum‘
374 3123 579 3157 vocaverat,
607 3122 714 3162 atque
741 3118 775 3151 in
803 3117 933 3151 litteris
962 3116 1082 3150 eodem
1110 3116 1165 3149 die
1192 3115 1234 3148 ad
1256 3115 1515 3157 wolfgangum
1541 3125 1560 3148 a
1580 3113 1676 3148 Salm
1696 3114 1828 3158 episco-

70 3184 153 3217 pum
189 3173 457 3216 passaviensem
492 3172 612 3206 missis
648 3172 690 3205 de
718 3170 840 3204 cadem
868 3181 954 3214 pace
981 3169 1194 3213 scripserat:
1237 3166 1343 3209 „Quid
1380 3166 1532 3200 alienius
1559 3166 1602 3200 ab
1630 3178 1671 3200 ea
1698 3165 1732 3210 [i.
1753 3176 1780 3199 e,
1810 3179 1829 3199 a
