2077 3461
239 194 295 233 44
720 189 820 225 1214.
849 188 1013 224 Canisius
1040 189 1074 224 S.
1099 189 1289 224 Francisco
1316 189 1358 223 de
1384 189 1526 233 Borgia.

239 309 424 363 hyemen
468 307 632 351 reiecta
676 310 818 351 sunt1.
893 308 1143 362 Cogitamus
1186 308 1320 361 igitur
1360 307 1441 349 nisi
1483 308 1745 350 contrarium
1788 322 1842 350 ex
1882 308 2000 350 Vrbe

239 374 465 424 scribatur,
500 373 607 415 duce
637 373 806 416 Christo
838 373 922 415 iter
943 374 1185 415 Romanum
1207 373 1377 426 ingredi
1408 373 1523 415 circa
1554 373 1810 428 principium
1841 373 2000 415 mensis

240 438 355 493 Maij.
420 438 653 492 speramus
694 438 922 481 adfuturos
965 438 1092 480 etiam
1136 440 1229 479 tum
1268 438 1423 480 Patres
1464 438 1570 479 duos
1612 438 1903 480 Prouinciales
1945 452 2000 480 ex

239 503 389 545 Rheno
423 505 467 546 et
496 503 675 557 Belgica
688 504 717 546 2.
771 503 870 545 Non
903 517 1009 557 opus
1042 502 1126 545 erit
1164 503 1248 545 alio
1281 505 1497 545 conuentu
1529 503 1706 545 Patrum
1739 503 1863 545 huius
1896 503 2001 544 Pro-

239 568 420 618 uinciae,
454 568 526 621 qui
558 569 609 611 D.
634 568 844 610 Paulum3
876 568 978 609 mihi
1011 567 1301 622 proficiscenti
1333 568 1635 610 adiunxerunt.

357 632 497 675 Hodie
541 635 685 675 terrae
729 633 961 675 mandatur
999 632 1220 686 septennis
1253 632 1463 675 Dominae
1495 632 1723 686 Fuggerae
1754 632 1888 683 filius,
1935 632 2002 674 cui

239 701 368 741 nocte
390 697 591 740 morienti
613 698 670 740 M.
696 697 950 740 Guilielmus
964 697 981 725 4
1002 697 1155 740 adfuit.
1200 698 1320 740 Haec
1342 712 1459 739 mors
1480 698 1636 740 uulnus
1659 697 1818 740 inflixit
1839 697 1960 739 Patri
1972 698 2000 740 5.

240 763 384 805 Mater
415 776 561 804 casum
594 762 681 804 fert
712 762 989 812 moderatius,
1023 775 1151 815 quam
1174 762 1383 804 Dominus
1415 762 1671 804 mirabiliter
1698 762 1850 805 uisitat
1871 765 2003 815 atque

241 827 489 870 consolatur
511 829 556 869 et
578 826 632 868 ad
654 826 860 869 Maritum
883 827 1052 869 Christo
1085 827 1470 870 lucrifaciendumss
1501 827 1641 881 magis
1673 842 1723 870 ac
1754 826 1894 881 magis
1927 840 2002 868 ex-

242 893 352 935 citat
368 893 394 934 ⁷.
459 892 672 945 Admonuj
712 894 757 934 et
789 905 869 944 ego
902 892 1122 943 Maritum,
1166 894 1214 934 ut
1254 895 1597 946 agnosceret
1628 896 1841 946 tempus
1874 891 2002 934 uisi—

242 956 529 1001 tationisss.
598 956 799 998 Alterum
842 970 945 999 uero
989 957 1124 998 filium
1170 971 1256 999 una
1297 971 1391 999 cum
1434 957 1530 1011 alijs
1571 957 1713 1000 isthuc
1755 957 2004 1011 peruenisse

245 1022 424 1072 confido,
459 1035 584 1074 quem
618 1021 829 1064 Parentes
860 1021 1018 1063 iterum
1051 1022 1101 1066 R.
1125 1022 1172 1065 P.
1197 1022 1244 1066 Τ.
1280 1025 1482 1065 accurate
1515 1022 1831 1064 commendant.

362 1087 513 1128 Comes
552 1085 871 1140 Hieronymus9
910 1086 970 1128 sic
1012 1086 1168 1129 debitis
1200 1101 1251 1129 ac
1283 1087 1448 1129 retibus
1481 1087 1614 1141 uarijs
1655 1087 1914 1141 implicatur,
1956 1088 2005 1128 ut

245 1165 330 1193 non
383 1151 627 1202 uideamus,
683 1151 894 1204 quomodo
947 1152 1086 1206 possit
1137 1166 1192 1194 ex
1243 1152 1323 1194 hoc
1375 1152 1623 1206 labyrintho
1676 1166 1722 1193 se
1774 1151 2004 1194 extricare.

245 1216 421 1259 Patrem
453 1216 585 1258 habet
617 1217 827 1258 offensum
870 1218 914 1258 et
944 1216 1159 1258 infensum
1194 1217 1286 1268 sibi,
1331 1217 1402 1270 qui
1435 1217 1566 1260 toties
1608 1219 1790 1269 rogatus
1830 1219 2005 1259 recusat

243 1281 417 1324 mittere
449 1280 688 1335 pecuniam.
743 1281 881 1335 Amicj
916 1281 1080 1333 moniti,
1115 1281 1219 1324 nihil
1250 1285 1479 1336 praestant
1510 1283 1732 1324 hactenus.
1786 1281 1905 1324 Jllud
1937 1284 2005 1324 est

244 1346 436 1400 grauius,
471 1345 583 1399 quod
607 1346 795 1388 animum
827 1346 1016 1389 ostendit
1048 1346 1188 1388 minus
1221 1361 1350 1400 quam
1383 1350 1513 1389 antea
1546 1348 1816 1389 constantem
1849 1347 1891 1388 in
1924 1346 2005 1388 hac

245 1411 489 1462 uocatione,
524 1415 570 1453 ut
602 1413 734 1464 neget
766 1425 812 1452 se
836 1411 967 1453 etiam
990 1411 1104 1453 uotis
1126 1412 1353 1454 astrictum
1377 1425 1471 1454 esse
1494 1411 1705 1462 societati,
1741 1411 1852 1464 quod
1875 1413 2006 1453 antea

242 1490 320 1531 pro
360 1475 603 1518 indubitato
644 1476 923 1519 habebamus.
986 1477 1127 1519 Valde
1170 1477 1233 1519 illi
1274 1477 1517 1527 metuimus,
1563 1476 1645 1518 nisi
1686 1477 1867 1518 Romam
1910 1479 2003 1518 eat:

241 1541 340 1583 Non
363 1541 509 1583 ueniet
542 1543 687 1583 autem
720 1540 802 1582 nisi
834 1541 988 1584 solutis
1020 1545 1252 1594 utcumque
1286 1541 1441 1584 debitis
1475 1555 1584 1595 quae
1616 1541 1754 1584 multa
1787 1541 2006 1583 contraxit

242 1606 518 1659 Jngolstadij.
563 1605 763 1648 Orandus
795 1609 863 1649 est
889 1606 1110 1657 Dominus,
1144 1621 1197 1648 ne
1230 1606 1345 1648 sinat
1366 1606 1484 1648 illum
1519 1606 1704 1648 carnis
1738 1608 1792 1648 et
1823 1605 2005 1647 mundi

243 1670 553 1724 sapientia10
574 1670 617 1712 in
639 1671 861 1725 proposito
885 1674 1035 1714 sancto
1058 1671 1268 1725 impedirj.
1308 1671 1407 1713 Non
1429 1671 1571 1725 potuit
1594 1671 1647 1713 ab
1670 1671 1743 1712 illo
1766 1671 2003 1725 impetrarj,

247 1738 296 1777 ut
317 1735 360 1776 in
379 1735 538 1777 Vrbem
561 1736 784 1786 scriberet,
808 1750 1017 1788 suumque
1040 1736 1228 1778 animum
1253 1736 1443 1790 aperiret
1465 1750 1704 1789 agnoscens
1726 1735 2004 1790 superiorem.

363 1800 529 1842 Scimus
562 1800 713 1843 literas
739 1801 916 1843 Jndicas
949 1815 1033 1842 non
1066 1815 1164 1843 raro
1198 1801 1252 1843 ad
1285 1801 1393 1843 alios
1424 1801 1671 1855 peruenire:
1706 1801 1760 1842 ad
1793 1814 1871 1842 nos
1903 1814 2005 1842 uero

245 1864 351 1906 nihil
372 1864 573 1915 mittitur,
608 1865 680 1918 qui
711 1865 796 1906 illis
829 1865 1017 1908 maxime
1049 1866 1302 1908 uidebamur
1334 1880 1474 1919 egere,
1509 1868 1552 1908 et
1585 1865 1749 1908 utiliter
1780 1865 1843 1908 uti
1865 1879 2006 1919 posse.

245 1929 376 1972 Faxit
407 1930 627 1980 Dominus,
671 1933 719 1972 ut
759 1932 910 1972 nostra
951 1944 1119 1984 quoque
1152 1931 1343 1984 Collegia
1384 1931 1626 1972 huiusmodi
1668 1930 2006 1972 consolationem

247 1994 420 2049 saepius
452 1994 682 2049 accipiant,
718 2010 813 2037 cum
847 1996 1034 2049 alioquin
1067 2010 1220 2050 parum
1252 1996 1442 2039 habeant
1474 1996 1587 2038 unde
1618 1997 1881 2039 recreentur.

371 2107 381 2126 ¹
408 2105 499 2139 Vide
525 2116 633 2149 supra
659 2117 692 2149 p.
723 2103 792 2139 17².

369 2159 382 2178 ²
407 2158 479 2192 PP.
508 2158 701 2191 Antonium
728 2158 845 2192 Vinck
873 2160 909 2192 et
934 2157 1158 2191 Everardum
1183 2157 1459 2191 Mercurianum.
1605 2157 1618 2177 ³
1643 2157 1842 2192 Hoffaeum.

369 2213 382 2231 4
408 2211 447 2245 P.
476 2210 690 2245 Guilielmus
716 2211 869 2245 Elderen
895 2211 929 2245 S.
957 2212 1001 2253 J„
1027 2223 1119 2245 unus
1146 2223 1191 2245 ex
1218 2210 1350 2244 Canisii
1376 2211 1483 2245 sociis
1509 2211 1732 2253 augustanis.

369 2265 382 2284 5
407 2264 589 2304 Albertus,
617 2263 762 2307 Georgii
782 2264 824 2298 II.
844 2264 1001 2308 Fuggeri
1027 2266 1063 2298 et
1080 2263 1232 2298 Ursulae
1259 2264 1302 2297 de
1328 2264 1572 2298 Lichtenstein
1598 2263 1704 2304 filius,
1734 2265 1786 2298 19.
1806 2263 1896 2297 Iunii
1918 2263 2004 2297 1557

249 2319 366 2359 natus,
394 2317 449 2351 30.
475 2317 596 2351 Martii
626 2317 714 2351 1565
747 2318 926 2351 mortuus:
964 2317 1019 2351 Ita
1045 2317 1189 2361 quidem
1215 2317 1395 2351 *Stemma
1423 2317 1599 2360 quoddam
1635 2317 1754 2359 gentis
1787 2316 2007 2359 suggericae,

248 2371 340 2414 quod
367 2370 555 2414 Augustae
580 2370 616 2403 in
643 2369 789 2403 archivo
815 2370 1003 2412 fuggerico
1030 2372 1162 2404 exstat.
1205 2371 1318 2404 Nicol.
1344 2370 1603 2404 Ritterslmsius
1620 2369 1808 2403 Albertum
1834 2369 1889 2403 29.
1916 2369 2007 2403 Iunii

249 2424 339 2458 1557
358 2426 481 2457 natum
501 2434 579 2457 esse
597 2423 739 2457 scribit:
760 2422 1000 2466 Genealogiae
1018 2423 1288 2468 Imperatorum,
1308 2423 1446 2466 Regum
1465 2425 1532 2457 etc.
1555 2422 1624 2464 (ed.
1639 2423 1671 2463 2,
1690 2422 1873 2465 Tubingae
1891 2421 2007 2465 1658),

247 2475 388 2510 Domini
416 2476 581 2520 Fuggeri,
608 2475 681 2510 tab.
701 2476 733 2510 3.
768 2476 808 2509 In
834 2475 948 2509 *C0d.
975 2478 1094 2509 autem
1126 2476 1355 2518 „Ordenliclee
1381 2477 1627 2519 beschreihmzy
1653 2476 1714 2509 des
1740 2475 2008 2518 Fuggerischen

249 2528 520 2571 Greschlechtsffl
547 2529 614 2563 sub
640 2529 781 2562 initium
799 2528 934 2562 saeculi
960 2528 1085 2570 XVII„
1112 2532 1151 2562 ut
1178 2529 1330 2570 videtur,
1357 2529 1552 2573 composito
1571 2528 1775 2571 (Augustae
1801 2528 1836 2561 in
1862 2528 2008 2562 archivo

247 2582 461 2626 fuggerico),
487 2582 652 2624 refertur,
681 2582 868 2616 Albertum
898 2582 951 2616 19.
978 2581 1058 2615 Iulii
1088 2582 1175 2615 1557
1203 2584 1338 2622 natum,
1371 2582 1426 2616 30.
1454 2581 1575 2615 Martii
1605 2582 1693 2616 1565
1726 2581 1761 2615 in
1792 2582 2008 2615 monasterio

251 2635 420 2676 „Holtza“
451 2638 630 2669 mortuum
649 2646 727 2669 esse
758 2635 796 2677 (f.
816 2635 914 2677 273).
954 2634 1140 2668 Albertum
1161 2639 1288 2669 octavo
1315 2635 1445 2670 aetatis
1471 2646 1562 2668 anno
1588 2637 1766 2668 mortuum
1785 2646 1864 2668 esse
1882 2634 2008 2668 asseri-

248 2691 307 2721 tur
344 2688 452 2722 etiam
479 2689 514 2722 in
545 2688 724 2730 „Chronik
751 2688 813 2722 der
838 2687 988 2721 Familie
1014 2687 1157 2731 Fugger
1182 2699 1264 2721 voni
1292 2688 1402 2721 Jahre
1432 2689 1555 2722 1599“.
1606 2687 1911 2731 Herausgogehen
1936 2686 2007 2720 und

249 2741 422 2775 erlautert
447 2753 516 2774 von
544 2742 593 2774 Dr
623 2742 805 2775 Christian
834 2742 964 2784 Dseyem
991 2740 1169 2774 Miinchen
1200 2741 1299 2781 1902,
1327 2741 1382 2775 50.

370 2795 381 2813 ⁶
410 2794 462 2828 Cf.
493 2795 507 2828 1
538 2794 606 2828 Cor
632 2795 663 2835 9,
694 2795 735 2828 19
762 2794 804 2827 21
833 2794 888 2828 22.

370 2847 381 2866 ⁷
408 2846 442 2880 Is
468 2847 640 2891 pietatem
666 2847 761 2880 haud
787 2848 839 2881 ita
866 2846 1057 2890 diligenter
1083 2846 1239 2887 colebat,
1267 2846 1349 2880 vide
1379 2847 1465 2880 Can.
1492 2846 1542 2880 IV
1569 2845 1647 2879 713.

368 2900 380 2919 ³
406 2900 454 2933 Lc
484 2901 534 2941 19,
560 2900 616 2934 44.
669 2900 722 2935 Cf.
749 2900 784 2933 Ir
811 2900 842 2941 8,
871 2900 931 2941 123
963 2900 1015 2939 10,
1044 2900 1086 2933 15
1114 2902 1181 2933 etc.

366 2952 379 2972 ‘³
404 2952 667 2986 Roscii-acevius
697 2953 801 2996 (Can.
828 2953 877 2987 IV
905 2952 1001 2996 794).
1049 2952 1177 2986 Nescio
1196 2963 1241 2985 an
1259 2951 1316 2985 hic
1342 2952 1390 2985 sit
1416 2951 1507 2985 idem
1528 2953 1634 2994 atque
1660 2950 1720 2984 ille
1748 2961 1865 2984 comes
1885 2950 2006 2984 Hiero-

247 3015 377 3049 nymus
403 3004 677 3046 Rosdracevius‚
714 3017 817 3049 quem
846 3005 880 3040 S.
907 3005 992 3039 Pius
1019 3005 1061 3039 V.
1089 3016 1119 3039 a.
1150 3005 1238 3040 1567
1275 3004 1531 3038 cubicularium
1563 3015 1677 3044 suum,
1713 3015 1743 3038 a.
1773 3003 1862 3038 1568
1889 3002 2006 3036 cathe-

247 3057 358 3091 dralis
393 3057 565 3091 ecclesiae
592 3058 880 3092 vratislaviensis
915 3059 1158 3103 praepositum
1194 3057 1379 3092 constituit
1407 3057 1473 3100 (W.
1499 3058 1543 3090 E.
1571 3057 1749 3098 Schwarz,
1783 3056 1902 3090 Briefe
1935 3055 2006 3089 und

248 3109 368 3144 Akten
395 3122 457 3144 zur
485 3109 700 3144 Gfeschichte
727 3111 972 3145 Maximilians
998 3111 1042 3145 II.
1072 3111 1096 3151 I,
1124 3111 1329 3144 Paderborn
1357 3110 1456 3150 1889,
1485 3109 1527 3143 77
1558 3109 1652 3152 108).

357 3163 383 3182 ¹⁰
409 3162 497 3196 Rom
525 3163 555 3203 8,
584 3164 614 3197 7.
669 3164 683 3196 1
714 3162 781 3197 Cor
809 3165 837 3204 1,
865 3164 928 3203 20;
957 3164 987 3202 3,
1017 3165 1070 3198 10.
1122 3163 1142 3196 2
1169 3163 1236 3197 Cor
1265 3164 1294 3203 1,
1323 3163 1365 3196 12
1392 3165 1458 3196 etc.
