2045 3471
465 227 560 263 Mon.
579 228 647 265 816
673 229 752 264 sive
777 230 815 265 it.
839 231 927 275 (23).
966 233 1063 268 lnter
1089 235 1120 269 6.
1140 237 1176 269 et
1202 236 1234 270 9.
1253 236 1333 271 Iulii
1355 237 1456 273 1565.
1758 245 1841 285 755

82 342 200 374 torum
226 344 415 386 potestate,
443 345 691 381 assistentium
717 349 752 382 et
778 348 1012 384 admonitoris
1038 351 1177 394 officiis,
1204 354 1468 398 provinciarum
1495 369 1670 393 novarum
1700 359 1841 394 institu-

81 393 177 427 tione
206 394 316 435 (decr.
336 396 492 441 34—36)
521 401 606 433 sunt
630 400 770 434 sancita
798 401 859 444 (et,
886 405 927 436 ut
952 414 998 437 ex
1024 404 1152 439 *Actis
1178 417 1262 441 mss.
1289 419 1322 452 p.
1343 409 1385 442 67
1413 412 1524 454 patet,
1551 411 1673 446 eodem
1699 412 1760 446 illo
1785 413 1841 448 die

81 445 136 481 28.
164 448 318 491 Augusti
346 450 417 484 alia
443 462 583 496 quoque
610 464 720 487 causa
746 454 897 499 decisa).
947 456 1117 491 Proxima
1143 459 1283 494 actione
1313 461 1436 505 (quam
1462 463 1519 498 30.
1545 464 1703 508 Augusti
1728 466 1841 501 fuisse

81 510 126 533 ex
144 499 269 534 *Actis
285 513 368 537 mss.
389 515 421 548 p.
441 504 484 538 67
503 505 631 549 liquet)
653 508 688 540 et
705 506 848 542 litterae
867 509 1149 553 quadrimestres
1167 511 1202 545 in
1225 515 1402 555 „annuas“
1424 526 1620 551 conversae
1643 518 1751 561 (decr.
1767 519 1840 564 37),

80 554 116 586 et
140 553 211 587 alia
236 556 412 598 quaedam
437 559 576 592 statuta
605 559 714 602 (decr.
743 560 815 603 38),
842 564 879 595 et
903 565 1055 606 urgente
1082 563 1223 599 Canisio
1251 569 1541 611 congregationis
1567 570 1839 606 dissolutionem

81 604 202 650 (plura
225 618 260 641 V.
287 608 380 642 infra
406 621 497 644 mon.
517 610 613 655 821),
640 612 822 648 decretum
849 617 904 649 est
932 616 1041 658 (decr.
1061 617 1134 660 39),
1160 620 1201 651 ut
1226 621 1458 664 congregatio
1484 622 1515 656 3.
1535 622 1755 668 Septembris
1782 625 1840 660 ab·

79 657 290 696 solveretur.
340 661 530 707 Proposita
565 665 735 709 petitione
770 667 964 702 cardinalis
999 670 1204 713 Augustani
1241 671 1362 715 (quam
1395 673 1559 709 Canisius
1595 677 1639 710 ad
1671 677 1838 721 Borgiam

78 712 287 754 rettulerat;
316 714 397 748 vide
424 716 517 750 infra
543 729 636 752 mon.
664 718 760 762 822),
787 721 964 755 sancitum
997 725 1052 756 est
1080 723 1127 765 (1.
1152 723 1383 769 Septembris,
1410 729 1450 761 ut
1475 728 1595 762 *Acta
1621 741 1706 766 mss.
1734 743 1766 775 p.
1795 731 1839 766 68

78 763 238 807 habent),
272 778 317 800 ne
344 767 436 802 Socii
467 770 588 811 „aulas
614 775 882 816 sequerentur“,
909 775 977 808 nisi
1004 775 1047 809 ad
1075 775 1182 810 breve
1209 780 1350 823 tempus
1377 778 1488 824 (decr.
1515 781 1598 824 40);
1635 783 1678 817 de
1705 795 1776 828 qua
1799 796 1839 819 re

76 817 180 862 plura
206 819 371 854 dicentur
396 821 489 856 infra
515 834 607 857 mon.
635 825 714 859 822.
749 825 878 861 Postea
906 827 948 861 de
974 828 1076 863 bonis
1102 829 1211 872 (decr.
1231 831 1307 875 41),
1334 834 1371 866 et
1396 833 1439 867 de
1465 834 1612 870 scholiis
1639 836 1678 870 P.
1695 835 1839 871 Natalis

80 871 155 913 (42)
183 874 240 906 est
264 875 442 908 statutum
471 874 533 918 (et,
568 878 608 910 ut
634 889 678 910 ex
704 879 834 912 *Actis
857 891 942 915 mss.
970 892 1003 925 p.
1030 882 1075 916 68
1100 882 1224 926 liquet,
1260 884 1383 919 eodem
1410 885 1471 920 illo
1498 887 1530 922 d.
1558 888 1589 922 2.
1617 888 1838 933 Septembris

76 923 119 957 de
144 924 214 959 alio
240 926 383 969 negotio
409 927 619 972 decretum).
671 930 830 965 Tandem
865 932 896 967 3.
924 932 1145 978 Septembris
1176 936 1313 978 „visum
1340 940 1405 980 est,
1433 940 1545 983 quod²
1583 941 1661 985 ipso
1693 942 1754 976 illo
1780 943 1837 977 die

79 977 206 1018 „simul
224 978 464 1022 Congregatio
482 983 517 1014 et
536 981 771 1017 Definitorum
797 987 958 1029 potestas
976 987 1123 1022 deberet
1149 990 1353 1034 exspirare“
1379 991 1490 1034 (decr.
1507 992 1581 1037 45).
1621 994 1754 1029 Eodem
1780 996 1836 1030 die

77 1029 127 1073 (id
155 1042 198 1065 ex
225 1032 354 1066 *Actis
378 1045 463 1068 mss.
490 1046 523 1078 p.
552 1035 691 1070 68—78
718 1037 914 1082 colligitur)
953 1041 1184 1084 congregatio
1219 1043 1333 1077 multa
1368 1044 1439 1079 alia
1464 1046 1522 1079 vel
1557 1046 1635 1091 ipsa
1671 1048 1836 1083 definivit

78 1082 187 1127 (decr.
211 1085 380 1130 43—53)‚
409 1087 466 1120 vel
494 1098 514 1121 a
545 1089 829 1130 „definitoribus“
860 1093 1057 1128 constituta
1082 1095 1259 1139 probavit.
1293 1097 1359 1138 Ita,
1385 1100 1426 1131 ut
1455 1099 1652 1143 „catalogi“
1681 1101 1836 1144 singulis

74 1138 177 1171 annis
203 1137 352 1173 Romam
378 1140 608 1175 mitterentur
636 1142 746 1184 (decr.
772 1144 853 1188 48);
885 1149 926 1179 ut
951 1145 1045 1180 Socii
1074 1147 1179 1189 „lites
1205 1148 1368 1184 forenses
1394 1151 1581 1194 fugerent‘
1614 1154 1725 1197 (decr.
1752 1155 1834 1198 55);

74 1192 113 1224 ut
148 1191 305 1234 regulae,
340 1195 483 1237 praeter
513 1194 771 1236 „Summarium
801 1196 1138 1241 Constitutionun1“,
1177 1203 1491 1244 „examinarentur
1525 1208 1571 1247 et,
1607 1207 1723 1250 quoad
1759 1208 1834 1242 eius

74 1243 151 1278 fieri
169 1248 300 1289 posset,
320 1246 502 1281 breviores
521 1248 666 1282 fierent“
691 1249 801 1293 (decr.
821 1251 903 1295 57);
931 1254 971 1286 ut
988 1253 1080 1287 Socii
1106 1254 1141 1287 in
1160 1254 1342 1290 doctrinae
1361 1257 1578 1293 christianae
1596 1260 1834 1305 explicatione

73 1296 264 1340 diligentes
291 1301 410 1333 essent
430 1299 539 1343 (decr.
560 1301 604 1336 58
625 1303 661 1336 et
678 1302 758 1346 65);
785 1305 825 1337 ut
850 1306 1149 1348 congregationes
1176 1308 1415 1352 provinciales
1441 1312 1547 1345 tertio
1574 1324 1715 1357 quoque
1741 1325 1833 1349 anno

72 1350 290 1385 haberentur
317 1352 427 1395 (decr.
455 1353 537 1395 67);
574 1365 618 1388 ne
658 1355 806 1397 „breves
841 1369 967 1392 cursus
1001 1358 1144 1393 Artium
1179 1361 1237 1394 vel
1263 1361 1499 1406 Theologiae“
1537 1365 1831 1408 instituerentur3

72 1404 134 1437 sed
161 1405 201 1437 ut
226 1404 279 1445 iis,
307 1408 368 1448 qui
394 1405 585 1441 Societatis
606 1409 851 1449 „coadjutores
869 1411 1097 1455 spirituales“
1120 1413 1232 1447 futuri
1252 1418 1383 1457 essent,
1407 1418 1674 1462 „compendium
1692 1418 1831 1455 Dialec-

70 1456 180 1490 tices“
210 1459 245 1490 et
275 1469 401 1499 „casus
427 1460 687 1495 conscientia&
717 1463 946 1498 traderentur
972 1464 1081 1508 (decr.
1110 1466 1183 1510 69).

72 1565 172 1602 816
198 1568 276 1602 sive
302 1566 364 1603 it.
385 1567 517 1613 (23).
591 1569 695 1606 Inter
721 1571 752 1607 6.
771 1572 808 1608 et
835 1572 866 1608 9.
885 1573 972 1609 Iulii
997 1573 1092 1611 1565.

188 1637 244 1671 Ex
270 1639 442 1673 Actorum
478 1641 652 1686 exemplo,
688 1643 831 1677 saeculo
858 1644 953 1679 XVI.
991 1649 1145 1680 exeunte
1171 1647 1229 1681 vel
1265 1648 1383 1692 priore
1417 1652 1519 1694 parte
1553 1653 1688 1687 saeculi
1714 1653 1827 1689 XVII.

69 1691 214 1735 scripto.
269 1693 369 1734 ⁷‚Act.
396 1692 483 1727 Gen.
503 1693 542 1728 T.
570 1694 658 1728 P.¹¹⁵“
688 1707 722 1740 p.
749 1696 794 1731 53
822 1697 877 1731 55.
924 1698 1116 1733 Decretum
1143 1701 1252 1745 prius,
1280 1703 1437 1747 ascripto
1463 1716 1610 1739 numero
1636 1706 1679 1747 4.,
1707 1710 1830 1742 exstat

67 1743 104 1777 in
134 1744 319 1786 „Decretis
353 1746 531 1780 secundae
567 1747 865 1792 Congregationis
899 1754 981 1796 post
1017 1752 1247 1788 electione1n“
1285 1756 1383 1800 typis
1419 1756 1578 1801 vulgatis
1607 1758 1829 1802 (Institutum

69 1797 102 1830 11
130 1797 226 1841 194).

186 1869 219 1901 A
235 1869 419 1903 Societatis
436 1873 702 1914 conyreyatione
721 1875 741 1905 5
750 1875 950 1917 praepositi
964 1877 1209 1921 provinciales,
1229 1879 1267 1911 in
1285 1879 1397 1922 iisqne
1415 1881 1591 1925 Canisizcs,
1610 1884 1826 1929 dele'quntur,

67 1922 140 1965 qui,
176 1932 264 1965 quae
299 1926 563 1966 conqreglacz'onl
593 1927 828 1968 proponenda
861 1928 946 1972 sint,
982 1940 1070 1972 quae
1105 1940 1176 1964 non
1210 1932 1292 1975 sint,
1328 1944 1404 1966 cnm
1432 1937 1636 1978 praepo-sito
1668 1939 1828 1978 yenerali

66 1975 281 2009 discernant.

185 2040 228 2072 In
267 2042 421 2074 secunda
464 2042 739 2085 Confflryate'one
773 2046 934 2087 yenerali
972 2046 1157 2080 Soce'etatis
1195 2049 1273 2082 Iesu
1312 2050 1405 2083 inter
1445 2054 1473 2085 6.
1502 2057 1531 2085 et
1559 2058 1588 2087 9.
1617 2054 1706 2087 Iulia·
1731 2057 1824 2089 1565

67 2093 149 2134 (sub
176 2096 207 2126 7.
234 2094 332 2137 Iulii,
361 2099 396 2127 ut
422 2096 579 2136 videtur)
604 2097 741 2138 factum
767 2102 834 2131 est:

184 2147 216 2180 5.
243 2146 445 2182 Decretum.
497 2148 724 2193 Propositum
759 2150 886 2192 fuerat,
919 2163 964 2185 an
990 2152 1100 2196 aliqui
1126 2156 1248 2188 essent
1274 2155 1479 2200 deputandi,
1506 2158 1550 2192 ad
1578 2170 1665 2203 quos
1691 2161 1824 2204 singuli

65 2210 108 2233 ea
133 2199 309 2233 referrent
336 2199 446 2244 (quod
473 2201 516 2234 ad
542 2202 688 2244 negotia
710 2203 980 2238 Prouinciarum
1007 2206 1150 2250 attinet)
1180 2218 1273 2251 quae
1291 2208 1570 2253 congregationi
1596 2214 1824 2257 proponenda

64 2251 281 2293 uiderentur,
317 2255 353 2286 et
378 2265 458 2287 cum
484 2265 555 2298 qua
581 2256 806 2298 auctoritate,
843 2257 1078 2292 constitutum
1106 2262 1161 2293 est
1187 2263 1318 2302 autem,
1355 2266 1394 2296 ut
1419 2263 1577 2308 quinque
1604 2265 1824 2309 eligerentur

65 2317 108 2339 ex
128 2304 407 2339 Prouincialium
425 2318 583 2348 numero,
610 2309 671 2352 qui
697 2309 809 2354 uarijs
835 2310 1038 2345 nationibus
1058 2316 1242 2356 praesunt,
1269 2325 1350 2348 cum
1377 2327 1418 2349 ea
1444 2316 1628 2359 facultate,
1656 2321 1694 2352 ut
1713 2331 1821 2354 unum

64 2360 272 2392 contextum
298 2370 342 2391 ex
370 2359 480 2404 uarijs
499 2371 589 2404 quae
607 2365 863 2405 suggeruntur,
890 2363 1061 2406 facerent,
1087 2365 1209 2400 ordine
1236 2369 1470 2410 conuenienti,
1498 2372 1533 2403 et
1558 2371 1588 2404 si
1615 2372 1699 2415 quid
1726 2373 1821 2407 uide-

64 2413 162 2445 retur
186 2422 256 2445 non
282 2412 462 2456 pertinere
488 2413 532 2447 ad
559 2413 892 2458 Congregationem,
928 2417 990 2451 sed
1017 2418 1136 2462 potius
1161 2419 1205 2453 ad
1232 2421 1436 2462 generalem
1463 2422 1723 2467 Praepositum,
1762 2427 1820 2461 ad-

63 2467 248 2498 monerent
273 2468 538 2509 proponentem,
574 2467 630 2500 cui
665 2467 695 2502 si
722 2480 932 2512 persuasum
967 2481 1036 2504 non
1063 2473 1169 2514 esset,
1206 2475 1246 2506 ut
1272 2473 1472 2516 desisteret,
1508 2475 1633 2510 liceret
1663 2478 1704 2518 ei,
1733 2479 1819 2513 Con-

62 2517 262 2561 gregationi
282 2529 487 2563 proponere,
506 2520 598 2563 quod
618 2520 746 2555 uellet:
774 2522 852 2566 ipsa
879 2534 963 2556 uero
989 2523 1047 2557 uel
1074 2524 1240 2569 reijceret
1265 2526 1308 2559 ad
1328 2526 1574 2572 Praepositum
1596 2530 1819 2574 Generalem,

61 2570 118 2604 uel
145 2571 188 2604 de
214 2582 254 2604 eo
280 2571 498 2606 decerneret.

180 2624 225 2658 6¹¹¹
252 2623 453 2659 Decretum.
506 2626 668 2670 Quinque
694 2627 854 2671 deputati
882 2628 977 2670 dicti,
1004 2628 1038 2663 in
1067 2630 1210 2664 decreto
1236 2633 1473 2676 praecedenti,
1513 2646 1575 2679 per
1601 2635 1817 2672 scrutinium

60 2677 206 2721 seriptis
231 2677 415 2722 suffragijs
441 2678 546 2712 electi
573 2679 728 2721 fuerunt,
756 2680 895 2715 scilicet
920 2681 1030 2715 Pater
1056 2683 1229 2718 Alfonsus
1255 2684 1439 2720 Salmoron
1467 2688 1702 2724 Prouincialis
1727 2690 1817 2725 Nea-

60 2729 249 2774 politanus.
302 2730 340 2764 P.
368 2731 523 2765 Jacobus
557 2731 683 2773 Miron,
719 2733 955 2768 Prouincialis
990 2735 1246 2778 Portugalliae.
1298 2738 1337 2772 P.
1365 2738 1494 2774 Petrus
1530 2741 1696 2776 Canisius
1733 2743 1817 2778 Pro-

59 2782 224 2816 uincialis
250 2782 463 2818 Germaniae
489 2784 699 2829 Superioris.
750 2786 788 2820 P.
815 2787 972 2822 Joannes
1007 2787 1146 2823 Xuarez
1180 2790 1417 2826 Prouincialis
1444 2792 1633 2828 Castellae.
1684 2796 1723 2831 P.
1751 2797 1816 2831 Ed-

58 2836 212 2870 mundus
247 2836 427 2878 Augerius
461 2837 698 2872 Prouincialis
733 2839 960 2883 Aquitaniae,
996 2844 1035 2875 ut
1072 2842 1179 2876 simul
1218 2855 1298 2877 cum
1334 2844 1542 2890 Praeposito
1579 2848 1745 2883 Generali
1779 2850 1814 2884 id

59 2891 218 2931 agerent,
245 2889 337 2932 quod
364 2891 590 2934 praecedenti
617 2891 760 2925 decreto
787 2892 1000 2928 continetur.

176 2941 232 2975 Ad
257 2941 322 2975 hos
344 2942 572 2987 „deputatos“
595 2944 672 2978 sive
692 2944 896 2980 definitores
922 2947 1079 2990 pertinet
1097 2948 1214 2989 etiam,
1242 2950 1334 2993 quod
1360 2951 1454 2985 inter
1473 2953 1595 2987 eadem
1618 2954 1811 2996 „Decreta“

59 3006 192 3029 excusa
218 2995 273 3029 34.
301 2998 374 3029 est:
415 2997 565 3038 „Actum
591 2997 677 3031 fuit:
705 3009 749 3031 an
775 2998 897 3042 aliqua
932 3011 976 3033 ex
1012 3001 1066 3042 iis,
1103 3012 1193 3045 quae
1228 3006 1312 3037 sunt
1338 3015 1358 3038 a
1384 3005 1595 3049 quibusdam
1621 3010 1814 3053 proposita,

58 3059 126 3081 non
154 3048 423 3082 provinciarum
451 3053 513 3084 aut
539 3050 789 3093 Collegiorum,
816 3052 877 3085 sed
904 3063 968 3086 suo
995 3055 1136 3098 privato
1162 3055 1313 3097 nomine,
1342 3057 1438 3091 reiici
1466 3062 1611 3103 possent
1637 3073 1658 3094 a
1684 3061 1813 3096 Defini-

57 3101 204 3143 toribus,
230 3101 261 3135 si
286 3101 495 3136 viderentur
519 3103 712 3138 reiicienda
737 3104 866 3148 potius,
893 3116 999 3149 quam
1026 3109 1225 3143 tractanda.
1277 3110 1322 3143 Et
1348 3122 1556 3155 responsum
1584 3116 1658 3148 est:
1693 3115 1814 3149 audito

58 3157 285 3198 proponente,
310 3155 410 3189 reiici
436 3167 560 3200 posse;
587 3157 629 3191 de
655 3157 700 3191 iis
724 3157 909 3202 loquendo,
936 3170 1027 3203 quae
1054 3160 1095 3195 ad
1116 3161 1206 3196 hanc
1223 3162 1543 3207 Congregationem
1570 3166 1808 3211 pertinerent“

61 3205 279 3249 (Institutemz
305 3207 327 3241 l.
354 3220 383 3243 c.
411 3209 627 3252 202—203).

1453 3277 1527 3311 48*
