2045 3471
434 204 528 238 Mon.
549 204 617 239 836
643 203 720 238 sive
747 215 822 238 oen.
845 204 910 248 (2).
954 205 1009 239 Ab
1035 204 1091 239 21.
1111 204 1155 238 ad
1173 204 1230 238 29.
1249 203 1328 239 Oct.
1350 204 1451 239 1565.
1741 206 1823 247 769

67 324 296 378 Oeniponte
328 338 468 365 coram
501 324 624 365 Petro
659 324 830 365 Canisio
865 325 1105 379 praeposito
1139 326 1398 379 provinciali
1429 328 1722 366 renovatorum
1756 328 1824 366 etc.

65 389 137 430 Sic
167 390 277 431 enim
312 390 404 430 iile:
435 388 502 429 Ad
535 402 605 430 res
627 387 934 442 AEnipontani
956 388 1135 441 Collegii
1158 389 1316 430 accedo
1341 404 1349 429 :
1375 402 1425 430 ac
1449 388 1631 442 primum
1655 387 1824 441 quidem

65 452 228 494 fratres
259 453 315 503 hi,
359 453 430 506 qui
463 467 558 494 cum
598 456 805 495 consueta
837 452 1068 495 Societatis
1109 456 1285 495 nostrae
1324 467 1503 494 munera
1543 466 1620 506 per
1660 454 1825 506 pestem

65 532 202 572 nuper
233 518 430 571 graviter
461 518 729 559 saevientem
763 531 966 559 exercere
999 532 1083 559 non
1115 517 1268 560 liceret
1300 518 1354 559 ad
1378 518 1551 559 diversa
1574 517 1698 559 huius
1721 518 1824 559 Pro-

65 582 234 624 vinciae
267 583 459 635 Collegia
496 582 661 624 dimissi
701 582 1043 624 fuerantznunc
1084 582 1295 636 paulatim
1336 582 1520 624 redeunt
1562 585 1606 624 et
1647 596 1826 635 congre-

66 650 248 699 gantur;
284 650 328 690 et
355 647 445 700 jam
478 650 579 689 sunt
610 647 653 688 in
686 661 735 688 eo
765 647 954 700 Collegio
988 646 1217 697 sexdecim,
1253 660 1433 699 quorum
1467 645 1654 700 quinque
1686 660 1826 689 sacer-

65 712 204 761 dotes,
246 712 401 765 reliqui
441 715 760 766 praeceptores,
805 715 848 754 et
881 711 1090 766 discipuli,
1133 714 1177 753 et
1210 712 1281 764 qui
1313 726 1403 753 rem
1437 711 1718 753 domesticam
1752 711 1825 753 ad-

66 776 350 823 ministrant.
375 776 562 829 Quisque
604 790 709 819 suae
743 777 985 818 vocationis
1024 790 1187 818 memor
1219 790 1295 818 suo
1330 776 1471 818 officio
1499 775 1828 828 diligentissime

67 841 276 895 fungitur.
340 841 444 883 Cum
486 855 622 896 nuper
660 842 870 883 transiret
910 842 1009 883 illac
1049 841 1331 883 Reverendus
1363 841 1497 883 Pater
1529 840 1827 890 Provincialis,

66 906 150 948 etsi
183 906 236 948 ad
269 907 651 959 congregationem
691 909 960 960 properaret,
1001 908 1150 948 tamen
1190 920 1267 960 per
1306 919 1466 960 paucos
1499 905 1591 947 dies
1622 905 1680 947 ibi
1713 919 1827 947 corn·

68 971 229 1013 morari
261 971 411 1020 voluit,
455 971 607 1024 quibus
640 973 816 1024 praeter
849 971 935 1013 alia
967 971 1193 1024 generales
1235 970 1502 1024 singulorum
1536 970 1830 1012 confessiones

68 1036 257 1087 audivit,
303 1039 347 1078 et
391 1035 458 1077 die
503 1036 759 1078 Sanctorum
802 1035 988 1090 Philippi
1031 1038 1076 1078 et
1118 1035 1293 1077 Iacobi1
1334 1035 1466 1078 etiam
1506 1037 1611 1077 vota
1656 1034 1830 1089 excepit

68 1114 230 1154 magna
261 1115 355 1143 cum
387 1100 556 1143 laetitia
589 1104 633 1143 et
665 1101 960 1142 consolatione
992 1100 1193 1143 omnium.

189 1180 353 1215 Dubitari
379 1193 448 1215 non
475 1184 605 1226 potest,
640 1181 726 1225 quin
753 1181 918 1215 Canisius
945 1180 1144 1225 Oeniponte
1182 1180 1248 1214 hoc
1274 1181 1436 1225 tempore
1462 1179 1570 1214 etiam
1597 1180 1640 1214 de
1670 1181 1829 1224 „regina—

67 1235 166 1267 rum“
205 1235 350 1277 negotio
384 1235 509 1277 egerit,
544 1235 622 1268 sive
655 1233 738 1268 illae
765 1234 911 1267 Merano
946 1233 1017 1267 iam
1052 1233 1243 1274 redierant,
1282 1233 1360 1267 sive
1394 1245 1462 1267 non
1498 1233 1687 1267 redierant.
1738 1231 1830 1267 Nam

69 1286 104 1321 S.
132 1287 345 1321 Franciscus
371 1287 522 1329 Borgias
555 1286 747 1320 Societatis
772 1286 929 1320 vicarius
963 1285 1143 1329 generalis
1180 1286 1211 1320 3.
1238 1285 1425 1319 Februarii
1464 1286 1552 1320 1565
1590 1285 1733 1320 Canisio
1767 1297 1831 1330 per

70 1340 110 1374 P.
129 1340 297 1374 Ioannem
320 1340 516 1374 Polancum
542 1339 732 1374 Societatis
757 1339 992 1374 secretarium
1017 1339 1223 1384 scripserat,
1250 1339 1445 1383 optandum
1472 1350 1561 1380 esse,
1587 1341 1628 1373 ut
1652 1338 1734 1373 illae
1760 1350 1830 1372 uno

69 1392 263 1427 Societatis
297 1393 494 1434 sacerdote,
530 1393 590 1437 qui
624 1393 782 1438 ipsarum
822 1392 1065 1426 confessiones
1100 1391 1293 1436 exciperet,
1330 1393 1519 1426 contentae
1555 1394 1686 1433 essent,
1721 1393 1757 1426 et
1790 1394 1831 1425 ut

69 1449 219 1480 senatus
252 1446 331 1480 sive
370 1447 567 1490 „regimen“
605 1446 880 1491 oenipontanum
916 1445 960 1479 ad
995 1445 1030 1479 id
1066 1444 1293 1479 efficiendum
1331 1456 1474 1489 operam
1513 1445 1710 1485 conferret;
1747 1444 1829 1479 vide

67 1510 180 1544 supra
206 1511 239 1544 p.
266 1500 299 1533 2.

192 1573 476 1626 Maqdalenae
517 1572 834 1613 arclziducissae
875 1571 958 1625 ipsi
1001 1572 1169 1625 eiusque
1213 1571 1428 1612 sororibus
1471 1570 1653 1625 Boryias
1694 1572 1829 1612 Roma

69 1640 141 1680 20.
167 1638 398 1679 Februarii
421 1639 535 1679 1565
566 1638 729 1678 litteras
760 1637 919 1677 latinas
951 1636 1076 1688 misit,
1110 1636 1262 1690 quibus
1289 1636 1341 1676 de
1362 1635 1505 1677 Iacobi
1526 1635 1678 1676 Lainii
1707 1649 1829 1690 prae-

68 1704 198 1757 posita·
228 1703 437 1758 9enerahs
470 1707 598 1743 morte
632 1716 701 1743 eas
733 1703 928 1742 certiores
956 1700 1154 1753 faciebat,
1188 1714 1356 1754 operam
1381 1715 1502 1742 suam
1529 1702 1583 1742 iis
1616 1700 1828 1754 offerebat,

72 1768 312 1810 Societatem
347 1769 400 1808 iis
423 1765 765 1818 commendabam
796 1767 948 1807 deinde
969 1766 1070 1806 haec
1093 1765 1289 1806 addidit:
1321 1764 1430 1819 Alijs
1460 1765 1512 1806 de
1534 1765 1662 1806 rebus
1685 1778 1830 1806 coram

71 1835 177 1885 aget
210 1832 254 1875 P.
279 1832 474 1873 Canisius
500 1866 507 1873 .
532 1831 694 1873 referet
725 1831 857 1872 etiam
890 1831 935 1872 P.
960 1830 1144 1871 Ioannes
1167 1830 1347 1880 Dirsius,
1381 1830 1451 1871 uel
1477 1829 1610 1872 Pater
1632 1830 1828 1879 Hermes,

70 1897 108 1939 si
141 1897 242 1950 quid
274 1897 496 1950 speciatim
531 1896 774 1948 intelligere
808 1895 967 1937 volent.

192 1963 349 2004 Eodem
383 1962 450 2003 die
481 1962 529 2003 P.
554 1962 735 2002 Ioannes
768 1962 818 2002 cte
839 1961 1021 2002 Polanco
1052 1962 1219 2002 nomine
1250 1960 1435 2015 Boryiae
1467 1961 1525 2001 ad
1557 1961 1604 2002 P.
1629 1959 1828 2002 Ioamzem

73 2029 279 2081 Dyrsium
322 2028 478 2081 collegii
518 2028 788 2081 oenipontani
829 2030 1025 2067 rectorem
1065 2026 1166 2067 haec
1208 2026 1259 2067 de
1300 2026 1349 2067 P.
1373 2025 1569 2066 Hermete
1600 2026 1832 2079 Halbpaur

72 2095 320 2147 reqtrzarum
344 2092 602 2144 confessario
625 2090 700 2144 (cf,
723 2105 856 2145 supra
877 2105 916 2145 p.
940 2091 988 2132 21
1010 2091 1087 2142 45)
1109 2091 1302 2145 scripsit:
1324 2090 1485 2131 Rector
1507 2089 1578 2131 ille
1602 2089 1832 2132 Societatis

73 2158 125 2199 de
159 2172 241 2210 quo
275 2156 424 2199 scribit
455 2156 504 2198 R.
531 2156 581 2197 V.
617 2155 685 2197 cui
726 2155 888 2208 aliquid
920 2155 1097 2197 exhibet
1139 2155 1318 2208 negocij,
1361 2154 1564 2196 sacerdos
1596 2154 1829 2204 subditus³,

71 2223 267 2264 suauiter
299 2225 346 2264 ut
378 2221 562 2270 uidetur,
596 2234 727 2274 agere
750 2221 926 2262 deberet
949 2233 1044 2261 cum
1066 2220 1152 2270 illo,
1186 2223 1234 2262 ut
1256 2220 1526 2262 humanitate
1550 2222 1594 2261 et
1617 2219 1831 2262 charitate

72 2302 170 2330 eum
203 2287 245 2328 in
279 2287 419 2328 officio
453 2286 673 2328 continere
705 2285 912 2328 studeat.
937 2299 1033 2326 eum
1067 2285 1335 2326 admonendo
1368 2285 1611 2337 diligenter,
1655 2288 1699 2327 et
1736 2299 1830 2326 cum

73 2352 353 2402 dexteritate,
388 2354 432 2393 et
464 2351 594 2393 etiam
629 2364 723 2392 cum
752 2349 1034 2392 Prouincialis
1066 2350 1247 2400 uenerit,
1282 2350 1492 2403 quomodo
1524 2363 1594 2391 res
1627 2363 1722 2391 sese
1754 2349 1832 2392 ha-

74 2418 176 2460 beat
209 2417 245 2458 ei
279 2417 479 2470 explicet,
514 2419 562 2458 ut
593 2415 666 2457 ille
696 2415 911 2457 hominem
944 2415 1056 2456 serio
1090 2414 1292 2457 moneatb
1325 2418 1404 2458 etc,

196 2496 377 2530 Canisium
405 2498 438 2530 ὃ.
464 2495 548 2529 Maii
575 2495 745 2529 Mantuae
771 2495 883 2528 fuisse
909 2497 1051 2529 constat
1079 2495 1176 2537 (vide
1202 2506 1310 2540 supra
1342 2506 1373 2539 p.
1403 2495 1497 2538 7322).
1542 2494 1659 2536 Quare
1684 2506 1775 2536 eum,
1802 2495 1832 2530 si

75 2562 144 2584 nou
170 2553 262 2590 ante,
290 2553 386 2583 certe
413 2551 445 2583 ὃ.
472 2548 558 2582 Maii
586 2547 784 2593 Oeniponte
815 2548 1024 2582 discessisse
1051 2551 1146 2592 puto.

75 2666 184 2702 836
211 2667 288 2701 sive
317 2676 435 2701 oen.
456 2665 556 2711 (2).
632 2664 684 2699 Ab
711 2663 759 2700 21.
787 2664 831 2700 ad
858 2664 914 2700 29.
934 2663 1103 2700 Octobris
1128 2663 1219 2699 1565.

196 2738 249 2772 Ex
275 2737 484 2771 'l'heodorici
513 2736 645 2770 Canisii
680 2736 812 2770 litteris
839 2735 1074 2780 autographis
1109 2738 1216 2779 atquc
1243 2747 1288 2769 ex
1314 2735 1549 2779 epistularum
1577 2735 1723 2769 Polanci
1751 2747 1831 2780 apo-

74 2791 224 2836 graphis
251 2791 373 2824 eodem
400 2794 557 2834 tempore
583 2790 739 2834 scriptis.
795 2789 857 2831 ,G.
886 2789 948 2833 Ep.
968 2789 1036 2823 V[“
1069 2789 1092 2823 f.
1120 2788 1181 2822 88¹²
1207 2789 1269 2822 89¹¹
1296 2790 1331 2821 et
1362 2788 1499 2829 „Genu
1527 2789 1590 2822 65“
1622 2789 1644 2821 f.
1672 2788 1734 2822 ‘27¹³
1760 2788 1830 2823 32².

197 2857 379 2889 Canis-ium
412 2856 602 2897 Oeniponte
636 2855 747 2896 febris
773 2855 899 2887 detinet
934 2859 963 2886 et
990 2854 1123 2896 colleyit
1150 2858 1263 2886 rector
1289 2857 1432 2886 exercet.
1488 2853 1556 2894 Qui
1582 2864 1659 2886 cum
1690 2854 1831 2887 Canisio

75 2911 125 2943 cet
151 2911 223 2951 agyit
251 2910 298 2941 rel
316 2914 404 2941 certe
422 2920 524 2949 assere
541 2908 633 2940 debet
660 2909 701 2940 cte
727 2909 873 2940 rectoris
899 2907 1016 2949 officio
1035 2918 1057 2939 a
1075 2918 1109 2939 se
1131 2907 1337 2948 auferendo,
1365 2907 1406 2938 de
1425 2904 1602 2949 „Indice“,
1629 2907 1670 2939 de
1697 2907 1833 2939 riaticis

75 2964 216 3006 colleyio
243 2964 478 3004 oem'pOntano
505 2961 740 2994 restituendis.

195 3039 222 3069 a)
243 3036 386 3063 subditur
405 3045 451 3068 ap.
525 3035 555 3067 b)
577 3036 680 3061 monet
699 3044 746 3067 (ψ.

199 3131 286 3165 ¹De
322 3131 388 3165 hoc
422 3131 682 3165 confessionem
718 3130 921 3173 generalem
956 3129 1121 3169 faciendi,
1162 3129 1335 3163 rationem
1374 3129 1613 3163 conscientiae
1652 3128 1831 3169 reddendi,

78 3187 162 3218 vota
187 3185 382 3219 renovandi
410 3196 505 3218 more
532 3184 613 3218 vide
644 3185 729 3218 Can.
761 3183 805 3216 lV
832 3184 915 3217 435¹
944 3183 1038 3217 7101.

148 3248 172 3273 B
181 3255 196 3273 r
204 3256 246 3274 au
255 3256 274 3274 n
282 3256 296 3274 s
306 3249 322 3275 b
332 3256 346 3273 e
355 3256 370 3273 r
378 3257 395 3281 g
404 3256 418 3273 e
428 3256 455 3278 r,
477 3247 587 3273 Canisii
607 3247 760 3281 Epistulae
781 3248 811 3273 et
827 3248 911 3273 Acta.
941 3247 976 3272 V.
1503 3241 1548 3275 49
