2045 3471
274 188 369 222 Mon.
390 189 454 223 741
476 189 553 222 sive
572 200 682 232 germ.
701 188 723 222 l.
746 188 836 231 (16).
876 189 905 221 A
933 190 964 223 d.
985 190 1040 224 25.
1060 189 1150 223 Nov.
1171 189 1214 223 ad
1241 190 1273 223 2.
1293 189 1352 223 vel
1378 190 1408 224 3.
1429 189 1514 224 Dec.
1538 189 1641 224 1565.
1770 165 1853 232 655

200 305 348 341 Utinam
367 317 453 339 vero
474 306 611 340 factum
637 306 756 351 ipsum
774 307 891 350 magis
911 309 1009 342 esset
1026 308 1220 341 testatum!
1257 306 1460 341 Consiliarii
1487 306 1584 341 illius
1601 306 1847 341 testimonium

81 359 184 393 initio
209 358 345 393 saeculi
363 358 477 393 XVII.
500 359 563 393 vix
591 362 646 394 est
671 360 854 404 antiquius
882 361 932 395 .P.
952 361 1102 395 Ioannes
1128 362 1247 394 autem
1272 359 1406 393 Hasius
1430 360 1463 394 S.
1485 360 1516 394 J.
1540 359 1575 402 (†
1595 360 1701 402 1624)
1731 360 1854 394 busco-

82 412 248 447 ducensis
266 412 332 446 sub
350 424 382 446 a.
396 412 486 446 1612
500 414 639 455 rogatu.
666 413 703 447 P.
719 413 894 447 Matthaei
910 414 1041 448 Raderi
1055 412 1306 458 biographiam
1321 413 1457 447 Canisii
1475 413 1638 457 parantis
1654 413 1853 453 Embricae,

82 465 175 509 quod
201 465 368 510 oppidum
397 465 441 499 ab
469 465 606 499 Arbore
632 466 795 499 Mariana
821 466 914 500 haud
942 466 1066 511 procul
1092 466 1205 506 abest,
1232 469 1314 500 acta
1339 468 1644 510 monumentaque
1669 466 1852 500 canisiana

83 518 274 562 diligenter
300 518 446 562 collegit
473 521 509 552 et
534 519 711 562 singulari
737 530 823 553 cura
848 520 883 553 in
910 520 1226 563 noviomagensem
1254 518 1352 552 illam
1373 518 1507 552 Canisii
1526 519 1851 563 peregrinationem

81 571 271 615 inquisivit
308 571 406 614 (vide
442 571 536 605 infra
571 583 665 606 mon.
692 572 797 616 744);
834 584 950 616 neque
985 574 1118 613 tamen,
1154 575 1327 616 quantum
1355 583 1400 605 ex
1427 572 1503 605 eius
1530 572 1695 616 epistulis
1730 572 1851 616 colligi

81 627 211 669 potest,
239 625 282 658 de
308 625 542 659 daemonibus
569 624 641 658 illis
667 636 688 659 a
715 626 858 659 Canisio
884 626 973 660 visis
1000 625 1194 670 quidquam
1232 625 1421 668 cognovit3
1457 636 1523 659 nec
1549 625 1722 666 Raderus,
1759 636 1851 669 quae

82 680 161 712 erat
195 681 231 711 et
266 678 380 723 ipsius
418 680 454 712 et
489 678 694 722 aequalium
733 678 882 721 indoles,
918 679 947 713 si
975 679 1058 723 quid
1095 679 1165 712 fide
1200 678 1348 721 dignum
1385 689 1426 712 ea
1452 678 1494 711 de
1522 690 1558 712 re
1586 690 1630 712 ex
1657 678 1768 712 Hasio
1795 690 1850 712 ac-

81 731 249 775 cepisset,
285 732 320 765 in
356 732 475 776 capite
511 731 583 773 illo,
620 732 713 775 quod
754 731 951 773 „Miracula
978 732 1121 765 Canisio
1158 732 1251 773 vivo,
1287 733 1427 765 mortuo
1463 732 1625 775 patrata“
1667 731 1851 775 inscripsit

82 784 316 827 (230—262),
351 785 388 818 id
423 796 554 829 ponere
591 784 783 818 omisisset.
843 784 955 818 Immo
990 796 1035 818 ne
1069 796 1162 818 unus
1198 785 1339 828 quidem
1377 796 1422 818 ex
1458 784 1592 818 Canisii
1630 783 1849 828 biographis,

81 848 170 881 quos
197 837 361 881 equidem
387 837 512 879 norim,
540 837 657 871 visum
684 837 772 871 illud
800 838 971 872 narravit.
1024 837 1070 871 Et
1094 838 1299 872 Fridericus
1326 837 1555 880 Reiffenberg
1581 837 1615 871 S.
1635 837 1678 878 J.‚
1706 848 1786 870 00111
1812 837 1849 870 111

84 890 288 932 „Historiae
314 891 504 925 Societatis
539 890 621 924 Iesu
656 890 699 924 ad
736 890 899 924 Rhenum
936 890 1162 925 1111“01·101’0111“ι
1201 891 1310 925 Το111ο
1346 891 1460 935 primo
1492 890 1660 924 Coloniae
1694 901 1725 923 a.
1757 890 1848 924 1764

80 943 194 985 edito,
238 943 323 988 quid
361 944 527 978 Canisius
569 955 599 977 a.
640 944 871 978 1565—1566
910 944 945 977 in
989 944 1116 978 itinere
1158 944 1219 978 illo
1257 944 1492 986 Noviomagi,
1532 943 1718 983 Coloniae,
1761 942 1847 976 alibi

81 997 205 1039 egerit,
240 998 375 1031 referat
403 997 635 1040 (115—116),
672 997 713 1030 de
749 997 828 1031 viso
854 996 915 1031 illo
942 997 1037 1038 silet,
1074 997 1143 1031 etsi
1169 997 1277 1031 facile
1304 998 1347 1031 de
1374 1009 1414 1031 eo
1441 1008 1658 1039 cognoscere
1684 998 1845 1040 poterat;

79 1061 163 1084 nam
198 1050 405 1091 Embricae,
449 1050 509 1084 ubi
545 1050 748 1084 Gherwenii
787 1050 878 1084 liber
915 1062 945 1085 a.
976 1051 1063 1085 1711
1102 1050 1273 1094 vulgatus
1313 1052 1386 1091 est,
1427 1049 1618 1093 collegium
1653 1049 1845 1084 Societatis

79 1105 167 1137 erat.
218 1104 295 1138 Hoc
321 1115 462 1148 quoque
487 1106 631 1137 notetur
657 1106 815 1148 oportet:
853 1104 1112 1138 Monasterium
1141 1104 1227 1138 illud
1263 1116 1295 1137 a.
1324 1104 1569 1144 1586-1611,
1595 1103 1774 1146 religiosis
1801 1103 1843 1136 ob

78 1156 257 1191 tumultus
285 1157 431 1191 bellicos
458 1157 656 1191 Calcariam
684 1157 884 1197 translatis,
919 1157 1101 1191 desertum
1138 1158 1208 1191 fuit
1245 1157 1338 1201 (Van
1377 1157 1549 1190 Gherwen
1584 1155 1606 1190 l.
1635 1167 1663 1190 c.
1692 1155 1842 1190 68—80.

80 1211 198 1244 Sotier
223 1210 245 1244 1.
265 1222 294 1246 0.
318 1211 492 1253 36—45):
526 1211 593 1244 etsi
620 1213 741 1244 autem
767 1210 801 1244 id
829 1211 878 1244 ita
904 1222 942 1244 se
968 1210 1087 1251 habet,
1114 1211 1243 1244 mirum
1270 1213 1390 1244 tamen
1416 1209 1526 1243 fuerit
1552 1212 1587 1243 et
1614 1209 1752 1243 creditu
1779 1209 1844 1242 dif-

78 1263 184 1305 ficile,
213 1264 329 1298 visum
356 1264 445 1298 illud
473 1264 606 1298 Canisii
632 1263 748 1297 medio
774 1263 835 1297 illo
862 1266 1023 1308 tempore
1049 1264 1142 1308 apud
1163 1264 1377 1306 Birgittinos
1404 1263 1439 1296 iu
1465 1265 1603 1296 tantam
1628 1261 1844 1296 oblivionem

79 1316 279 1359 devenisse,
315 1319 355 1351 ut
388 1318 424 1351 in
459 1328 581 1351 eorum
617 1317 826 1350 memoriam
861 1328 930 1350 non
968 1316 1199 1350 reduceretur
1234 1317 1303 1350 nisi
1339 1328 1402 1361 per
1437 1316 1615 1349 hominem
1643 1317 1844 1348 externum.

79 1369 236 1404 Facilius
262 1370 535 1411 coniectaveris,
572 1370 729 1414 aliquam
766 1382 811 1403 ex
845 1370 1031 1404 veteribus
1061 1369 1133 1404 illis
1159 1369 1320 1404 historiis
1346 1370 1382 1403 in
1408 1368 1590 1402 saeculum
1618 1368 1714 1402 XVI.
1742 1367 1846 1411 quasi

78 1423 291 1458 translatam
319 1427 355 1458 et
380 1425 598 1458 monasterio
624 1423 677 1457 illi
703 1423 1009 1457 accommodatam
1037 1435 1127 1458 esse.
1168 1423 1334 1468 Exempli
1353 1422 1471 1464 gratia
1489 1433 1597 1455 unam
1623 1433 1725 1466 pono,
1752 1432 1845 1465 quae

78 1477 250 1512 facillime
276 1478 327 1512 ita
353 1480 495 1523 poterat
520 1477 800 1511 transmutari¹z
828 1477 868 1510 In
892 1477 967 1510 vita
985 1477 1108 1511 Sancti
1126 1476 1370 1510 Mochoemoci
1396 1476 1474 1509 sive
1494 1475 1675 1509 Pulcher-ii
1703 1474 1845 1508 abbatis

78 1530 322 1565 liatmorensis
356 1531 422 1565 sub
449 1531 606 1564 medium
641 1530 825 1564 saeculum
852 1530 932 1564 VII.
957 1530 1102 1573 mortui,
1138 1541 1230 1573 quae
1257 1530 1300 1563 ab
1327 1529 1469 1562 homine
1497 1540 1618 1562 0010111
1644 1530 1845 1572 temporum

78 1584 154 1618 fere
181 1584 321 1628 aequali
348 1585 486 1629 scripta
517 1586 582 1625 est,
619 1583 707 1617 haec
743 1587 827 1618 sunt
856 1584 948 1628 (cap.
976 1584 1008 1624 2,
1044 1595 1077 1617 n.
1108 1583 1188 1627 13):
1229 1581 1410 1625 „Quadam
1438 1582 1492 1616 die
1521 1580 1554 1616 S.
1575 1581 1783 1624 Comgallus
1809 1583 1845 1614 et

78 1636 112 1671 S.
140 1637 354 1672 Pulcherius
379 1637 486 1672 simul
513 1640 668 1679 orantes,
705 1637 807 1671 Prior
842 1636 1050 1681 monasterij
1077 1636 1142 1675 sui,
1180 1636 1215 1670 in
1242 1648 1311 1680 quo
1338 1639 1424 1669 10110
1451 1638 1553 1669 erant
1578 1635 1641 1675 illi,
1674 1634 1774 1668 venit
1800 1634 1844 1668 ad

78 1702 149 1731 eos,
176 1691 316 1726 dicens:
351 1691 462 1724 Miror
487 1690 651 1731 multum,
687 1703 706 1724 o
734 1690 838 1724 amici
866 1690 942 1730 Dei,
976 1689 1162 1731 visionem,
1189 1701 1297 1733 quam
1324 1689 1390 1723 Dei
1417 1688 1646 1723 concessione
1673 1688 1742 1721 iam
1770 1687 1844 1720 vidi

77 1744 114 1777 in
140 1744 210 1786 via,
245 1755 316 1788 qua
341 1744 542 1785 veniebam,
579 1747 615 1778 et
650 1744 730 1777 inde
757 1743 884 1777 timore
911 1745 947 1776 et
972 1743 1118 1776 horrore
1145 1754 1224 1776 mea
1250 1754 1350 1776 mens
1376 1742 1555 1777 turbatur.
1604 1741 1723 1774 Vnum
1749 1741 1843 1774 enim

77 1797 284 1832 daemonem
312 1810 421 1843 super
451 1797 640 1832 castellum
667 1797 788 1840 Regis,
825 1796 927 1840 quasi
963 1797 999 1830 in
1035 1796 1107 1830 otio
1142 1796 1327 1830 sedentem
1364 1795 1457 1836 vidi;
1494 1795 1687 1828 multitudo
1723 1796 1843 1827 autem

77 1851 234 1885 maxima
261 1852 484 1892 daemonum,
511 1862 621 1895 supra
647 1850 836 1884 circuitum
864 1849 969 1884 huius
995 1849 1110 1883 nostri
1134 1848 1356 1894 monasterij,
1391 1849 1493 1892 quasi
1520 1851 1647 1892 parata
1673 1847 1716 1881 ad
1744 1859 1844 1892 proe—

75 1904 163 1939 lium
202 1907 346 1939 constat
383 1905 564 1939 atrociter.
617 1903 744 1938 Gratia
782 1904 851 1937 iam
888 1903 954 1936 Dei
991 1903 1042 1936 illi
1078 1903 1193 1937 Priori
1229 1902 1385 1936 ostendit
1421 1902 1513 1936 hanc
1548 1901 1743 1939 visionem:
1779 1900 1842 1934 sed

76 1959 216 2003 species
252 1958 328 1992 eius
364 1958 552 1991 immutata
587 1960 643 1991 est
677 1957 804 1991 timore
840 1960 876 1991 et
908 1956 1052 1990 horrore
1088 1957 1311 1990 daemonum.
1363 1956 1502 1989 Tacens
1537 1955 1653 1988 adhuc
1680 1953 1713 1987 S.
1734 1954 1843 1987 Pater

76 2011 294 2055 Comgallus,
321 2012 372 2046 ait
398 2011 432 2045 S.
452 2011 682 2051 Pulcherius;
711 2011 919 2054 Surgamus,
939 2010 1058 2051 Pater,
1087 2012 1122 2043 et
1149 2021 1299 2052 agamus
1320 2009 1393 2043 Deo
1413 2009 1569 2052 gratias3
1599 2008 1683 2052 quia
1710 2007 1841 2041 fratres

75 2065 263 2099 seruitium
283 2065 348 2099 Dei
374 2067 508 2106 tenent,
537 2067 572 2098 et
599 2064 633 2098 in
659 2076 725 2098 nos
750 2064 912 2107 iniquum
939 2063 1057 2106 surgit
1075 2063 1205 2102 odium,
1233 2063 1374 2106 quando
1394 2062 1555 2096 diabolus
1573 2060 1839 2094 multitudinem

75 2117 287 2152 daemonum
314 2118 357 2151 ad
384 2118 501 2151 locum
527 2119 690 2151 nostrum
710 2119 919 2160 congregat.
958 2116 1026 2150 Vbi
1047 2118 1165 2150 autem
1186 2116 1326 2149 diabolo
1345 2115 1550 2155 inseruitur,
1578 2125 1671 2148 vnus
1689 2113 1838 2146 daemon

76 2171 125 2205 ibi
153 2171 188 2205 in
216 2171 286 2205 otio
313 2172 468 2211 videtur,
504 2171 607 2214 quasi
633 2170 860 2215 praepositus
887 2172 1084 2214 expectans
1109 2169 1298 2203 seruitium
1324 2181 1438 2203 suum.
1490 2168 1579 2202 Illuc
1611 2168 1703 2201 enim
1730 2166 1843 2200 mittit.

75 2224 154 2258 Rex
181 2224 314 2258 milites
340 2236 424 2258 suos
451 2225 486 2257 in
513 2224 623 2257 armis
650 2223 840 2263 bellicosis,
871 2223 930 2257 vbi
958 2227 1082 2257 contra
1109 2234 1189 2256 eum
1216 2222 1359 2256 fortiter
1385 2225 1584 2266 pugnatur:
1622 2221 1681 2254 vbi
1716 2222 1835 2253 autem

74 2289 198 2322 pacem
225 2277 344 2317 habet,
371 2277 457 2311 illuc
483 2280 624 2311 tantum
650 2278 815 2310 nuntium
843 2276 964 2310 mittit.
1004 2276 1059 2310 Ita
1085 2276 1156 2309 iam
1183 2276 1259 2318 agit
1276 2275 1449 2309 Diabolus
1475 2278 1599 2308 contra
1625 2273 1836 2307 resistentes

74 2330 163 2365 sibi*
196 2331 302 2372 (Acta
331 2332 542 2364 Sanctorum
570 2330 691 2364 Martii
718 2330 760 2370 11,
788 2330 1009 2374 Antverpiae
1039 2330 1138 2370 1668,
1171 2329 1268 2372 2252).

194 2384 311 2418 Unum
339 2395 425 2417 sane
452 2396 496 2417 ex
523 2383 757 2417 relationibus
783 2382 930 2416 Arboris
957 2382 1140 2416 Marianae
1168 2384 1305 2415 certum
1333 2381 1509 2416 eflicitur:
1537 2379 1697 2414 Saeculis
1722 2378 1837 2412 XVII.

74 2440 110 2471 et
136 2437 266 2471 XVIII.
297 2438 424 2471 l'etrus
452 2437 617 2470 Canisius
644 2436 678 2469 in
704 2436 811 2470 terris
837 2435 910 2469 illis
936 2434 1136 2470 habebatur
1164 2435 1218 2468 vir
1245 2446 1398 2479 magnus
1425 2438 1461 2468 et
1486 2446 1505 2468 a
1533 2434 1606 2467 Deo
1633 2432 1838 2467 sublimiore

74 2502 193 2525 rerum
221 2490 423 2534 cognitione
451 2490 618 2523 imbutus

75 2611 171 2649 ’741
197 2613 276 2647 sive
304 2621 471 2656 germ.
492 2609 678 2655 1.(16).
753 2609 780 2645 A
808 2608 840 2645 d.
868 2609 923 2645 25.
943 2608 1154 2645 Novembris
1182 2608 1227 2645 ad
1254 2609 1286 2644 2.
1312 2608 1372 2644 vel
1399 2608 1431 2644 3.
1450 2606 1658 2647 Decembris
1685 2606 1778 2642 1565.

191 2690 246 2723 Ex
273 2689 480 2734 apographo
507 2688 665 2722 eiusdem
694 2688 767 2721 fere
794 2687 976 2731 temporis,
1005 2698 1117 2731 eoque
1144 2687 1178 2720 in
1207 2686 1358 2729 collegio
1379 2685 1412 2720 S.
1433 2686 1465 2720 J.
1486 2685 1680 2719 coloniensi
1701 2684 1836 2729 scripto

74 2745 110 2777 et
136 2743 188 2777 sic
213 2743 406 2787 inscripto:
448 2741 521 2783 „Ex
556 2741 671 2775 literis
708 2740 751 2774 D.
778 2741 911 2774 Decani
939 2740 1096 2774 Thomae
1132 2740 1254 2773 busaei
1292 2739 1411 2773 missis
1437 2740 1540 2773 Anno
1572 2738 1702 2772 domini
1733 2738 1834 2772 1565.

73 2797 123 2829 33²
148 2796 204 2830 die
231 2796 462 2830 decembris,⁴‘
518 2793 600 2828 Cod.
629 2794 740 2828 colon.
773 2794 829 2834 „In
847 2792 931 2834 Qu.“
963 2793 987 2827 f.
1007 2793 1081 2827 82¹³.
1132 2793 1350 2837 Apographo
1377 2803 1464 2826 usus
1491 2795 1547 2825 est
1572 2792 1717 2825 Hansen
1755 2791 1776 2824 1.
1805 2803 1833 2825 c.

74 2849 168 2884 518¹.
221 2850 318 2883 Idem
357 2848 501 2882 adhibui
540 2859 585 2881 ex
620 2858 731 2891 eoque
770 2847 891 2890 aliqua
928 2847 1134 2889 germanice
1172 2847 1271 2891 posui
1309 2846 1343 2879 in
1381 2844 1596 2889 „Stimmwff‘
1626 2847 1692 2879 etc.
1720 2843 1834 2878 LXXI

196 2967 205 2987 ¹
231 2966 323 3001 Huic
349 2966 444 3000 haud
471 2965 623 2999 multum
657 2964 821 2999 absimile
848 2967 904 2998 est
939 2963 1038 3005 illud,
1075 2963 1168 3008 quod
1195 2964 1239 2998 ab
1267 2964 1449 3007 Alphonso
1477 2964 1665 2997 Rodericz'o
1694 2963 1833 3005 (Rodri-

73 3019 178 3063 guez)
206 3019 241 3055 S.
261 3020 292 3054 J.
313 3032 358 3053 ex
381 3019 494 3061 „Vitis
513 3019 682 3052 I'atrum“
713 3019 869 3063 positum
896 3019 950 3052 est
977 3017 1011 3051 in
1038 3017 1128 3051 libro
1159 3017 1401 3059 „Exci-citium
1424 3016 1681 3051 Perfectionis“
1706 3015 1832 3059 (Exer-

73 3072 162 3107 cicio
196 3073 239 3107 de
266 3072 489 3115 Perfeoion);
527 3071 586 3115 qui
622 3071 722 3113 liber,
758 3071 912 3115 primum
947 3070 1130 3115 hispanice
1163 3082 1194 3104 a.
1217 3070 1306 3105 1609
1342 3070 1470 3111 editus,
1506 3070 1606 3104 brevi
1642 3070 1676 3103 in
1712 3069 1832 3103 varias

70 3125 215 3170 linguas
240 3137 368 3160 versus
395 3128 430 3159 et
456 3124 579 3159 multis
605 3124 693 3158 locis
720 3135 875 3158 excusus
906 3127 972 3164 est,
1009 3126 1048 3157 ut
1074 3123 1187 3158 Duaci
1214 3135 1244 3157 a.
1268 3123 1367 3165 1625,
1403 3123 1570 3167 Dilingae
1600 3123 1831 3158 1621—1626

74 3178 130 3222 (P.
156 3179 218 3220 III,
244 3180 348 3213 tract.
368 3179 400 3219 4,
428 3189 504 3223 cap.
526 3178 598 3221 11).
