2045 3471
207 221 290 263 674
557 219 652 253 Mon.
676 220 742 254 748
769 218 847 253 sive
873 230 984 262 germ.
1004 219 1026 253 l.
1048 218 1137 262 (23).
1182 218 1284 252 Initio
1311 229 1356 251 m.
1376 217 1449 252 Ian.
1470 229 1499 251 a.
1522 218 1622 252 1566.

324 337 380 371 Ita
406 335 546 380 quidem
574 337 869 371 Hamelmannus.
912 336 961 370 At
986 335 1017 370 is
1043 335 1148 369 valde
1176 334 1304 369 dubius
1331 336 1386 368 est
1411 334 1527 369 testis.
1568 334 1861 375 Hamelmannus,
1889 346 1968 369 cum

207 389 447 424 sacerdotium
474 389 703 434 suscepisset,
731 390 775 424 ad
800 389 1080 434 protestantium
1107 391 1227 423 castra
1252 387 1397 421 transiit
1423 390 1459 421 et
1476 387 1531 422 bis
1549 399 1697 421 uxorem
1717 388 1839 428 duxit;
1865 387 1969 422 homo

204 442 396 486 litigiosus,
424 441 526 476 cuius
553 442 714 476 calamus
739 454 784 476 ne
808 442 896 487 ipsis
915 442 1058 486 quidem
1077 441 1354 486 protestantium
1372 440 1548 475 ministris
1570 440 1625 484 (ut
1645 440 1790 474 Alberto
1809 440 1968 474 Harden-

206 495 326 539 bergio
353 497 389 529 et
415 494 670 540 Christophoro
689 495 857 539 Pezelio),
886 506 965 529 cum
992 495 1036 529 ab
1062 495 1139 539 ipso
1166 494 1436 534 dissentiebant,
1463 494 1634 539 parcebat
1661 494 1881 537 (Leuekfeld,
1907 492 1969 526 Hi-

203 548 315 582 storia
333 548 585 582 Hamelmanni
613 548 671 593 [cf.
690 560 801 593 supra
826 560 858 593 p.
879 547 977 592 672¹]
999 548 1214 591 122—123).
1256 548 1449 581 Praeterea
1468 549 1620 587 constat,
1649 558 1728 580 eum
1757 547 1790 580 in
1808 546 1968 580 historiis

203 601 401 636 scribendis
440 601 630 636 admodum
669 601 872 643 credulum,
910 612 1034 646 parum
1075 601 1237 635 criticum
1275 600 1408 634 fuisse:
1457 601 1493 634 C.
1522 602 1564 634 A.
1596 601 1781 634 Cornelius
1823 600 1865 634 de
1907 599 1968 633 illa

209 654 409 696 „Historiae
445 654 713 689 ecclesiasticae
749 655 791 688 de
826 657 950 688 renato
986 654 1204 697 Evangelio“
1243 656 1356 698 parte,
1391 665 1462 697 qua
1497 653 1540 687 de
1567 653 1815 698 Anabaptistis
1850 664 1967 687 mona-

203 707 439 741 steriensibus
474 707 612 751 agitur:
654 707 911 750 „Hamelmann
946 707 995 741 ist
1022 707 1077 741 ein
1103 707 1338 741 historischer
1363 706 1549 747 Sammler,
1584 706 1654 740 und
1691 706 1822 740 besitzt
1851 706 1969 740 weder

204 760 528 804 Forschungstrieb
560 761 652 795 noch
678 761 871 804 Fahigkeit
906 772 1045 803 genug,
1081 772 1141 794 um
1168 760 1458 804 Begebenheiten
1492 760 1562 793 und
1590 760 1767 793 Zustande
1792 759 1827 793 in
1854 759 1966 793 ihrem

204 813 515 857 Zusammenhang
550 814 792 848 aufzufassen.
843 814 891 847 Er
926 813 1079 848 arbeitet
1110 814 1261 856 flfichtig
1402 813 1505 847 Auch
1530 813 1621 846 fehlt
1647 825 1685 847 es
1712 812 1782 846 ihm
1811 824 1850 846 so
1876 823 1967 856 ganz

204 877 249 900 an
286 866 374 900 aller
411 867 549 900 Kritik“
592 866 673 910 (Die
700 866 1058 910 Geschichtsquellen
1094 867 1156 901 des
1182 866 1368 901 Bisthums
1394 866 1558 900 Munster
1589 867 1632 907 II,
1668 866 1832 900 Munster
1866 865 1967 907 1853,

203 920 356 963 xxxlv).
399 920 488 953 Item
512 921 640 953 Franz
663 921 709 954 X.
737 931 801 954 von
820 921 950 964 Weyele
976 920 1017 953 de
1044 922 1120 954 tota
1145 920 1207 954 illa
1235 919 1484 953 Hamelmanni
1516 919 1695 961 „Historia
1722 918 1967 953 ecclesiastica

203 973 319 1006 renati
345 973 533 1016 Evangelii
560 985 623 1017 per
647 973 922 1007 westfaliam“:
963 973 1046 1015 „Die
1073 973 1361 1007 Brauchbarkeit
1391 973 1461 1006 und
1490 972 1826 1016 Glaubwiirdigkeit
1851 972 1968 1006 dieser

203 1026 321 1059 sciner
346 1026 667 1069 Aufzeichnungen
703 1026 813 1060 leidet
847 1026 959 1060 ofters
995 1026 1106 1060 durch
1142 1027 1241 1060 seine
1278 1025 1579 1069 Kritiklosigkeit,
1615 1025 1861 1069 Fluchtigkeit
1894 1025 1966 1058 und

203 1078 315 1112 durch
341 1079 397 1112 die
422 1079 596 1113 triibende
624 1079 858 1122 Einwirkung
889 1079 1006 1113 seines
1042 1079 1307 1123 iiberspannten
1335 1079 1611 1112 Lutherthums“
1646 1078 1879 1122 (Geschichte
1905 1078 1967 1112 der

204 1131 400 1166 deutschen
439 1131 751 1177 Historiographie
793 1133 863 1166 seit
905 1133 983 1166 dem
1022 1132 1216 1166 Auftreten
1255 1133 1317 1165 des
1357 1132 1632 1172 Humanismus,
1675 1131 1852 1165 Miinchen
1895 1131 1965 1164 und

203 1183 349 1229 Leipzig
378 1185 478 1225 1885,
504 1186 603 1228 419).
655 1185 700 1219 Et
726 1186 907 1219 Hennaeus
934 1186 1086 1229 Detmer,
1118 1185 1178 1228 qui
1204 1196 1319 1219 novae
1347 1185 1512 1219 editionis
1539 1197 1684 1229 operum
1710 1184 1966 1218 hamelmanni-

203 1248 324 1271 corum
350 1238 503 1282 primum
530 1239 742 1273 fasciculum
770 1239 922 1281 curavit,
954 1238 1059 1283 paulo
1088 1239 1230 1282 quidem
1255 1238 1369 1282 pluris
1396 1249 1438 1271 ea
1463 1238 1581 1272 facere
1609 1238 1768 1278 videtum
1805 1240 1965 1271 attamen

203 1291 376 1332 concedit,
412 1291 595 1336 complura
629 1292 666 1325 in
702 1292 746 1326 iis
783 1295 901 1326 errata
931 1291 1119 1333 (,‚manche
1146 1291 1359 1334 Irrtiimer⁴⁴>
1387 1303 1603 1336 comparere,
1640 1303 1753 1335 neque
1781 1290 1966 1331 diffitetur,

203 1344 513 1385 Hamelmannum,
550 1356 631 1378 cum
666 1345 708 1378 de
743 1345 850 1379 rebus
881 1345 1065 1388 religionis
1093 1347 1270 1387 ageretur,
1306 1344 1469 1389 cupidius
1496 1356 1749 1388 nonnunquam
1775 1344 1964 1388 scripsisse

205 1397 343 1439 („nicht
368 1397 494 1431 immer
519 1397 587 1431 frei
613 1409 683 1431 von
706 1397 962 1432 Leidenschaft
988 1398 1237 1441 geblieben“);
1268 1399 1419 1432 Carolus
1438 1398 1571 1431 Hosius
1597 1401 1726 1438 autem,
1755 1398 1815 1441 qui
1840 1408 1963 1431 secun-

203 1450 286 1483 dum
322 1450 534 1484 fasciculum
570 1451 755 1493 vulgavit,
790 1451 1001 1484 historicum
1036 1451 1137 1485 illum
1171 1451 1307 1485 fontem
1344 1451 1432 1485 vitio
1466 1462 1535 1484 non
1571 1462 1701 1484 vacare
1730 1449 1867 1494 („nicht
1894 1450 1964 1483 ein-

204 1503 416 1546 wandfrei“)
446 1503 582 1537 fatetur
610 1503 1006 1547 (Ver'offentlichungen
1033 1505 1094 1538 der
1121 1504 1369 1538 Historischen
1398 1504 1636 1538 Kommission
1664 1504 1721 1538 fur
1748 1503 1963 1537 lVestfalen.

203 1556 385 1590 Hermann
423 1555 681 1590 Hamelmanns
720 1556 1011 1591 Geschichtliche
1048 1557 1192 1592 Werke.
1256 1557 1416 1591 Kritisch
1456 1569 1524 1591 neu
1560 1557 1856 1600 heransgegeben
1893 1567 1962 1590 von

202 1608 253 1642 Dr
272 1609 442 1643 Heinrich
462 1609 616 1643 Detmer.
651 1610 749 1643 Band
770 1611 796 1651 Ι,
823 1609 911 1644 Hest
932 1611 960 1651 l,
988 1610 1151 1644 Miinster
1169 1611 1191 1645 i.
1208 1611 1265 1645 W.
1288 1610 1388 1652 1902,
1419 1610 1508 1652 ⁷,Zur
1527 1610 1796 1653 Einfuln·11ng“;
1826 1609 1912 1643 Heft
1930 1609 1962 1650 2,

204 1662 368 1696 Miinster
393 1663 414 1696 i.
434 1662 492 1696 W.
515 1663 615 1703 1905,
642 1663 694 1706 v).

321 1715 478 1749 Maxime
512 1715 772 1750 Hamelmanno
811 1716 1043 1750 diffidendum
1071 1719 1145 1758 est,
1183 1729 1262 1751 cum
1298 1717 1328 1751 is
1365 1716 1406 1750 de
1442 1728 1587 1750 romano
1622 1716 1789 1761 pontifice
1824 1715 1883 1749 vel
1919 1715 1962 1749 de

202 1768 347 1802 Iesuitis
385 1769 520 1803 scribit.
570 1769 743 1814 Exemplo
782 1772 902 1814 potest
940 1781 1018 1804 esse
1053 1770 1148 1814 ipse,
1189 1782 1294 1814 quem
1329 1770 1450 1814 posui,
1488 1770 1606 1804 locus:
1646 1770 1709 1804 Pio
1744 1770 1804 1803 IV.
1839 1772 1961 1802 notam

202 1821 313 1855 inurit
338 1821 464 1855 mortis
495 1833 560 1864 „ex
585 1823 681 1867 turpi
708 1822 917 1856 concubitu*
949 1825 1173 1863 contractae;
1210 1823 1362 1866 insignis
1393 1834 1478 1856 sane
1506 1823 1694 1864 calumnia,
1730 1834 1836 1867 quam
1863 1833 1961 1866 repe-

201 1876 277 1907 tere
303 1886 396 1908 nunc
422 1886 524 1908 nemo
551 1876 656 1909 ausit.
703 1875 812 1909 Facta
839 1875 991 1919 denique
1018 1876 1193 1919 quaedam
1221 1887 1333 1920 eaque
1360 1877 1492 1920 optime
1519 1878 1653 1910 testata
1681 1894 1724 1900 -
1751 1874 1960 1918 singillatim

202 1937 222 1959 a
247 1938 303 1960 me
332 1927 436 1972 paulo
472 1928 565 1962 infra
595 1927 701 1971 (mon.
730 1929 813 1970 749)
843 1930 1070 1973 proferentur
1095 1949 1139 1953 —
1167 1929 1366 1974 prohibent,
1402 1941 1456 1971 ne,
1493 1941 1583 1973 quae
1610 1929 1892 1963 Hamelmannus
1919 1928 1961 1962 de

201 1980 268 2014 hoc
295 1980 427 2015 Canisii
455 1992 534 2014 curn
562 1982 650 2015 duce
677 1993 870 2025 congressu
898 1982 1034 2023 scribit,
1061 1983 1264 2017 credantur.

320 2034 473 2068 Dubium
502 2046 581 2069 esse
611 2046 678 2068 non
707 2038 834 2079 potest,
863 2036 947 2078 quin
973 2036 1137 2069 Canisius
1165 2036 1355 2070 Guilielmo
1382 2036 1462 2070 duci
1487 2035 1627 2069 litteras
1653 2035 1705 2068 Pii
1734 2035 1793 2069 IV.
1819 2035 1961 2068 tradere

201 2087 321 2121 iussus
346 2087 403 2127 sit,
440 2099 572 2131 easque
604 2087 676 2122 illis
702 2088 847 2130 similes,
884 2100 973 2131 quas
1000 2089 1163 2133 pontifex
1189 2090 1232 2123 ad
1260 2090 1446 2134 episcopos
1472 2089 1801 2129 monasteriensem,
1837 2088 1959 2132 pader-

201 2140 422 2181 bornensem,
446 2140 534 2174 alios
553 2141 650 2174 dedit
670 2140 793 2185 (supra
820 2153 852 2185 p.
875 2142 940 2176 149
969 2142 1034 2175 152
1062 2143 1284 2186 640—646);
1313 2143 1559 2176 authenticum
1578 2154 1718 2186 quoque
1738 2142 1960 2175 decretorum

200 2193 474 2227 tridentinorum
510 2194 713 2238 exemplum
749 2194 829 2227 duci
865 2194 1082 2228 destinatum
1119 2198 1183 2229 est.
1236 2194 1333 2236 Quod
1371 2198 1490 2229 autem
1517 2195 1800 2229 Hamelmannus
1826 2195 1960 2236 scribit,

201 2246 325 2280 ducem
352 2246 484 2280 litteris
510 2247 583 2281 illis
609 2247 829 2281 admonitum
857 2259 946 2288 esse,
973 2251 1013 2281 ut
1032 2260 1073 2282 ea
1092 2248 1236 2282 decreta
1259 2260 1341 2293 „per
1360 2248 1542 2282 Canisium
1562 2248 1764 2282 confirmari
1791 2250 1827 2281 et
1852 2248 1959 2282 stabi-

199 2299 257 2332 liri
276 2303 418 2333 curaret
442 2300 477 2333 in
504 2300 579 2334 suis
597 2300 790 2334 Ecclesiis:
816 2301 935 2344 Atque
961 2301 992 2335 si
1019 2301 1078 2345 qui
1106 2302 1324 2335 contrarium
1351 2302 1539 2341 sentirent,
1566 2303 1606 2335 ut
1632 2312 1692 2335 eos
1719 2313 1797 2335 cum
1818 2301 1960 2335 Canisio

200 2352 236 2384 in
262 2352 538 2396 disputationem
570 2353 853 2387 committeret‘:
890 2353 1065 2388 Neutrum
1100 2355 1188 2388 mihi
1223 2354 1439 2399 persuadere
1474 2365 1639 2398 possum;
1674 2365 1757 2387 narn
1792 2354 1835 2387 ad
1870 2354 1957 2388 illud

201 2404 427 2439 efficiendum
455 2406 591 2449 aliquot
616 2406 800 2440 mensibus
827 2418 914 2451 opus
941 2410 1036 2448 erat;
1073 2407 1256 2442 Canisium
1293 2419 1377 2441 vero
1413 2408 1457 2441 ad
1493 2419 1576 2441 suos
1602 2407 1717 2441 redire
1743 2410 1780 2441 et
1805 2407 1960 2441 comitiis

202 2458 339 2502 imperii
374 2459 548 2493 interesse
584 2459 787 2503 oportebat;
827 2460 1040 2505 disputando
1075 2463 1195 2494 autem
1231 2461 1325 2505 apud
1361 2460 1560 2494 haereticos
1596 2460 1684 2494 nihil
1719 2460 1813 2494 effici
1840 2472 1957 2494 rerum

203 2512 425 2554 experientia
451 2512 639 2556 multiplex
675 2515 711 2546 et
737 2513 874 2546 curiam
900 2525 1084 2547 romanam
1110 2517 1145 2547 et
1173 2514 1354 2547 Canisium
1381 2514 1569 2553 docuerat;
1598 2525 1813 2557 quamquam
1839 2513 1869 2547 si
1896 2525 1959 2558 pro

206 2564 484 2607 „disputatione“
513 2566 674 2610 posueris
705 2566 1006 2607 „institutionem“
1036 2567 1095 2600 vel
1125 2567 1452 2609 „instructionem“‚
1488 2567 1521 2600 id
1549 2579 1569 2601 a
1604 2567 1770 2611 pontifice
1804 2566 1872 2600 diei
1899 2578 1958 2611 po-

201 2617 313 2650 tuisse
340 2618 587 2652 concesserim.

320 2671 437 2713 Atque
463 2671 530 2704 liae
556 2671 698 2715 quidem
725 2671 867 2706 litterae
893 2675 1007 2706 morte
1034 2673 1088 2706 Pii
1112 2673 1172 2706 IV.
1193 2674 1267 2707 fere
1294 2673 1416 2706 irritae
1442 2672 1560 2706 factae
1588 2675 1706 2713 erant:
1734 2671 1812 2705 fieri
1838 2675 1957 2706 tamen

202 2724 350 2765 poterat,
385 2726 425 2756 ut
451 2735 471 2757 a
498 2724 650 2763 Canisio,
686 2725 716 2758 si
742 2736 812 2758 non
839 2725 928 2767 duci,
964 2725 1093 2759 saltem
1129 2726 1242 2770 ipsius
1267 2726 1495 2759 traderentur
1521 2725 1734 2759 cancellario
1760 2726 1863 2769 quasi
1888 2726 1957 2770 pri-

203 2776 314 2808 vatim
348 2776 530 2819 legendae.
582 2777 705 2820 Neque
741 2778 836 2811 credi
872 2781 1009 2822 potest,
1048 2778 1229 2812 Canisium
1265 2778 1428 2812 sollemni
1463 2778 1525 2812 illa
1559 2778 1602 2812 ad
1638 2778 1762 2811 ducem
1798 2778 1957 2812 oratione

202 2827 384 2870 petivisse,
411 2831 451 2862 ut
476 2830 674 2863 communio
700 2831 887 2874 utriusque
914 2831 1045 2875 speciei
1072 2843 1218 2876 prorsus
1245 2832 1457 2865 aboleretur.
1505 2831 1596 2864 Nam
1622 2831 1709 2864 Pius
1735 2830 1794 2864 IV.
1822 2830 1959 2875 aliquot

202 2880 381 2914 mensibus
416 2884 498 2915 ante
533 2882 810 2927 archiepiscopis
847 2884 1095 2928 episcopisque
1131 2885 1342 2924 coloniensi,
1378 2884 1594 2925 treverensi,
1629 2884 1839 2924 varmiensi‚
1875 2883 1955 2917 aliis

202 2933 415 2974 potestatem
442 2934 578 2968 fecerat
603 2936 695 2969 sacri
718 2936 842 2969 calicis
861 2937 967 2970 certis
986 2948 1065 2970 cum
1085 2937 1350 2971 condicionibus
1369 2936 1584 2971 concedendi
1602 2936 1652 2979 (v,
1676 2937 1761 2971 Can.
1780 2936 1830 2970 IV
1849 2936 1954 2979 575);

203 2983 346 3026 petierit
370 2985 480 3027 igitur
507 2986 670 3021 Canisius
697 2999 717 3021 a
745 2989 844 3029 duce,
879 2990 920 3022 ut
945 2990 1095 3030 videret,
1131 3002 1175 3023 ne
1210 2994 1360 3034 utraque
1395 2990 1535 3034 species
1561 2989 1666 3023 aliter
1690 2990 1957 3023 ministraretur

204 3046 309 3078 quam
335 3036 379 3070 iis
405 3038 669 3073 condicionibus
695 3041 861 3074 servatis.
912 3041 1038 3085 Itaque
1065 3042 1173 3076 etiam
1199 3042 1305 3076 valde
1331 3043 1505 3076 incertum
1533 3044 1598 3082 est,
1633 3053 1716 3074 num
1744 3040 1956 3075 Guilielmus

204 3087 246 3119 de
264 3089 414 3131 utraque
432 3091 560 3133 specie,
587 3092 629 3124 de
648 3092 800 3126 comitiis
818 3093 968 3137 imperii,
996 3095 1038 3127 de
1057 3095 1359 3138 disputationibus
1376 3095 1427 3128 ita
1445 3094 1679 3139 responderit,
1706 3096 1745 3127 ut
1763 3093 1955 3128 historicus

204 3139 263 3196 ille
290 3151 367 3174 eum
395 3143 618 3184 respondisse
645 3145 792 3185 asserit;
822 3146 1104 3180 Hamelmannus
1130 3159 1226 3188 sane,
1252 3150 1293 3181 ut
1310 3147 1387 3191 ipse
1405 3148 1524 3181 fassus
1542 3149 1598 3181 est
1618 3146 1668 3189 (v.
1687 3158 1795 3191 supra
1819 3159 1851 3191 p.
1868 3147 1950 3189 673)

203 3203 239 3224 m
275 3203 317 3226 ea
351 3195 552 3228 narratione
587 3195 620 3228 id
656 3197 861 3240 spectabat,
902 3200 959 3239 „ut
995 3201 1131 3233 certum
1165 3204 1261 3234 esset
1286 3200 1488 3245 Principem
1521 3211 1590 3233 non
1622 3199 1746 3233 favere
1772 3199 1953 3244 papatui“.
