2045 3471
292 199 386 232 Mon.
405 198 592 234 806—807
619 199 697 233 sive
722 199 761 234 it.
783 199 1004 244 (13)—(14).
1044 200 1142 234 Inter
1167 211 1213 234 m.
1232 199 1367 234 Maium
1396 203 1431 234 et
1449 201 1542 244 Aug.
1564 201 1665 236 1565.
1777 204 1860 245 735

101 313 212 351 806
239 316 317 350 sive
343 314 406 351 it.
426 314 550 360 (13).
624 316 728 352 Inter
753 326 798 352 m.
818 316 950 353 Maium
977 318 1014 353 et
1039 316 1247 363 Augustum
1273 315 1367 352 1565.

218 393 273 426 Ex
299 393 533 437 autographo,
590 393 697 438 „Epp.
719 394 760 428 It.
783 394 872 428 1565
899 394 932 428 I“
964 395 988 429 f.
1007 394 1088 429 486.

221 463 386 497 Canisins
403 464 552 496 Romam
572 469 694 506 petens
717 476 782 508 per
809 465 997 498 Perusiam
1023 466 1154 498 transit
1173 465 1242 506 (ἓ).
1290 465 1427 507 Cilicia,
1454 476 1544 508 quae
1570 467 1608 498 in
1630 466 1863 499 Germaniam

97 527 213 550 seeum
231 521 359 560 portet,
385 517 530 549 Pernsii
555 518 679 559 confici
706 518 807 550 iubet.

217 593 415 635 Fortasse
438 593 640 634 Ccmisius
672 595 859 636 Laureto
882 596 1059 636 Romam
1086 599 1231 650 petens
1258 609 1338 649 per
1359 595 1585 637 Perusiam
1618 596 1862 651 (Remota),

99 659 171 700 ubi
217 659 428 711 colleqium
473 659 692 700 Societate's
740 664 850 712 erat,
898 661 1071 702 transiit
1117 659 1192 713 (cf.
1238 661 1341 702 Can.
1382 661 1438 702 II
1471 662 1680 713 &6—87).
1747 662 1863 703 Certe

98 724 148 765 P.
185 723 357 764 Curtius
389 724 630 765 Amodaeas
669 724 890 776 (Amodei)
921 726 965 767 S.
990 725 1032 766 J.
1068 726 1245 767 Perasio
1285 727 1357 768 27.
1390 726 1495 767 Iulii
1528 728 1643 767 1565
1684 727 1860 768 Romam

99 789 157 830 ad
190 789 233 831 S.
257 788 537 830 Fraozciscam
571 790 622 830 de
654 789 816 843 Boryia
847 791 1041 844 scripsit:
1081 790 1114 832 Il
1148 790 1194 833 P.
1219 790 1389 832 canisio
1423 804 1490 831 me
1524 790 1638 832 disse
1671 791 1748 832 che
1782 805 1856 832 uo-

96 853 194 894 leua
226 866 312 894 non
344 866 391 894 so
425 853 575 905 quanti
609 853 745 907 cilitij,
779 867 848 895 me
871 868 976 896 sono
1005 854 1253 905 informato,
1288 857 1545 897 costeranno
1576 868 1696 897 mezo
1729 856 1861 897 scudo

97 918 124 958 Γ
143 931 241 967 11110,
286 920 330 959 et
361 931 408 958 se
441 917 471 959 li
504 918 631 959 uuole
663 918 897 971 bisognera
930 919 1006 961 che
1039 934 1117 961 sua
1150 919 1415 962 Reuerentia
1446 921 1473 961 l'
1493 920 1603 962 auisi
1634 920 1792 974 perche
1825 920 1862 962 ci

96 983 197 1024 uuol
231 982 297 1023 del
330 985 476 1036 tempo
508 997 586 1036 per
617 983 730 1025 farli.

215 1063 266 1098 De
294 1063 420 1098 ciliciis
446 1064 535 1098 haec
561 1064 597 1097 in
618 1064 761 1108 collegii
780 1065 955 1108 dilingani
982 1065 1115 1099 litteris
1133 1065 1326 1106 historicis,
1354 1065 1499 1109 Dilinga
1518 1066 1573 1100 22.
1593 1066 1750 1100 Ianuarii
1771 1067 1860 1101 1565

96 1128 117 1150 a
142 1117 169 1150 F
172 1130 198 1151 r.
218 1118 372 1151 Erasmo
389 1118 538 1151 Volet-er
555 1117 589 1151 S.
606 1118 638 1152 J.
659 1118 764 1158 datis,
791 1117 1027 1152 *nari-antur:
1060 1118 1249 1160 „Nonnulli
1276 1131 1322 1152 ex
1348 1119 1522 1153 fratribus
1543 1146 1571 1153 ..
1590 1146 1596 1153 .
1617 1131 1636 1152 a
1654 1119 1696 1155 R.
1715 1119 1755 1153 P.
1774 1119 1860 1154 Rec-

96 1171 197 1204 tore¹
231 1170 363 1204 ieiunia
398 1170 561 1214 aliasque
596 1171 756 1215 corporis
792 1183 855 1216 per
881 1171 1101 1216 disciplinas,
1138 1183 1228 1216 quas
1255 1175 1396 1213 vocant,
1433 1172 1648 1206 afflictiones
1675 1175 1861 1218 expetunt,

95 1226 137 1256 vt
163 1223 205 1257 de
232 1223 359 1268 cilicijs
393 1223 537 1257 interim
571 1226 722 1265 taceam,
759 1236 850 1268 quae
885 1224 1096 1269 suppliciter
1132 1226 1239 1258 etiam
1277 1225 1536 1260 desiderantur.
1588 1226 1741 1260 Accensi
1776 1229 1862 1260 sunt

94 1277 227 1321 partim
254 1276 455 1310 Reuerendi
490 1277 529 1311 P.
557 1277 821 1311 Prouincialis²
849 1277 926 1321 (qui
952 1289 1017 1311 nos
1043 1278 1166 1312 crebro
1192 1278 1375 1312 visitando
1410 1290 1479 1312 non
1516 1290 1630 1323 pauca
1665 1280 1861 1324 prudenter

95 1330 298 1373 constituit)
326 1329 397 1375 pijs
424 1330 745 1371 exhortationibus,
773 1331 905 1375 partim
932 1330 1133 1364 R-euerendi
1160 1331 1201 1365 P.
1220 1331 1384 1365 Rectoris
1412 1331 1617 1366 domesticis
1644 1334 1752 1376 atque
1777 1332 1860 1366 heb—

96 1383 344 1417 domadalibus
369 1383 692 1417 admonitionibus“
726 1385 787 1425 (ex
814 1383 1030 1428 archetypm
1062 1383 1123 1426 „G.
1154 1384 1216 1428 Ep.
1235 1384 1306 1417 V1“
1337 1385 1503 1428 f.113³).

96 1503 205 1540 807
233 1506 310 1540 sive
338 1504 399 1541 it.
420 1503 543 1549 (14).
618 1504 722 1541 Inter
748 1515 793 1540 m.
812 1505 943 1541 Maium
969 1506 1006 1541 et
1032 1505 1238 1551 Augustum
1269 1505 1362 1541 1565.

217 1584 269 1617 Ex
296 1583 541 1627 autographis.
597 1582 660 1624 „Gn
688 1582 750 1627 Ep.
772 1582 839 1616 VI“
870 1583 895 1616 f.
915 1583 981 1617 852¹
1010 1583 1109 1617 103³.

218 1660 394 1703 Canisius,
414 1660 495 1693 dam
515 1660 648 1692 Romae
664 1663 839 1702 versatur,
867 1661 1022 1692 iuvenem
1037 1659 1278 1703 Zntheramcm,
1304 1660 1508 1693 consiliarii
1525 1660 1861 1703 wurttemberyensc's

93 1713 220 1756 filiam,
248 1715 295 1746 ad
320 1714 422 1754 fidem
441 1713 647 1745 catholicam
668 1714 830 1746 instituit.
879 1714 948 1754 Qui
972 1713 1097 1746 deinde
1115 1713 1248 1746 Romae
1268 1724 1336 1756 per
1356 1714 1476 1746 Socios
1494 1714 1641 1756 plenius
1667 1715 1806 1747 instituo·
1832 1719 1861 1747 et

96 1767 133 1799 ἰη
159 1767 338 1799 ecclesiam
364 1766 572 1799 catholicam
598 1766 710 1808 recipi
736 1767 841 1808 capit.

213 1839 261 1880 P.
297 1839 548 1879 Guilielmus
579 1838 765 1879 Elcleren
806 1839 849 1880 S.
882 1838 940 1890 J„
983 1853 1094 1879 ‘zcizzcs
1135 1853 1184 1879 eas
1227 1839 1392 1880 Ccmisii
1432 1840 1555 1880 sociis
1597 1841 1859 1893 auqustanis,

93 1906 288 1958 Auyusta
317 1904 627 1945 Vindelicorum
662 1904 731 1944 25.
757 1903 1010 1957 Septembris
1042 1906 1156 1945 1565
1191 1905 1367 1946 Romam
1402 1905 1460 1945 ad
1492 1904 1540 1946 P.
1565 1904 1773 1946 Joannem
1809 1906 1859 1946 cle

93 1969 289 2021 Polanco,
323 1969 540 2010 Societatis
573 1969 858 2021 secretarimn,
893 1970 1084 2023 scripsit:
1116 1968 1370 2022 Reuertitur
1400 1968 1543 2010 isthuc
1577 1968 1858 2011 Sebastianus

95 2034 336 2076 Germanus
376 2032 670 2086 praesentium
711 2032 839 2082 lator,
884 2032 956 2085 qui
988 2046 1055 2074 me
1092 2033 1285 2087 impense
1317 2033 1504 2087 rogauit,
1547 2036 1595 2076 ut
1626 2033 1707 2088 ipsi
1741 2047 1858 2075 com-

94 2097 373 2140 mendatitias
405 2097 460 2138 ad
482 2097 528 2139 P.
553 2096 768 2138 Canisium
791 2096 936 2150 (quem
969 2097 1053 2139 iam
1087 2097 1130 2138 in
1163 2098 1317 2140 itinere
1350 2112 1446 2140 esse
1473 2101 1591 2140 certo
1625 2099 1857 2151 credimus)

94 2165 307 2205 daremus.
362 2162 466 2203 Cum
488 2161 636 2214 itaque
658 2162 907 2215 praedictus
938 2166 1065 2216 pater
1086 2162 1213 2213 absit,
1246 2163 1386 2205 uisum
1410 2163 1492 2205 fuit
1513 2164 1563 2205 R.
1588 2163 1634 2207 P.
1660 2163 1706 2205 T.
1731 2177 1857 2217 prae—

93 2228 255 2270 dictum
296 2227 611 2276 commendare,
655 2229 702 2269 ut
743 2227 909 2269 scilicet
949 2227 993 2269 in
1035 2228 1248 2270 catholica
1288 2229 1386 2279 fide,
1430 2229 1790 2281 quemadmodum
1831 2243 1857 2270 a

93 2294 144 2337 R.
172 2293 214 2335 P.
239 2291 409 2333 Canisio
432 2291 559 2334 isthic
582 2291 746 2334 factum
769 2295 848 2343 est,
883 2292 1052 2346 plenius
1072 2293 1330 2335 instituatur
1353 2307 1403 2335 ac
1425 2297 1622 2347 tempore
1644 2295 1855 2347 oportuno

92 2359 146 2400 ab
179 2357 348 2399 haeresi
380 2356 645 2399 absoluatur.
705 2356 916 2399 Parentes
949 2357 1119 2411 quidem
1153 2372 1315 2408 omnes,
1349 2362 1397 2401 ut
1429 2358 1570 2408 audio,
1604 2359 1856 2400 lutheranos

93 2424 237 2472 habet,
272 2425 316 2464 et
341 2435 366 2463 a
389 2421 587 2474 Consilijs
609 2422 717 2474 Ducj
742 2422 1159 2476 wirtenbergensiss.
1216 2424 1376 2465 Putant
1409 2423 1601 2464 nonnulli
1634 2437 1712 2477 per
1744 2424 1856 2465 hunc

92 2488 225 2529 filium
268 2487 385 2540 prius
414 2486 694 2537 Catholicum‚
733 2487 966 2529 iuuandum
1000 2490 1239 2541 parentem,
1275 2491 1319 2531 et
1350 2502 1427 2542 per
1459 2491 1684 2542 parentem
1716 2488 1857 2530 iuuari

92 2554 255 2594 Ducem
289 2552 520 2604 aliquando
553 2565 712 2605 posse.
738 2552 851 2604 quod
883 2552 996 2595 faxit
1028 2553 1223 2595 Christus
1248 2588 1256 2595 .
1281 2553 1478 2595 Mensam
1519 2553 1696 2595 habebit
1728 2557 1856 2596 extra

92 2617 328 2670 Collegium
342 2618 370 2666 4,
403 2616 612 2658 lectiones
644 2619 790 2658 tamen
823 2617 1000 2671 Collegij
1035 2631 1129 2658 cum
1164 2618 1328 2659 exteris
1369 2618 1650 2670 frequentare
1683 2620 1726 2660 et
1759 2633 1853 2660 cum

91 2682 252 2725 nostris
286 2685 329 2723 et
362 2681 484 2722 bonis
517 2681 712 2722 omnibus
746 2682 1006 2731 conuersari,
1051 2685 1094 2724 et
1127 2683 1179 2724 de
1212 2683 1300 2724 suis
1338 2683 1466 2724 rebus
1499 2682 1696 2724 conferre
1728 2684 1855 2725 ualde

93 2750 282 2802 cuperet.
347 2747 411 2788 De
452 2748 591 2788 eodem
636 2748 780 2788 iuvene
812 2747 860 2788 P.
892 2747 1174 2789 Theodore'cecs
1217 2749 1418 2789 Canise'us
1451 2750 1494 2790 S.
1517 2749 1560 2790 J.
1597 2749 1854 2790 Germaniae

91 2813 325 2867 superioris
377 2813 736 2865 viceprocincialis
788 2812 964 2866 Dilz'nqa
1011 2815 1082 2854 25).
1118 2813 1362 2854 Novembris
1412 2816 1524 2854 1565
1570 2814 1747 2855 Romam
1795 2816 1853 2856 arl

93 2879 135 2920 S.
159 2878 202 2919 F
201 2878 436 2918 ranciscum
459 2876 659 2930 Bormam
683 2879 965 2931 praepositum
988 2879 1223 2931 qeneralem
1248 2879 1427 2919 rettulit:
1453 2880 1615 2932 (joi-pus
1638 2879 1852 2933 quoddam

94 2943 368 2996 epistularum
391 2942 434 2983 S.
454 2941 613 2995 Igynatic'
636 2941 846 2995 Martyris
879 2943 915 2983 ei
949 2942 1155 2982 traditum
1179 2956 1265 2983 esse.
1289 2947 1341 2994 (υ.
1367 2957 1500 2997 supra
1518 2958 1562 2997 p.
1584 2946 1850 2997 les—125),

93 3011 136 3047 ¹ut
158 3007 335 3048 Romam
363 3007 654 3060 pei-ferretum·
686 3006 825 3047 Roma
856 3020 992 3059 nuper
1024 3009 1208 3048 venerat
1240 3009 1283 3048 et
1315 3007 1456 3048 isthuc
1488 3021 1534 3049 se
1566 3007 1708 3050 redire
1740 3009 1852 3050 velle

215 3135 224 3154 ¹
251 3133 289 3167 P.
317 3132 472 3166 Henrico
499 3132 681 3176 Dionysio.
827 3134 840 3153 ²
869 3133 904 3166 P.
933 3133 1031 3167 Petri
1060 3132 1203 3167 Canisii.

212 3188 224 3206 3
251 3186 517 3230 Christophoro.
664 3188 675 3205 ⁴
703 3186 966 3220 Germanicum.
