2077 3461
243 208 326 250 208
414 205 514 240 1296.
543 204 707 238 Canisius
733 204 916 239 Leonardo
943 204 1081 239 Kessel.
1127 203 1227 238 1297.
1256 203 1421 238 canisius
1448 203 1482 238 S.
1503 203 1694 238 Francisco
1721 203 1763 237 de
1790 203 1931 247 Borgia.

244 322 395 359 1296.
495 321 712 357 CANISIUS
739 320 800 361 P.
828 319 1200 357 LEONARDO
1229 319 1497 356 KESSEL
1526 319 1580 356 S.
1607 320 1678 363 J„
1705 321 1836 355 rectori
1863 320 2002 364 collegii

431 374 655 409 coloniensis.
1132 374 1299 417 Augusta
1325 373 1592 408 vindelicorum
1618 375 1674 408 21.
1702 374 1825 408 Martii
1855 374 1955 408 1566.

362 445 414 479 Ex
441 445 546 480 huius
572 445 774 479 litterarum
800 446 914 490 partis
933 444 1139 490 apographo
1166 444 1209 478 ab
1236 444 1312 488 ipso
1332 443 1495 478 Kesselio
1521 444 1656 488 scripto
1682 446 1718 478 et
1743 444 1796 479 sic
1815 444 2003 488 inscripto:

246 499 321 541 „21.
348 497 469 543 Martij
499 498 588 533 1566
616 497 780 533 Canisius
806 499 1007 541 Augusta“.
1052 497 1135 531 Cod.
1163 496 1274 530 colon.
1305 496 1363 538 ,L.
1383 496 1467 538 Qus
1498 497 1513 530 Ι
1540 497 1563 531 f.
1583 497 1653 531 90³.
1700 496 1752 531 Ex
1778 497 1852 531 eod.
1880 508 2002 542 apogr.

243 551 366 585 eadem
392 551 512 595 posuit
537 552 685 585 Hansen
711 551 734 585 l.
763 562 791 586 c,
819 551 914 585 5244.

360 647 417 651 —
448 648 505 652 ——
538 623 736 677 pontifex
778 636 892 665 max,
932 622 1120 664 animum
1165 621 1322 663 adiecit
1365 619 1460 675 [ad]
1496 621 1732 675 Collegium
1775 621 2003 663 Societatis

244 688 406 730 Romae
438 688 685 730 dotandum.
720 712 777 715 —
810 712 866 715 —

361 768 550 803 Societatis
577 767 766 812 collegium
793 779 978 801 romanum
1005 779 1036 801 a.
1066 767 1156 801 1563
1183 767 1258 800 fere
1285 767 1352 802 200
1373 766 1494 800 Socios
1519 766 1674 801 habebat
1703 766 1807 809 (Can.
1830 766 1877 799 [V
1896 765 2001 809 243);

243 822 336 866 quod
371 833 451 856 cum
486 821 598 855 firmis
632 820 805 854 reditibus
838 823 986 857 careret.
1024 831 1131 864 saepe
1165 819 1282 864 inopia
1317 819 1521 859 laborabat;
1558 820 1603 854 cf.
1631 819 1715 854 Can.
1742 819 1791 852 IV
1817 819 2004 854 258—259

244 875 312 909 289
339 875 407 910 308
426 875 493 909 313
511 874 580 908 413
600 876 666 908 etc.
706 873 757 907 De
785 873 927 917 collegii
953 873 1099 907 dotandi
1126 873 1273 907 consilio
1300 885 1320 906 a
1347 872 1381 907 S.
1408 872 1472 907 Pio
1493 873 1533 907 V.
1553 875 1657 917 capto
1676 872 1757 906 vide
1776 871 1864 917 Epp.
1884 872 2005 905 Nuda!

245 928 294 962 ΙΙΙ
323 929 366 963 10
395 929 448 962 13.

246 1037 395 1074 1297.
514 1037 729 1073 CANISIUS
757 1035 1022 1073 SANOTO
1052 1035 1436 1072 FRANGISOO
1465 1035 1556 1071 DE
1583 1034 1869 1078 BORGIA,
1905 1047 2004 1081 prae-

437 1092 553 1136 posito
579 1091 737 1135 generali
766 1091 955 1125 Societatis
982 1091 1074 1124 Iesu.
1160 1090 1326 1134 Augusta
1344 1090 1611 1124 Vindelicorum
1638 1090 1694 1123 23.
1713 1089 1834 1123 Martii
1856 1090 1955 1123 1566.

361 1161 414 1195 Ex
447 1161 602 1204 imagine
628 1160 913 1206 photographica
938 1160 1141 1194 litterarum
1175 1159 1480 1204 autographaruni
1508 1159 1581 1203 (2⁰3
1613 1160 1677 1203 1¹l2
1705 1158 1791 1204 pp.),
1828 1170 1918 1203 quae
1945 1170 2003 1192 ex-

246 1216 344 1248 stant
370 1214 406 1248 in
438 1215 496 1256 ,E.
517 1214 554 1248 C.
575 1214 625 1248 ΙΙ“
656 1226 689 1248 n.
719 1215 784 1248 166
814 1214 901 1257 (72).
946 1213 1163 1247 Litterarum
1190 1215 1312 1257 partes
1339 1225 1383 1247 ex
1409 1212 1633 1257 autographo
1657 1212 1895 1256 transcriptae
1922 1215 2005 1245 sunt

246 1267 281 1301 in
314 1268 401 1312 Epp.
429 1268 552 1301 Nadal
577 1268 628 1301 ΙΙΙ
663 1268 724 1301 324
760 1268 821 1301 55³
858 1267 951 1301 128³.
1002 1266 1149 1300 Litteris
1184 1278 1272 1300 usus
1308 1269 1362 1300 est
1397 1267 1603 1307 Sacc—lamus,
1637 1266 1723 1300 Can.
1749 1264 1935 1299 228—229
1972 1267 2006 1297 et

248 1320 304 1363 (ut
339 1320 497 1363 videtur)
536 1321 628 1354 Hist.
656 1320 689 1354 S.
716 1321 748 1355 J.
776 1320 845 1360 ΙΙΙ,
881 1320 903 1354 l.
931 1320 971 1360 2,
1006 1332 1038 1353 n.
1067 1319 1121 1353 23.
1173 1319 1375 1353 Earundem
1413 1321 1551 1363 partem
1590 1317 1793 1361 germanice
1830 1318 1932 1362 posui
1970 1316 2005 1350 in

247 1372 460 1418 „Stimmeffl
489 1376 554 1407 etc.
583 1373 697 1407 LXXI
724 1373 810 1413 326:
847 1372 1062 1417 particulam
1097 1372 1217 1417 posuit
1248 1373 1355 1406 etiam
1394 1371 1628 1415 (germanice)
1658 1372 1774 1414 Dnhr,
1807 1371 1880 1405 Jes.
1907 1371 1920 1403 I
1948 1370 2002 1404 88.

367 1445 586 1478 Colonienses
622 1445 798 1478 imlultum
836 1445 991 1487 (anplius
1026 1456 1046 1477 a
1075 1445 1139 1477 Pio
1166 1445 1202 1477 V.
1227 1448 1373 1486 petzcnt;
1408 1455 1486 1477 cum
1520 1443 1782 1485 archiepiscopo
1807 1443 1848 1475 de
1870 1443 2004 1485 profes·-

245 1499 341 1531 sione
366 1498 448 1539 fidei
473 1500 604 1540 agitur.
648 1499 768 1531 Socios
793 1510 835 1531 ea:
860 1499 1030 1540 legyatfone
1053 1498 1232 1540 pontificis
1253 1498 1483 1530 Germaniam
1507 1507 1705 1540 peram-are
1729 1496 1829 1529 valde
1847 1496 2004 1528 odiosum

246 1556 303 1585 est.
359 1551 525 1585 canisius
550 1553 597 1584 ad
624 1553 743 1584 omnia
767 1556 932 1594 paratus.
984 1551 1022 1584 P.
1051 1552 1316 1584 stez-ordimem.
1372 1551 1556 1584 Contiones
1582 1550 1750 1592 aedesque
1774 1552 2004 1591 azcyustanae.

250 1605 417 1638 Canisiecs
443 1605 662 1648 Herbz'polim
700 1607 817 1637 ‘venire
854 1606 911 1645 (nt
945 1606 1125 1647 episeopus
1160 1605 1282 1647 optat)
1319 1604 1379 1636 vix
1397 1608 1534 1646 potes&
1568 1604 1691 1636 desunt
1721 1604 1812 1635 enim
1839 1603 2004 1643 hommes,

246 1659 348 1690 etiam
375 1660 413 1690 in
441 1658 617 1691 barm-icis
643 1659 806 1701 collegsc'is.
862 1658 1073 1700 Optandum,
1111 1662 1149 1691 ut
1175 1658 1213 1690 P.
1242 1658 1412 1690 Ledesma
1439 1657 1607 1700 De'lt'nyae
1643 1657 1763 1689 doceat
1794 1660 1823 1688 et
1851 1657 1885 1688 ln
1918 1656 2005 1688 Ger-

246 1712 379 1754 mania,
406 1713 491 1754 qnid
517 1712 682 1744 haeretici
705 1713 870 1753 sentiant,
899 1712 1084 1754 intelleyat.
1127 1712 1280 1754 Leyatus
1307 1711 1493 1744 Sociorum
1519 1720 1627 1752 opera
1653 1720 1723 1742 non
1751 1711 1874 1742 utitur.
1917 1709 2005 1742 Car-

246 1764 380 1797 dinalss
402 1764 598 1797 Truchsess.
635 1765 673 1797 P.
693 1765 818 1797 Natali
845 1776 911 1797 non
938 1765 1089 1797 eundum
1112 1766 1146 1796 ἱη
1168 1764 1407 1805 Ηιιηῃανίαηι.
1451 1763 1614 1795 Caesaris
1640 1764 1781 1795 (mimus
1804 1762 2003 1795 Tim-carum

248 1818 448 1860 irruptione
474 1818 664 1861 affliffl'tnr.

530 1896 556 1946 †
590 1895 682 1936 Pax
715 1894 872 1937 Christi
905 1894 1126 1936 nobiscum
1159 1896 1352 1943 aeterna,

773 1960 1013 2001 Admodum
1048 1959 1301 2001 Reuerende
1335 1958 1478 2000 Pater.

367 2032 406 2070 2⁰
439 2030 585 2084 Martij
629 2030 754 2073 datas
788 2030 946 2084 accepi,
991 2033 1034 2072 et
1065 2030 1197 2071 miror
1237 2042 1356 2071 meas
1397 2031 1489 2070 tum
1529 2026 1656 2070 isthic
1696 2027 1889 2070 redditas
1920 2041 2005 2069 non

246 2094 392 2144 fuisse,
435 2109 542 2148 quas
573 2099 671 2149 post
712 2095 896 2137 reditum
931 2094 1095 2149 scripsi,
1140 2097 1184 2136 et
1215 2107 1363 2135 mense
1397 2106 1564 2146 quoque
1596 2091 1795 2134 Ianuario
1836 2091 1878 2133 in
1911 2092 2004 2146 ipsa

247 2159 513 2213 profectione
546 2160 653 2202 misi.

365 2224 644 2266 Colonienses
676 2225 798 2266 breui
830 2225 918 2266 suis
950 2224 1087 2266 literis
1120 2227 1254 2278 agent
1286 2237 1381 2264 cum
1415 2223 1539 2265 Pont.
1563 2222 1680 2264 Max.
1715 2224 1758 2263 et
1792 2222 2005 2274 urgebunt

246 2289 467 2342 negotium
491 2289 751 2343 diligentius,
786 2294 834 2332 ut
866 2290 962 2343 plus
993 2289 1263 2343 impetretur,
1298 2301 1427 2341 quam
1450 2287 1549 2329 Pius
1572 2286 1759 2336 Quartus
1781 2286 1853 2328 fel.
1877 2299 2002 2328 mem.

248 2354 547 2398 concedebatl.
611 2354 701 2404 Quo
735 2358 853 2396 certe
886 2355 1092 2396 beneficio
1126 2353 1243 2407 digni
1276 2366 1371 2395 esse
1409 2352 1642 2394 uidentur.
1668 2351 1748 2392 Hic
1789 2353 2004 2393 tractatur

248 2432 341 2460 cum
365 2419 701 2473 Archiepiscopo
725 2419 978 2469 Coloniensi,
1012 2422 1060 2461 ut
1082 2417 1277 2461 Pontifici
1303 2417 1493 2459 debitam
1525 2416 1679 2458 reddat
1701 2415 2001 2465 obedientiam,

247 2483 458 2536 simulque
492 2484 872 2526 Confirmationem
904 2487 1057 2538 postea
1089 2484 1294 2537 impetret
1308 2484 1337 2524 2.

364 2549 479 2602 Eget
520 2549 634 2590 seria
666 2548 1023 2598 consideratione,
1067 2562 1121 2590 an
1164 2547 1394 2590 conueniat
1435 2545 1609 2596 nostris,
1651 2547 1699 2587 ut
1739 2558 1764 2586 a
1797 2543 2002 2586 Pontifice

248 2613 372 2655 modo
405 2613 447 2654 in
471 2613 747 2656 Germaniam
780 2613 959 2664 extrusi,
994 2613 1107 2655 sicut
1139 2626 1164 2654 a
1196 2627 1264 2654 me
1296 2612 1461 2654 factum
1493 2614 1572 2661 est,
1605 2609 1765 2663 passim
1797 2608 2002 2651 obambu-

248 2678 339 2719 lent
363 2713 370 2720 .
395 2678 491 2720 Scio
514 2678 711 2720 Pontifici
733 2692 759 2720 a
780 2677 904 2719 nobis
936 2691 1104 2719 summa
1126 2676 1293 2719 deberi:
1327 2677 1402 2718 sed
1424 2675 1529 2717 nihil
1552 2675 1688 2724 uideo,
1722 2673 1835 2726 quod
1857 2673 2002 2716 Socie-

247 2744 382 2783 tatem
424 2746 617 2784 nostram
660 2756 828 2784 omnem
870 2743 983 2796 apud
1017 2742 1254 2784 Germanos
1295 2741 1477 2782 infamet
1518 2753 1567 2781 ac
1609 2738 1809 2780 obscuret
1849 2738 2000 2791 magis,

369 2870 377 2888 ¹
409 2870 609 2910 „Indultum
643 2872 772 2905 tertiae
807 2870 964 2914 gratiae“
1001 2869 1069 2904 sibi
1104 2870 1148 2903 ad
1180 2869 1234 2910 12,
1269 2880 1338 2902 non
1373 2868 1417 2901 ad
1453 2868 1473 2901 3
1499 2868 1638 2900 tantum
1673 2876 1784 2899 annos
1819 2865 2001 2909 prorogari

249 2920 455 2964 cupiebant3
483 2923 564 2956 vide
590 2935 699 2968 supra
723 2935 757 2968 p.
778 2924 856 2957 172.
884 2923 946 2956 Pio
964 2922 1007 2956 V.
1026 2923 1249 2967 scripserunt
1278 2922 1331 2954 14.
1350 2919 1485 2965 Aprilis
1505 2919 1594 2953 1566
1616 2918 1779 2961 (Ha-nsen
1796 2918 1818 2952 l.
1839 2930 1867 2951 c.
1888 2918 2000 2961 5234).

368 2974 380 2993 ‘²
407 2974 689 3010 Commendonus
723 2977 867 3019 legatus
910 2979 946 3010 et
979 2977 1056 3020 ipse
1091 2978 1127 3009 et
1160 2987 1224 3020 per
1258 2975 1507 3018 imperatorem
1534 2972 1789 3016 episcoposque
1814 2971 2001 3014 Augustae

249 3029 436 3060 versantes
462 3028 495 3060 id
522 3029 663 3062 efficere
689 3029 865 3070 studebat,
892 3031 932 3063 ut
957 3029 1159 3063 Fridericus
1186 3040 1206 3062 a
1231 3027 1331 3060 Veda
1361 3026 1431 3069 (15.
1458 3024 1580 3058 Martii
1602 3025 1802 3067 Augustam
1829 3025 2002 3058 advectus

251 3076 415 3120 [P0917a7n'
442 3079 622 3123 Epistolae
649 3081 698 3114 IV
724 3082 824 3126 293])
856 3082 1133 3126 „professionem
1159 3080 1260 3114 fidei*
1292 3091 1312 3113 a
1339 3077 1496 3113 Concilio
1521 3077 1713 3111 tridentino
1743 3076 2000 3121 (Sess.XX1V‚

250 3142 278 3164 c.
299 3131 316 3164 1
345 3131 387 3164 de
413 3132 493 3174 ref.)
522 3132 576 3173 iis,
603 3134 663 3176 qui
691 3134 847 3178 episcopi
874 3136 995 3168 essent
1021 3133 1135 3174 electi,
1162 3132 1431 3178 praescriptam,
1459 3142 1503 3163 ex
1530 3129 1683 3164 formula
1710 3141 1729 3163 a
1748 3130 1810 3163 Pio
1829 3130 1889 3164 IV.
1909 3141 1999 3164 com-

250 3185 365 3227 posita
392 3184 527 3218 faceret
556 3186 723 3228 (Poye'ani
750 3186 930 3230 Epistolae
949 3186 998 3220 IV
1025 3186 1223 3221 288-—295.
1262 3185 1482 3227 Reiffenbery
1507 3183 1529 3216 l.
1549 3195 1577 3217 c.
1598 3183 1622 3223 Ι,
1649 3183 1760 3217 Mant.
1780 3195 1811 3227 p.
1832 3182 1998 3226 30—32).
