2045 3471
224 209 309 250 490
393 205 495 240 1453.
523 205 688 239 Canisius
714 204 869 240 Antonio
886 204 1015 240 Vinck.
1068 205 1170 240 1454.
1198 205 1363 240 Canisius
1389 205 1424 239 S.
1443 204 1634 240 Francisco
1661 205 1702 239 de
1721 204 1864 249 Borgia.

223 336 301 359 cum
326 325 365 358 in
384 324 523 367 pannis
548 325 709 367 victuque
734 324 989 357 distribuendis
1013 326 1172 358 tenacior
1188 325 1244 366 sit,
1271 325 1400 357 multas
1420 324 1604 366 eoeperitur
1620 324 1868 366 difficultates;
1892 324 1983 357 idem

223 379 271 411 acl
297 379 498 411 litterarum
523 378 643 410 studia
669 377 818 420 aspirat.
872 378 990 418 Quare
1023 378 1242 411 revocandus
1275 388 1345 410 esse
1378 378 1515 410 videtur
1540 378 1580 410 in
1605 388 1682 410 eum
1706 378 1835 410 Italiae
1858 377 1984 421 locum,

224 442 292 475 quo
318 432 392 464 eius
417 432 560 463 animus
584 430 683 464 haud
717 431 768 463 ita
794 430 985 473 affliyatur
1010 435 1051 473 et,
1087 431 1172 474 quid
1196 431 1338 464 tandem
1362 430 1452 473 velit,
1479 435 1720 472 cognoscatur.

341 504 395 539 De
420 504 568 539 Aretino
595 504 677 539 vide
703 516 811 550 supra
837 516 871 550 p.
897 506 979 540 470.

224 659 374 697 1453.
473 661 690 696 OANISIUS
725 660 786 696 P.
814 659 1119 697 ANTONIO
1148 660 1384 704 VINCK,
1420 660 1628 706 provinciae
1662 659 1843 694 rhenanae
1870 660 1985 695 Socie—

413 715 501 749 tatis
527 715 609 749 Iesu
635 715 853 760 praeposito.
1210 714 1357 758 Dilinga
1382 715 1477 749 inter
1504 715 1559 749 11.
1586 716 1622 749 et
1651 714 1704 749 13.
1722 714 1815 748 Iunii
1835 714 1936 749 1567.

343 791 398 825 Ex
423 791 570 825 Vinckii
596 790 831 836 autographo.
885 790 948 834 „G.
976 791 1041 836 Ep.
1061 791 1165 825 VIII“
1197 791 1222 826 f.
1249 791 1346 825 254⁵.

344 868 468 911 Instat,
495 873 533 901 ut
558 868 671 901 Vinck-
696 870 752 901 24.
779 869 882 901 Iunii
907 868 1095 911 Hei-bipoli
1119 869 1212 901 adsit
1223 880 1235 909 ‚·
1268 879 1304 901 se
1330 878 1465 911 quoque
1489 867 1715 910 adfuturum,
1747 870 1786 900 ut
1811 877 1888 899 cum
1915 868 1986 910 epi·

224 931 327 964 scopo
352 932 395 954 ex
416 923 615 964 praepositi
637 923 817 964 qeneralis
838 923 1062 964 praescripto
1088 922 1130 954 de
1156 921 1298 965 colleye'o
1324 921 1375 954 ibi
1399 921 1614 954 instituendo
1640 924 1732 964 aqat.
1769 921 1855 954 Inde
1879 931 1914 953 se
1939 921 1987 953 ad

225 975 420 1017 episcopum
447 978 766 1017 aryentoratensem
786 975 1034 1018 profecturum
1061 985 1140 1008 esse.

344 1044 383 1078 P.
423 1046 604 1078 Antonius
642 1045 754 1078 I’inclc
788 1046 999 1088 provinciae
1040 1045 1223 1078 rhenanae
1265 1044 1448 1078 Societatis
1488 1044 1570 1077 Iesu
1604 1045 1833 1087 praepositus
1875 1043 1986 1086 Spira

228 1099 281 1131 17.
308 1097 411 1131 Iunii
438 1100 530 1131 1567
564 1099 713 1132 Romam
751 1099 798 1131 ad
837 1099 873 1132 S.
901 1098 1139 1131 Franciscmn
1177 1098 1349 1140 Boi-qiam
1381 1098 1627 1140 praepositum
1658 1097 1856 1139 yeneralem
1889 1096 1985 1139 haec,

219 1155 368 1193 praeter
393 1151 479 1194 alia,
505 1152 664 1185 rettulit:
690 1151 747 1196 „Il
773 1152 812 1185 P.
832 1152 968 1185 canisio
994 1151 1098 1184 molto
1124 1152 1176 1184 mi
1198 1151 1353 1184 sollecz'ta
1381 1150 1440 1183 che
1465 1151 1514 1183 mi
1538 1151 1636 1183 troni
1661 1151 1709 1182 ad
1733 1149 1907 1192 herbipoli
1931 1150 1987 1182 nel

225 1204 264 1236 di
288 1204 328 1236 oli
351 1208 454 1237 santo
481 1206 623 1238 Joanne
648 1204 836 1247 Baptista¹
871 1205 927 1238 nel
953 1206 1057 1248 quale
1088 1215 1199 1247 pensa
1225 1205 1265 1237 di
1289 1205 1450 1237 trouarsi
1475 1203 1522 1247 la,
1552 1214 1622 1246 per
1646 1207 1779 1236 trattar
1804 1213 1882 1236 cum
1909 1203 1988 1246 quel

225 1257 557 1291 Reuerendissimo²
590 1259 741 1292 secundo
768 1258 827 1291 che
852 1259 890 1292 V.
919 1259 957 1292 Ρ.
984 1259 1011 1291 li
1036 1258 1084 1290 ha
1109 1259 1242 1300 scritto,
1278 1258 1375 1290 circa
1401 1257 1480 1300 quel
1506 1257 1659 1299 colleqio,
1687 1260 1715 1289 et
1740 1257 1786 1297 io,
1824 1255 1987 1289 hahendo

227 1311 318 1353 quell
343 1311 485 1354 colleqio
510 1312 544 1344 d’
557 1322 649 1345 esser
673 1312 712 1344 di
729 1316 849 1355 questa
870 1312 1061 1354 prouintia
1087 1312 1137 1344 mi
1157 1321 1299 1354 pareua
1325 1321 1397 1344 non
1413 1310 1601 1343 solamente
1617 1309 1696 1342 vtile
1713 1320 1771 1342 ma
1790 1310 1986 1342 necessario

225 1365 405 1397 trouarnzi
429 1365 467 1403 li,
499 1376 566 1408 per
591 1364 705 1398 hauer
730 1365 859 1398 alhora
879 1367 948 1408 piu
974 1365 1050 1398 lace
1075 1368 1105 1397 et
1130 1364 1387 1406 informatione
1423 1364 1461 1396 in
1487 1374 1531 1396 vn
1558 1363 1606 1406 cli,
1636 1363 1704 1406 piu
1732 1362 1792 1395 che
1817 1363 1923 1406 dopoi
1947 1364 1986 1395 in

225 1417 323 1450 molti
342 1428 411 1459 per
436 1418 552 1451 lettere
576 1419 609 1451 si
627 1423 812 1461 poti-anno
838 1419 926 1451 dare
951 1422 980 1450 et
1003 1429 1070 1461 per
1094 1422 1192 1450 tanto
1217 1418 1268 1450 νηί
1293 1416 1309 1449 ὲ
1336 1418 1530 1450 necessario
1557 1416 1595 1449 di
1619 1421 1748 1450 tornen-
1774 1416 1812 1449 cli
1835 1416 1938 1458 spira
1963 1426 1985 1448 a

225 1471 408 1513 moquntia
433 1472 553 1514 siper
579 1471 639 1504 che
664 1472 726 1515 qui
752 1482 823 1504 non
848 1472 892 1505 ho
919 1482 1111 1514 compaqno
1137 1471 1170 1504 lo
1197 1470 1299 1514 quale
1319 1472 1445 1513 patria
1471 1470 1592 1502 anclar
1617 1480 1708 1502 meco
1739 1470 1787 1502 aa
1811 1469 1988 1512 herbipole

225 1524 258 1556 si
284 1524 444 1557 anchora
468 1536 533 1567 per
559 1524 617 1557 che
642 1525 670 1557 il
695 1525 1002 1558 Reuerendissinzo
1027 1524 1259 1566 mofflmttno³
1285 1534 1355 1556 ‘non
1381 1524 1480 1556 ruole
1506 1523 1564 1556 che
1589 1523 1627 1555 dt
1652 1533 1721 1565 qua
1747 1523 1781 1555 io
1807 1522 1899 1555 vada
1917 1533 1987 1565 per

227 1581 346 1620 questa
371 1578 441 1620 via,
467 1589 525 1610 ma
550 1578 648 1611 vuole
674 1578 733 1611 che
757 1589 866 1620 venya
893 1589 914 1610 a
942 1578 1128 1620 Moyuntia
1155 1578 1269 1610 donae
1293 1579 1343 1609 mi
1367 1577 1465 1609 vuole
1490 1577 1560 1609 dar
1585 1576 1668 1609 delli
1692 1576 1773 1609 suoi
1797 1586 1987 1619 compaqno

227 1634 259 1662 et
281 1630 405 1672 quida,
438 1641 505 1673 per
540 1631 574 1663 la
608 1632 760 1664 seem-tta
796 1631 851 1663 del
876 1633 1027 1675 camino,
1062 1631 1094 1664 si
1127 1635 1220 1664 sente
1254 1630 1314 1663 che
1340 1630 1454 1673 quella
1475 1639 1616 1673 ponera
1647 1633 1746 1671 ⁸‹Jente
1782 1629 1816 1661 la
1843 1629 1946 1672 quale
1970 1627 1990 1661 ὁ

226 1683 344 1725 fuyita
380 1684 419 1716 cli
444 1684 611 1717 Fianclra
647 1684 665 1716 ὸ
700 1685 853 1717 catziata
867 1685 890 1727 ⁴,
929 1686 963 1717 in
1002 1689 1118 1727 queste
1152 1684 1264 1716 bande
1298 1683 1457 1716 anchora
1484 1683 1625 1716 essendo
1644 1682 1829 1725 prohibito
1864 1681 1923 1714 che
1955 1683 1990 1714 si

227 1737 396 1769 riseuano
422 1737 510 1769 nelle
535 1738 648 1770 citacle
673 1748 790 1770 vanno
818 1749 887 1780 per
920 1737 951 1769 le
976 1738 1028 1769 rie
1053 1741 1083 1769 et
1110 1737 1207 1769 imese
1237 1736 1434 1769 cerchando
1469 1736 1507 1768 di
1538 1736 1603 1777 far
1628 1734 1774 1778 qualche
1796 1735 1987 1777 quadayno

230 1792 259 1822 et
293 1790 456 1821 massime
493 1790 558 1822 alli
592 1790 742 1833 catolici,
780 1795 811 1822 et
846 1791 987 1833 quando
1022 1790 1226 1823 trouassino
1263 1800 1328 1822 vno
1367 1789 1408 1821 de
1444 1789 1507 1821 noi
1543 1788 1640 1830 altri,
1674 1791 1907 1830 putarent
1945 1797 1988 1820 se

227 1843 425 1875 maximum
451 1842 542 1876 Deo
572 1847 830 1886 praestare
864 1843 1030 1886 obsequ
1043 1843 1159 1875 iunz⁶
1192 1843 1224 1874 si
1255 1843 1447 1876 occiderent
1482 1846 1545 1874 aut
1570 1841 1662 1873 male
1686 1844 1907 1874 tractarent.
1924 1851 1989 1883 per

227 1899 326 1928 tanto
346 1906 458 1937 penso
484 1896 523 1928 di
547 1907 649 1929 mane
668 1897 845 1939 partit-mi
869 1896 942 1928 alla
968 1896 1060 1928 volta
1087 1896 1125 1928 oli
1150 1897 1336 1928 wormatia
1363 1900 1393 1928 et
1419 1896 1458 1928 (li
1482 1895 1517 1927 la
1544 1905 1567 1927 a
1591 1894 1773 1936 moquntia
1800 1898 1829 1926 et
1848 1894 1914 1936 poi
1939 1894 1988 1926 ad

226 1947 410 1992 herbipoli,
437 1949 487 1982 Di
512 1949 547 1981 la
561 1950 627 1991 poi
644 1949 767 1982 credoa
799 1950 900 1990 forze
925 1953 1074 1982 tornaro
1100 1959 1122 1980 a
1140 1949 1242 1991 spira
1264 1960 1331 1991 per
1356 1948 1414 1981 che
1431 1951 1547 1980 seriae
1571 1948 1599 1980 il
1625 1947 1741 1980 Paclre
1757 1946 1903 1980 Canisio
1928 1946 1989 1979 che

230 2002 269 2034 di
292 2002 328 2034 la
353 2002 457 2034 vuola
484 2003 681 2035 andarsine
706 2002 743 2035 al
768 2002 1074 2035 Reuerendissimo
1100 2001 1370 2044 aryentinensess
1397 2002 1422 2034 il
1449 2001 1507 2034 che
1532 2000 1548 2033 ἓ)
1574 2001 1678 2044 quasi
1703 2010 1794 2033 come
1815 2010 1925 2043 penso
1950 1999 1987 2033 la

227 2055 337 2088 dritta
364 2053 523 2088 strada.“

346 2124 506 2159 Litterae
532 2124 696 2168 Borgiae,
723 2124 853 2169 quibus
880 2124 1058 2165 Canisius‚
1084 2124 1260 2168 quomodo
1296 2124 1338 2158 de
1365 2123 1516 2167 collegio
1542 2122 1782 2168 herbipolensi
1808 2133 1890 2156 cum
1916 2121 1987 2166 epi·

227 2188 335 2222 scopo
374 2190 481 2222 agere
509 2178 665 2220 deberet,
700 2177 958 2212 instituebatur
986 2177 1084 2221 (vide
1110 2189 1219 2222 supra
1244 2189 1278 2222 p.
1304 2177 1404 2220 466),
1440 2177 1473 2210 d.
1501 2177 1555 2211 11.
1582 2176 1673 2210 Iunii
1700 2174 1891 2218 Dilingam,
1926 2174 1987 2208 ubi

228 2230 393 2266 Canisius
427 2234 514 2266 tunc
548 2232 766 2272 morabatur,
803 2231 963 2276 perlatae
998 2233 1101 2271 sunt;
1137 2231 1220 2265 vide
1255 2231 1348 2264 infra
1382 2241 1417 2275 p.
1442 2229 1523 2265 492.
1574 2228 1691 2270 Quare
1718 2227 1902 2263 Canisium
1927 2227 1987 2262 vel

227 2283 349 2318 eodem
375 2285 432 2319 die
457 2285 517 2319 vel
542 2297 612 2319 uno
639 2296 684 2318 ex
708 2284 882 2330 proximis
909 2284 1034 2319 diebus
1052 2283 1206 2318 Vinckio
1233 2283 1423 2329 scripsisse
1450 2282 1667 2317 censendum
1695 2284 1761 2316 est.

228 2434 378 2471 1454.
477 2434 693 2470 CANISIUS
730 2432 994 2470 SANGTO
1022 2431 1409 2469 FRANGISGO
1447 2431 1538 2467 DE
1565 2429 1851 2473 BoRGlA‚
1887 2442 1987 2476 prae-

417 2489 534 2534 posito
560 2487 719 2532 generali
745 2487 936 2522 Societatis
962 2487 1054 2521 Iesu.
1107 2486 1348 2531 (Epistula
1373 2485 1532 2531 prior.)

1478 2537 1623 2581 Dilinga
1652 2537 1705 2570 12.
1724 2536 1816 2570 Iunii
1837 2537 1938 2572 1567.

346 2610 403 2645 Ex
437 2611 592 2655 imagine
627 2610 910 2656 photographica
944 2610 1147 2644 litterarum
1182 2607 1487 2654 autographarum
1517 2607 1589 2651 (2⁰;
1621 2607 1661 2651 ¹l2
1687 2618 1740 2651 p.;
1768 2606 1805 2640 in
1830 2619 1863 2651 p.
1889 2607 1911 2640 2
1937 2607 1987 2640 in-

230 2664 387 2709 scriptio,
415 2664 485 2698 alia
511 2675 619 2698 manu
645 2664 789 2709 scripta,
817 2666 853 2697 et
877 2667 1000 2708 partes
1025 2662 1131 2707 sig.);
1159 2674 1251 2707 quae
1278 2664 1425 2696 exstant
1450 2661 1486 2694 in
1508 2660 1567 2703 „E.
1587 2659 1624 2694 C.
1644 2660 1696 2693 11²
1725 2671 1759 2694 n.
1781 2660 1846 2694 196
1873 2660 1986 2703 (263).

348 2741 551 2774 Matthaeus
577 2741 755 2775 Michom's
789 2744 851 2773 aut
876 2741 1026 2774 Romam
1053 2744 1210 2773 evocetur
1235 2743 1298 2772 aut
1333 2749 1376 2771 ex
1412 2738 1582 2771 Societate
1615 2737 1818 2769 dimittatur
1844 2739 1986 2779 oportet.

230 2795 363 2827 Doctor
380 2794 590 2837 Eisenyrein
616 2795 755 2827 iuvenes
780 2795 818 2826 in
845 2794 1026 2835 colleyium
1049 2793 1292 2835 =qernzanicmn
1310 2792 1444 2824 mittere
1461 2791 1542 2824 vult.
1578 2790 1736 2823 Litterae
1759 2789 1987 2831 fundationis

231 2847 446 2889 clile'nyanae.
498 2848 674 2888 Profectio
698 2846 951 2889 herbipolensis
976 2851 1006 2879 et
1032 2845 1342 2889 arqentoratensis.

348 2939 375 2970 a)
395 2940 534 2970 Sequitur
551 2939 687 2970 tornaro,
706 2947 723 2964 α
743 2940 772 2964 V.
793 2939 997 2963 oblitteratum.

356 3072 364 3090 ¹
390 3070 455 3104 Die
482 3072 538 3107 24.
565 3072 668 3106 Iunii.
817 3073 829 3093 ²
854 3071 1035 3106 Friderico
1062 3082 1083 3105 a
1100 3070 1301 3113 Wirsberg.
1447 3069 1460 3089 3
1487 3067 1614 3102 Daniel
1639 3067 1804 3102 Brendel.

354 3124 363 3141 ⁴
392 3122 621 3158 Calvinianos
647 3124 733 3158 dicit
758 3124 836 3158 sive
867 3124 1073 3167 „Geusios⁴‘‚
1100 3123 1143 3157 ob
1167 3123 1385 3157 sedicionem
1411 3121 1587 3164 belgicam
1615 3120 1796 3165 expulsos.

355 3176 366 3194 ⁵
394 3175 430 3208 10
457 3177 511 3216 16,
538 3177 569 3210 2.
716 3178 728 3197 ⁶
755 3177 944 3211 Erasmum
971 3188 992 3210 a
1017 3176 1199 3219 Limburg.
