2077 3461
224 185 306 225 152
425 181 526 217 1270.
554 182 638 217 Can.
665 181 859 216 Remberto
886 194 906 216 a
932 182 1226 217 Kerssenbroich.
1264 183 1502 216 Furstenavia
1531 183 1584 217 17.
1611 182 1694 217 Dec.
1725 183 1824 217 1565.

493 301 521 351 †
553 301 647 342 Pax
678 301 836 343 Christi
868 301 1009 344 JESV
1041 301 1262 343 nobiscum
1296 303 1487 344 aeterna.

341 371 716 413 Reverendissime
748 372 791 413 in
824 372 993 414 Christo
1026 375 1152 426 pater
1184 386 1234 414 ac
1265 371 1459 415 Domine.

341 436 408 478 Ita
440 435 578 477 uisum
612 438 679 478 est
711 438 755 478 et
786 436 1022 490 prudenter
1053 450 1158 478 sane
1190 440 1308 490 pont.
1342 450 1457 479 maX.
1491 435 1584 477 PIO
1608 435 1771 485 Quarto
1795 437 1836 478 S.
1856 437 1907 479 D.
1926 436 1982 479 N.

223 515 392 543 sacram
434 503 478 543 et
511 501 829 543 oecumenicam
872 501 1084 554 synodum
1117 501 1414 543 Tridentinam
1454 515 1657 554 magnum
1691 501 1861 542 adferre
1894 515 1983 542 mo-

223 571 416 608 mentum
463 565 518 607 ad
561 566 802 608 Ecclesiam
846 565 1111 608 Catholicam
1155 566 1235 608 hoc
1278 566 1451 608 saeculo
1494 566 1538 607 in
1584 566 1667 607 fide
1711 565 1986 618 moribusque

224 630 489 672 sanandama
530 633 661 683 atque
701 630 1037 673 reformandam.
1102 630 1228 684 Cupit
1268 631 1369 672 ille1
1409 630 1566 684 igitur,
1614 644 1664 671 ac
1704 643 1782 684 pro
1824 644 1900 671 0110
1941 630 1985 671 111

226 695 501 737 Germaniam
542 695 694 736 fauore
726 709 777 737 ac
810 695 952 737 studio
985 695 1153 737 sincero
1187 695 1465 737 uehementer
1497 696 1634 748 optat,
1676 698 1725 736 ut
1761 694 1869 736 haec
1900 694 1987 736 iam

226 760 355 809 dicta,
397 773 476 801 nec
514 774 701 812 unquam
735 759 842 801 satis
873 760 1092 802 laudanda
1124 760 1323 813 Synodus
1355 759 1466 802 sicut
1499 773 1524 800 a
1556 759 1703 800 multis
1736 759 1832 812 alijs
1864 773 1988 801 reue-

226 827 373 867 renter
405 826 583 878 accepta
616 827 697 874 est,
730 824 792 866 sic
816 838 842 866 a
865 824 1132 866 Germanicis
1155 824 1286 867 etiam
1308 824 1515 878 Ecclesijs
1537 824 1731 877 legitime
1754 823 1991 878 recipiatur

227 892 359 942 atque
400 889 715 942 comprobetur.
779 889 989 939 Quocirca
1030 904 1126 931 011111
1167 890 1222 931 ad
1263 889 1372 931 alios
1404 888 1803 931 Reuerendissimos
1835 888 1990 930 Archi-

228 954 451 1008 episcopos
474 957 518 996 et
540 953 777 1008 Episcopos
801 954 1059 996 Germaniae
1084 956 1272 1004 nostrae,
1306 957 1398 996 tum
1421 954 1475 995 ad
1498 953 1837 1007 Amplitudinem
1869 956 1990 996 tuam

227 1019 340 1061 idem
373 1032 565 1060 summus
597 1019 795 1072 pontifex
826 1019 976 1061 literas
1006 1019 1154 1069 mittit,
1189 1019 1377 1072 dictique
1399 1018 1573 1072 Concilij
1608 1032 1783 1060 causam
1815 1032 1892 1072 pro
1925 1017 1992 1059 sui

229 1083 417 1126 muneris
457 1083 625 1125 ratione
665 1083 734 1138 pie
775 1086 820 1126 et
860 1087 1063 1126 accurate
1105 1084 1391 1127 commendat.
1453 1083 1716 1136 Adiungitur
1757 1082 1821 1124 his
1854 1082 1992 1125 literis

231 1162 400 1202 quoque
431 1148 550 1197 liber,
586 1162 638 1190 ne
672 1149 784 1191 desit
816 1149 1039 1203 exemplar
1061 1148 1235 1203 Concilij
1269 1149 1353 1190 fide
1376 1148 1552 1202 dignum
1585 1151 1629 1190 et
1651 1147 1990 1197 311111011110111112,

232 1214 299 1256 cui
331 1213 612 1256 Notariorum
653 1227 806 1256 manus
847 1214 1209 1268 subscripserunt.
1273 1213 1379 1255 Mihi
1419 1227 1522 1255 vero
1565 1213 1872 1255 demandatum
1912 1212 1993 1254 hoc

231 1293 386 1321 munus
418 1278 512 1328 fuit,
557 1292 752 1320 curarem
794 1281 842 1321 ut
879 1279 1027 1320 sedulo
1070 1279 1176 1321 haec
1217 1278 1401 1332 perferri
1434 1278 1488 1320 ad
1521 1278 1826 1320 Celsitudinem
1859 1280 1994 1327 tuam,

232 1358 286 1386 ne
328 1344 462 1392 forte,
507 1343 864 1397 quemadmodum
908 1347 1010 1386 ante
1050 1344 1136 1385 iam
1178 1344 1358 1391 accidit,
1401 1343 1482 1384 hae
1520 1343 1674 1385 literae
1714 1342 1994 1396 Apostolicae

232 1409 388 1451 iterum
429 1408 804 1463 interciperentur.
869 1409 988 1458 Quod
1031 1412 1250 1462 superest,
1294 1423 1319 1450 a
1360 1409 1452 1450 Deo
1492 1408 1591 1462 Opt.
1626 1408 1742 1449 Max,
1785 1407 1997 1461 precabor

235 1474 348 1517 adsit
390 1477 437 1516 ut
469 1473 679 1528 propitius
720 1478 821 1516 tuae
854 1474 1031 1528 pietatis
1070 1473 1296 1516 conatibus
1333 1473 1376 1514 in
1417 1473 1498 1514 hoc
1530 1487 1653 1514 sacro
1687 1472 1865 1514 concilio
1903 1475 1994 1514 tum

235 1538 505 1593 publicando,
548 1544 638 1581 tum
681 1539 934 1591 exequendo
976 1539 1031 1580 ad
1072 1552 1341 1581 communem
1374 1537 1742 1579 paderburnensis
1775 1536 1998 1579 Ecclesiae

235 1604 484 1646 utilitatem.
538 1604 608 1646 Me
639 1603 825 1653 interim,
860 1604 929 1657 qui
956 1603 1182 1658 Augustae
1214 1603 1331 1645 soleo
1365 1603 1706 1645 contionatorem
1730 1601 1997 1644 Catholicum

237 1669 453 1719 exhibere,
493 1669 696 1721 dignitati
728 1668 868 1719 tuaeb‚
912 1671 1064 1723 utpote
1096 1668 1315 1711 Catholico
1357 1681 1459 1709 uere
1491 1667 1704 1718 Α111101111,
1748 1670 2001 1709 reuerenter

239 1734 490 1775 commendo
512 1734 555 1776 in
579 1734 747 1776 Christo
770 1734 875 1776 Jesu
898 1734 1083 1776 Domino
1116 1737 1278 1776 nostro.
1332 1733 1374 1774 Is
1406 1733 1697 1774 uenerabilem
1731 1734 1999 1774 senectutem

238 1801 358 1841 tuam
393 1799 446 1840 ad
480 1799 702 1841 Ecclesiae
735 1799 1003 1841 commodum
1037 1799 1107 1840 diu
1140 1800 1342 1851 uegetam
1376 1800 1542 1839 seruet!

360 1864 428 1905 Ex
461 1864 745 1905 Furstenhaw
784 1866 849 1906 17.
884 1864 1086 1907 Decemb.
1124 1865 1249 1906 1565.

902 1929 1062 1971 Seruus
1094 1928 1135 1970 in
1169 1928 1337 1970 Christo

1207 1993 1363 2034 Petrus
1396 1992 1590 2034 Canisius
1623 1991 1882 2045 Theologus.

361 2069 736 2112 Reuerendissimo
778 2070 821 2111 in
854 2070 1023 2113 Christo
1057 2070 1177 2112 Patri
1210 2084 1261 2112 30
1293 2069 1475 2111 Domino
1508 2069 1560 2112 D.
1594 2068 1807 2123 Episcopo
1842 2067 2004 2109 Pader-

242 2134 443 2177 bornensi
491 2134 662 2188 Imperij
709 2134 892 2189 principi
937 2138 1018 2178 010.
1094 2135 1276 2177 Domino
1323 2138 1592 2188 patronoque
1639 2132 1860 2186 singulari.
1936 2132 2004 2173 Ad

245 2220 398 2249 manus
430 2205 640 2259 proprias,

366 2292 530 2327 Canisius
564 2292 630 2326 has
664 2292 806 2326 litteras
840 2292 937 2326 dedit
972 2304 1017 2326 ex
1042 2292 1171 2337 oppido
1198 2292 1408 2331 Fstrstenau,
1442 2291 1533 2335 quod
1568 2302 1662 2324 nunc
1688 2289 1830 2334 quidem
1857 2289 1901 2322 ad
1927 2300 2004 2333 pro-

246 2345 400 2379 vinciam
426 2345 718 2379 hannoveranam
736 2346 837 2389 regni
856 2345 1030 2379 borussici
1048 2345 1214 2390 pertinet,
1242 2348 1327 2379 tunc
1345 2346 1463 2378 autem
1483 2343 1660 2388 episcopis
1678 2341 2006 2384 osnaburgensibus

249 2398 493 2442 (Osnabri'ick)
521 2399 630 2432 etiam
657 2399 691 2432 in
726 2398 833 2432 rebus
869 2398 1036 2432 civilibus
1071 2398 1270 2432 subiectum
1299 2400 1395 2437 erat;
1432 2397 1588 2442 episcopi
1615 2407 1715 2429 suam
1750 2395 1798 2429 ibi
1825 2394 2005 2428 habebant

247 2463 376 2491 arcem,
413 2452 447 2485 in
483 2463 554 2496 qua
579 2451 674 2486 haud
700 2451 750 2485 ita
776 2463 856 2485 raro
890 2451 1103 2485 habitabant
1130 2450 1192 2493 (H.
1212 2451 1314 2484 ns'ilh.
1334 2452 1381 2484 H.
1401 2451 1555 2494 Mithoff,
1591 2447 1899 2483 Kunstdenkmale
1933 2447 2005 2481 und

249 2504 468 2538 Altertiimer
502 2504 549 2538 im
585 2504 889 2538 Hannoverschen
916 2504 959 2545 V,
993 2504 1187 2537 Hannover
1215 2503 1314 2543 1878,
1350 2502 1519 2546 47—51).
1570 2503 1645 2536 Hoc
1680 2505 1850 2544 tempore,
1886 2502 1926 2533 ut
1961 2511 2005 2533 ex

249 2557 420 2601 proximis
455 2557 620 2602 epistulis
654 2557 895 2601 intellegetur,
932 2556 1097 2591 Canisius
1133 2557 1167 2589 in
1204 2568 1245 2589 ea
1280 2568 1362 2590 arce
1397 2555 1527 2599 hospes
1563 2558 1640 2588 erat
1665 2553 1806 2587 Ioannis
1833 2553 1877 2586 ab
1904 2552 2008 2597 Hoya

251 2610 407 2654 episcopi
433 2610 731 2653 osnaburgensis3
760 2610 862 2644 cuius
888 2609 1034 2644 consilio
1062 2620 1141 2643 cum
1169 2608 1345 2653 episcopis
1371 2607 1642 2642 monasteriensi
1670 2609 1705 2640 et
1731 2605 2008 2650 paderbornensi

250 2675 312 2707 per
338 2662 480 2697 litteras
505 2665 656 2704 tantum,
682 2675 751 2696 non
778 2674 896 2697 coram
924 2674 1030 2706 agere
1056 2664 1254 2701 statuerat;
1281 2674 1314 2695 v.
1334 2661 1428 2695 infra
1454 2673 1486 2694 n.
1517 2660 1617 2694 1274.

369 2715 475 2759 Lapsi
504 2718 587 2749 sunt
613 2715 725 2758 igitur
751 2715 790 2750 P.
817 2717 998 2749 Hem-icus
1027 2715 1205 2748 Tau-elfino*
1231 2714 1265 2748 S.
1291 2714 1323 2748 J.
1353 2713 1545 2756 [*Annales
1571 2711 1782 2746 Provinciae
1809 2710 1923 2744 Rheni
1958 2711 2007 2743 in-

252 2768 392 2801 ferioris
419 2767 452 2802 S.
480 2769 513 2802 J.
540 2768 590 2802 VI
617 2769 703 2808 38&
739 2768 822 2801 vide
857 2768 951 2802 infra
986 2779 1078 2802 mon.
1106 2778 1217 2811 germ.
1245 2767 1267 2801 l.
1296 2766 1389 2810 (22)]
1427 2769 1462 2800 01
1488 2766 1645 2800 Strunck
1673 2764 1710 2806 (1.
1739 2776 1767 2797 c.
1795 2763 1890 2806 374),
1927 2774 2007 2797 cum

256 2820 435 2854 Canisium
454 2832 533 2854 cum
552 2820 743 2855 Remberto
771 2821 936 2865 episcopo
958 2820 1206 2854 Paderbornae
1224 2830 1344 2853 coram
1371 2818 1489 2862 egisse
1515 2818 1729 2851 assererent.
1769 2816 2009 2859 Corrigendus

255 2875 309 2906 est
335 2873 442 2906 etiam
469 2875 720 2917 Kampschulte
749 2874 785 2916 (1.
813 2885 841 2907 0.
870 2873 954 2916 250)
983 2874 1025 2907 de
1053 2872 1194 2907 Canisio
1220 2872 1399 2906 scribens:
1431 2871 1513 2913 „Bei
1540 2870 1618 2904 dem
1645 2868 1812 2902 Bischofe
1840 2868 2010 2902 Reinbert

254 2936 324 2958 von
348 2925 552 2959 Paderborn
578 2927 662 2960 fand
690 2939 727 2960 er
754 2927 830 2960 eine
856 2926 939 2960 sehr
965 2929 1050 2969 gnte
1077 2925 1299 2959 Aufnahme“
1330 2927 1396 2958 etc.

375 3000 402 3031 a)
424 3000 605 3026 servandam
626 3004 659 3027 B.
734 3001 763 3031 b)
784 3002 836 3026 tua
857 3004 890 3026 A.

379 3108 389 3126 ¹
415 3107 518 3140 Pium
544 3107 603 3141 IV.
632 3108 662 3141 9.
693 3106 900 3141 Decembris
939 3107 1027 3140 1565
1064 3107 1140 3140 vita
1175 3106 1338 3139 functum
1366 3115 1444 3138 esse
1472 3102 1636 3137 Canisius
1667 3102 1821 3136 nondum
1848 3104 2011 3135 noverat.

377 3159 390 3179 2
417 3159 470 3193 Cf.
497 3170 603 3204 supra
630 3171 663 3203 p.
685 3160 777 3193 150¹.
