2077 3461
46 356 48 358 .
88 327 176 362 1566

89 484 177 521 1566

90 648 179 684 1566

92 754 180 789 1566

93 913 181 948 1566

94 972 181 1006 1566

85 1209 195 1250 1566

99 1484 187 1519 1566

100 1596 189 1632 1566

102 1868 192 1903 1566

103 1980 193 2014 1566

105 2091 194 2127 1566
236 2091 238 2119 Γ

108 2308 196 2343 1566

109 2421 197 2455 1566

99 2500 208 2541 1566

112 2709 200 2744 1566

111 2820 200 2855 1566

114 2978 202 3014 1566

115 3136 203 3171 1566

324 325 430 358 Mart.
450 324 506 358 25.
522 344 525 348 ·

325 484 431 517 Mart.
450 483 505 517 27.

326 649 432 683 Mart.
451 648 508 682 27.

328 755 433 789 Mart.
453 754 509 789 28.

328 914 433 948 Mart.
454 913 509 947 29.

329 974 435 1008 Mart.
455 972 511 1007 29.

304 1206 432 1249 Mart.
467 1206 536 1248 30.

335 1483 442 1517 Mart.
461 1481 516 1516 31.

286 1596 390 1631 Mart.
419 1597 454 1630 et
480 1596 564 1640 Apr.

358 1868 443 1911 Apr.
467 1867 496 1901 1.

360 1979 445 2023 Apr.
465 1977 497 2012 3.

361 2091 446 2136 Apr.
465 2091 497 2124 4.

364 2304 448 2348 Apr.
468 2305 500 2338 5.

312 2415 397 2461 Apr.
417 2416 556 2450 6.—14.

348 2494 452 2549 Apr.
489 2496 527 2537 7.

369 2706 453 2751 Apr.
472 2706 504 2740 8.

357 2820 442 2864 Apr.
465 2819 518 2852 11.

358 2980 443 3022 Apr.
465 2977 519 3012 12.

358 3137 444 3181 Apr.
465 3136 519 3170 14.

602 206 691 241 1566
717 206 822 240 Mart.
843 205 872 239 3.
896 225 937 229 —
959 205 1049 240 1566
1076 205 1160 250 Apr.
1182 205 1235 239 14.
1717 205 1796 234 LIII

607 324 609 373 ξ
628 324 663 358 F.
684 325 739 365 ΙΙ.,
765 323 821 358 die
841 323 1132 358 Annuntiatiouis
1158 324 1197 357 B.
1217 323 1265 358 M.
1286 323 1339 364 V.y
1367 323 1401 356 in
1428 323 1582 357 ecclesia
1600 320 1797 357 cathedrali

607 374 609 404 1
686 377 854 418 ostendit,
881 388 944 411 cur
970 376 1137 410 catholici
1156 376 1307 409 Mariam
1331 376 1436 409 valde
1463 375 1648 415 honorent,
1676 376 1711 408 et
1737 385 1798 408 cur

687 430 943 475 paenitentiam
969 429 1111 474 plurimi
1138 429 1333 472 neglegant
1360 429 1444 472 (565
1471 429 1569 472 595).

627 484 697 518 ΡΡ.
717 482 866 524 Natalis,
894 483 943 524 C.‚
970 483 1154 523 Ledesma,
1181 493 1202 516 a
1226 482 1488 516 Commendono
1515 481 1635 524 legato
1663 479 1799 515 moniti,

693 536 1008 582 „propositionem“
1039 547 1255 575 caesaream,
1286 547 1430 580 „pacem
1456 534 1659 578 1·eligionis“
1690 544 1799 575 augu-

687 593 839 631 stanam,
865 589 1038 634 scriptum
1057 588 1335 634 protestantium
1350 588 1497 622 Romam
1518 588 1666 621 mittunt
1686 586 1799 629 (210).

610 649 666 689 F.
695 648 754 682 IV.
783 649 819 683 C.
856 648 891 681 in
927 648 1060 693 templo
1097 647 1130 682 S.
1158 647 1300 681 Ioannis
1333 658 1490 688 „errores
1525 646 1568 680 de
1600 645 1709 679 verho
1736 644 1799 678 Dei

610 709 611 713 ’
690 702 913 735 communes*K
945 703 1108 734 recenset
1134 703 1170 734 et
1194 698 1328 734 refellit
1356 699 1469 742 (566).

630 754 668 789 F.
696 754 737 788 V.
775 755 809 787 in
845 754 998 788 ecclesia
1030 753 1064 788 S.
1092 753 1308 788 Catharinae
1342 752 1485 786 feminis
1517 751 1695 786 nobilibus
1722 762 1801 784 cum

680 808 917 852 imperatrice
936 807 1166 841 versantibus
1185 818 1230 840 ex
1254 805 1441 848 evangelio
1468 805 1535 839 diei
1554 805 1718 838 timorem
1738 803 1802 836 Dei

691 863 727 894 et
752 860 1009 905 paenitentiam
1036 860 1262 894 commendat
1290 860 1373 903 (559
1401 859 1497 901 566).

632 914 670 948 F.
688 913 749 948 Vl.
769 914 993 947 contionatur
1014 914 1069 957 (ut
1088 913 1244 957 videtur)
1264 914 1300 947 in
1326 912 1459 957 templo
1478 912 1511 946 S.
1528 910 1670 945 Ioannis
1691 910 1803 953 (566).

612 972 787 1010 {Senatus
813 973 911 1007 urbis
938 972 1151 1007 coloniensis
1170 972 1352 1006 Canisium
1377 973 1490 1015 rogat,
1518 970 1707 1005 Societatis
1734 981 1803 1003 mo-

692 1027 916 1060 deratoribus
951 1026 1107 1060 romanis
1142 1026 1375 1065 commendet,
1412 1027 1450 1058 ut
1491 1023 1643 1066 „Indulti
1676 1022 1804 1057 tertiae

693 1079 851 1123 gratiae‘
880 1079 924 1113 ad
958 1080 1001 1113 12
1036 1090 1148 1114 annos
1183 1078 1470 1123 prorogationem
1505 1077 1597 1122 apud
1632 1076 1735 1110 Pium
1761 1075 1804 1108 V.

693 1135 848 1176 urgeant
875 1133 988 1177 (219).

638 1205 717 1248 ΡΡ.
752 1204 926 1247 Natalis
961 1207 1005 1246 et
1037 1204 1079 1246 C.
1114 1203 1155 1246 S.
1190 1202 1467 1245 Franciscum
1500 1200 1704 1254 Borgiam
1737 1213 1806 1242 ro-

695 1273 815 1324 gant,
859 1269 1051 1324 pontifici
1092 1269 1375 1311 vehementer
1406 1267 1602 1316 suadeat,
1649 1268 1696 1307 ut
1728 1265 1808 1306 im-

695 1338 942 1390 peratorem
973 1335 1017 1375 in
1049 1334 1161 1376 bello
1194 1333 1356 1376 turcico
1381 1332 1610 1385 diligenter
1633 1330 1810 1372 adiuvet

697 1400 833 1453 (218).

618 1525 619 1532 ¹
639 1482 740 1516 Dom.
759 1481 860 1515 Pass.
881 1480 917 1515 C.
937 1481 973 1514 in
990 1478 1124 1523 templo
1142 1477 1339 1512 cathedrali
1366 1478 1408 1512 de
1431 1477 1596 1522 passione
1616 1475 1749 1510 Christi
1776 1478 1811 1509 et

700 1536 742 1569 de
769 1533 992 1568 confessione
1018 1533 1246 1577 peccatorum
1270 1531 1435 1565 facienda
1453 1530 1678 1565 contionatur
1698 1528 1810 1572 (566).

619 1595 710 1628 =PP.
729 1595 874 1628 Natalis
900 1597 930 1626 et
959 1593 994 1626 C.
1024 1592 1226 1636 „Epistolas
1252 1588 1417 1624 India-affl
1446 1601 1467 1623 α
1494 1590 1631 1623 Rutilio
1658 1589 1812 1622 Lovam‘i

620 1640 621 1655 *
700 1648 809 1681 latine
834 1648 957 1690 editas,
984 1646 1077 1689 quod
1105 1645 1227 1689 „valde
1253 1642 1464 1687 σοννιιιυῑῗαεα
1483 1645 1565 1685 sint,
1592 1644 1812 1685 supprimere

699 1701 850 1743 student,
877 1704 907 1732 et
933 1710 953 1732 α
982 1700 1018 1732 S.
1046 1699 1081 1731 F
1081 1699 1242 1731 rancisco
1268 1698 1403 1740 Boryc'a
1424 1698 1630 1740 praeposito
1652 1695 1813 1738 yenerccli

700 1755 904 1797 impetrant,
941 1757 978 1785 ut
1006 1753 1054 1785 Io.
1082 1752 1174 1784 Petr.
1203 1752 1376 1794 Maffeizts
1404 1752 1439 1784 S.
1459 1752 1494 1784 J.
1522 1760 1581 1783 eas
1616 1750 1663 1782 ad
1694 1747 1814 1781 arche-

622 1850 623 1859 *
702 1812 787 1851 typa
814 1807 923 1840 latine
948 1807 1145 1849 exprimere
1170 1805 1337 1838 <iubeatur
1363 1803 1448 1845 (266
1475 1802 1573 1846 807).

622 1862 679 1901 Ἦ.
699 1867 742 1901 ΙΙ.
763 1866 854 1900 C.i11
880 1865 1013 1909 templo
1037 1864 1071 1899 S.
1091 1864 1232 1898 Ioannis
1259 1875 1303 1897 ex
1329 1864 1389 1897 Iac
1418 1864 1446 1903 1,
1465 1863 1508 1896 25
1537 1861 1703 1902 ostendit,
1731 1859 1814 1904 quid

702 1919 877 1955 Catholici
904 1918 946 1952 de
973 1917 1074 1952 bonis
1100 1917 1267 1962 operibus
1293 1917 1441 1951 credant
1469 1916 1582 1958 (566).

642 1981 680 2014 F.
708 1978 768 2013 IV.
794 1979 831 2012 in
856 1977 989 2022 templo
1016 1977 1050 2011 S.
1075 1977 1217 2010 loannis
1243 1976 1285 2010 (10
1321 1976 1422 2010 bonis
1458 1974 1623 2019 operibus
1658 1972 1813 2006 fidelium

623 2023 625 2040 ¹
704 2035 740 2067 et
765 2032 808 2066 de
826 2030 959 2076 triplici
976 2029 1115 2064 iustitia
1134 2030 1179 2063 ad
1198 2028 1351 2063 salutem
1370 2027 1574 2062 necessaria
1593 2027 1679 2060 dicit
1701 2025 1813 2068 (567).

624 2092 682 2126 'F.
701 2091 744 2125 V.
771 2092 806 2124 in
832 2090 966 2134 templo
993 2089 1027 2123 S.
1048 2088 1263 2123 Catharinae
1290 2087 1334 2122 ad
1360 2086 1514 2121 feminas
1543 2085 1680 2120 nobiles
1706 2084 1815 2128 impe-

704 2144 847 2179 ratricis
882 2143 1014 2183 dicens,
1051 2154 1095 2176 ex
1131 2140 1320 2185 evangelio
1357 2140 1426 2174 diei
1452 2139 1703 2183 Magdalenam
1737 2148 1815 2172 con-

705 2197 888 2232 fitentibus
925 2199 961 2230 et
987 2194 1333 2230 communicantibus
1360 2193 1394 2227 in
1421 2192 1625 2237 exemplum
1652 2189 1816 2236 proponit

707 2249 822 2294 (567).

648 2305 683 2338 F.
702 2305 763 2339 Vl.
791 2304 825 2337 in
861 2302 994 2347 templo
1027 2301 1061 2336 S.
1089 2300 1230 2335 Ioannis
1264 2299 1541 2345 protestantium
1577 2298 1620 2332 de
1652 2296 1816 2342 operibus

706 2357 808 2391 bonis
835 2367 972 2390 errores
997 2357 1161 2389 recenset
1188 2356 1222 2387 et
1248 2353 1384 2387 refutat
1413 2353 1528 2395 (567).

647 2416 841 2450 Multorum
869 2414 1111 2449 confessiones
1138 2413 1273 2458 excipit
1301 2412 1386 2455 (224
1412 2411 1510 2454 541).

649 2494 771 2536 Dom.
817 2493 1065 2534 Palmarum
1111 2491 1152 2532 in
1199 2488 1383 2532 ecclesia
1428 2485 1667 2530 cathedrali
1710 2484 1818 2526 iubi-

708 2559 847 2600 laeum
891 2571 917 2599 a
958 2557 999 2599 S.
1036 2555 1108 2597 Pio
1143 2555 1195 2598 V.
1238 2554 1445 2595 indictum
1486 2551 1735 2605 promulgat
1774 2554 1818 2592 et

709 2622 982 2664 commendat
1018 2620 1122 2674 (542
1157 2621 1237 2661 561
1275 2619 1391 2670 567).

649 2703 687 2738 F.
708 2703 750 2737 11.
770 2703 804 2736 in
830 2701 964 2747 templo
991 2699 1189 2735 cathedrali
1216 2699 1274 2733 vel
1301 2699 1344 2733 ad
1364 2698 1398 2732 S.
1414 2697 1556 2731 [oannis
1582 2695 1817 2738 indulgentia-

710 2767 787 2790 rum
813 2767 917 2790 usum
944 2754 1105 2788 defendit
1131 2756 1166 2787 et
1192 2751 1418 2787 commendat
1446 2751 1531 2794 (568
1557 2750 1655 2792 571).

651 2816 688 2850 F.
707 2815 749 2849 V.
786 2815 821 2849 in
861 2815 978 2849 Coena
1017 2812 1159 2847 Domini
1196 2812 1232 2845 in
1270 2810 1404 2855 templo
1442 2808 1640 2844 cathedrali
1679 2808 1737 2842 vel
1775 2808 1819 2841 ad

711 2869 744 2902 S.
764 2868 906 2902 Ioannis
932 2868 975 2901 de
1002 2866 1179 2911 passionis
1199 2864 1332 2898 Christi
1359 2865 1460 2908 parte
1486 2863 1600 2907 prima
1627 2861 1713 2895 dicit
1741 2860 1820 2906 (per

711 2922 802 2955 2-—3
829 2921 950 2963 horas)
980 2921 1062 2962 (561
1091 2918 1188 2961 566).

653 2975 690 3010 F.
705 2975 765 3008 VI.
786 2974 820 3007 in
839 2974 1041 3007 Parasceve
1067 2973 1102 3006 in
1129 2970 1262 3015 templo
1289 2968 1488 3004 cathedrali
1518 2968 1573 3012 (ut
1599 2967 1756 3010 videtur)
1778 2966 1820 3000 de

711 3027 849 3071 reliqua
867 3026 999 3060 Christi
1027 3024 1191 3070 passione
1218 3024 1306 3057 duas
1333 3022 1517 3057 contiones
1546 3021 1624 3066 (per
1649 3021 1668 3054 5
1698 3020 1817 3062 horas)

712 3081 820 3114 habet
847 3079 927 3123 (561
958 3078 1055 3121 568).

655 3134 755 3168 Dom.
782 3131 972 3166 Paschatis
1004 3131 1038 3164 in
1066 3130 1217 3164 eeclesia
1244 3128 1441 3164 cathedrali
1468 3128 1510 3162 de
1538 3126 1714 3161 l'aschate
1742 3136 1820 3159 cum

714 3186 853 3230 gaudio,
880 3196 954 3230 spe,
982 3184 1131 3218 caritate
1158 3182 1295 3226 agendo
1322 3182 1548 3216 contionatur
1577 3180 1689 3223 (568).
