2077 3461
203 202 256 242 78
427 200 528 234 1235.
556 200 721 236 canisius
747 201 931 236 Secundae
958 202 1236 247 Congregationi
1263 202 1423 246 generali
1450 203 1639 239 Societatis
1665 205 1758 240 Iesu.

319 318 496 359 Quomodo
519 318 715 352 Germania
739 330 805 362 per
824 320 1028 353 Societatem
1046 321 1125 354 Iesu
1154 321 1306 353 maxime
1331 321 1452 353 iurari
1466 322 1597 363 possit:
1623 325 1652 355 1.
1672 323 1825 356 Romae:
1851 324 1957 358 Prae-

189 372 329 413 positus
352 371 529 413 yeneralis
553 372 773 414 sinyiclarem
799 372 873 406 eius
898 375 1072 407 rationem
1097 373 1233 416 habeat,
1260 374 1364 406 etiam
1389 375 1426 406 in
1452 375 1731 416 precationibus.
1785 377 1958 410 Germani

195 425 276 456 bene
295 423 480 466 probandi
489 436 503 465 ,·
528 429 677 467 matare,
703 429 892 469 antequam
910 431 1098 470 aeglrotent,
1127 427 1326 459 remittendi
1333 438 1347 468 ;
1372 438 1393 459 a
1411 428 1601 470 scriptione
1618 429 1728 462 niulta
1746 431 1958 472 recocanoli;

194 477 241 509 acl
276 477 412 509 litteras
446 477 580 510 latinas
612 489 826 521 graecasque
852 483 881 511 et
907 480 954 511 acl
980 479 1193 512 rhetoricam
1219 480 1442 522 potissimmn
1471 481 1698 523 instituendi,-
1731 484 1770 515 in
1805 484 1956 516 (lacendo

194 529 438 571 ezercitancli;
464 533 555 563 certo
575 531 703 574 officio,
722 542 798 563 cum
815 533 1055 575 remittantur,
1075 543 1144 565 non
1164 533 1378 566 destinandi.
1411 533 1521 566 Nemo
1536 535 1771 578 cuiuscunque
1788 537 1955 579 nationis,

195 582 256 624 qai
290 582 341 614 ‘cel
376 592 522 624 corpore
557 584 606 616 vel
641 585 760 617 animo
794 584 960 626 infirmus
991 587 1047 627 sit,
1082 587 1118 618 in
1151 586 1381 618 Germaniam
1418 586 1616 620 mittendas.
1670 587 1878 631 Cat-endum,
1914 599 1956 622 ne

190 635 499 676 pereyrtnantz'am
517 636 568 669 vel
589 637 747 669 moribus
764 637 814 669 vel
831 638 950 670 vestitu
970 638 1152 671 hominum
1170 640 1284 671 animi
1302 639 1540 681 offendantur.
1579 640 1780 683 Praepositi
1793 643 1958 684 [sei-mani

194 687 235 719 cle
259 687 440 720 hominum
465 690 720 722 mutationibus
746 690 962 723 consulendi.
1017 691 1147 724 Curiae
1172 703 1255 734 erya
1283 692 1513 725 Germaniam
1539 693 1770 726 benevolentia
1794 695 1953 735 fovenda.

194 740 377 781 Pontifici-s
410 741 620 775 liberalitati
655 744 923 776 commendandi
957 745 1105 787 iuvenes,
1139 747 1200 787 qai
1235 746 1474 778 ecclesiasticis
1506 746 1645 788 officiis,
1681 748 1833 780 maxime
1858 748 1955 790 apud

187 804 366 837 proceres,
392 795 498 837 fangsi
512 796 659 837 possint.
699 798 731 828 A
751 796 921 829 Societate
946 798 1098 840 insiynes
1116 798 1231 840 aliqui
1247 797 1403 831 homines
1419 799 1589 832 mittendi.
1629 802 1660 832 2.
1680 802 1712 832 A
1731 800 1955 842 colleqioram

189 847 477 889 yermanicoram
498 849 735 890 praepositis:
769 849 1021 891 Provinciales,
1058 851 1120 893 qui
1145 852 1229 883 aliis
1254 852 1400 894 myotiis
1425 862 1497 884 non
1522 852 1772 895 (listineantur‚
1804 857 1955 886 rectores

188 899 306 942 probi,
333 901 492 932 ministri
516 901 636 933 ‘idonei
659 903 904 935 constituendi.
948 904 1114 945 Amplior
1139 905 1259 936 (lamia
1284 905 1440 946 facultas
1458 906 1580 938 Socios
1604 906 1802 938 dimittendi
1828 909 1857 938 et
1882 906 1953 939 alio

192 953 361 986 mittendi.
414 953 527 986 Sociis
561 956 705 987 comiter
739 956 952 999 modesteque
986 967 1061 989 cum
1093 957 1283 990 Germanis
1317 958 1513 1000 ayendum;
1547 969 1588 990 nc
1622 958 1790 991 haeretiei
1815 959 1953 1001 quidem

193 1006 309 1038 ocliose
342 1007 533 1039 tractandi.
586 1007 777 1040 Procerum
808 1010 930 1051 qratia
963 1009 1155 1053 „Epistolis
1180 1008 1336 1043 Indicis“
1374 1015 1404 1043 et
1437 1011 1588 1043 thesibus
1623 1015 1679 1045 etc.
1716 1012 1951 1045 concilianda.

196 1058 416 1100 Curandum,
442 1063 481 1092 ut
508 1059 604 1092 Socii
630 1061 768 1093 clericis
793 1062 1042 1105 monachisque
1067 1064 1196 1096 amicos
1216 1065 1347 1106 potins,
1380 1075 1484 1106 quam
1512 1074 1668 1096 censores
1693 1075 1727 1097 se
1750 1065 1952 1107 praebeant.

195 1113 308 1144 Sociis
326 1112 511 1155 diligsenter
528 1113 766 1156 elcyatiterqae
779 1115 969 1148 docendum
991 1127 1050 1148 nec
1068 1118 1253 1159 quicquam
1274 1117 1486 1160 vadmonium
1505 1117 1788 1160 nisiprobatzmz.
1825 1118 1952 1150 Omnia

194 1165 313 1206 officia
339 1170 502 1198 accurate
521 1168 754 1208 praestanda.
807 1171 837 1200 J.
866 1168 1070 1201 Primornm
1096 1170 1210 1201 animi
1244 1180 1313 1203 non
1341 1170 1551 1212 offendendi,
1588 1172 1690 1203 immo
1717 1172 1813 1203 omni
1836 1171 1952 1204 studio

196 1218 361 1251 Societati
385 1219 610 1252 conciliandi.

313 1288 531 1338 Quomodo
555 1289 750 1332 Societas
775 1291 915 1334 JESV
949 1291 1174 1334 Germanis
1206 1293 1412 1346 prodesse
1443 1292 1487 1334 in
1519 1293 1688 1335 domino
1721 1293 1949 1347 plurimum

195 1353 344 1407 possit.

312 1419 501 1460 Primum
534 1420 719 1462 medium
753 1424 796 1463 et
828 1421 1088 1475 praesidium
1123 1436 1177 1463 ex
1210 1422 1315 1464 urbe
1347 1422 1543 1464 Romana
1573 1425 1761 1476 petatur.

311 1484 361 1526 R.
397 1484 441 1526 P.
476 1484 754 1538 praepositus
795 1486 1011 1539 generalis
1052 1487 1316 1539 singularem
1360 1487 1572 1529 rationem
1620 1487 1779 1530 habeat
1826 1488 1950 1530 huius

194 1548 384 1591 afflictae
415 1549 616 1601 nationis,
651 1564 760 1603 quae
793 1554 841 1592 ut
872 1551 991 1592 nulla
1023 1551 1113 1593 fere
1145 1551 1243 1601 alia,
1277 1551 1402 1593 modo
1434 1552 1604 1594 laborat
1629 1552 1884 1605 grauissime
1906 1553 1949 1594 in

193 1613 379 1667 Europa,
404 1617 448 1656 et
470 1615 667 1656 humanis
690 1615 859 1668 quidem
886 1616 1112 1670 praesidijs
1135 1616 1330 1658 omnibus
1352 1617 1507 1658 misere
1530 1617 1740 1660 destituta
1762 1618 1946 1669 videtur,

193 1692 303 1732 quae
335 1678 372 1720 si
404 1679 457 1720 ab
490 1679 589 1720 vllis
621 1680 731 1733 alijs‚
774 1683 891 1723 certe
924 1695 949 1722 a
982 1682 1200 1724 Societate
1232 1682 1337 1723 Jesu
1378 1682 1535 1723 idcirco
1568 1682 1767 1724 fortassis
1800 1697 1825 1724 a
1857 1684 1947 1725 Deo

192 1743 258 1784 his
298 1743 562 1797 temporibus
604 1745 808 1796 excitata,
852 1746 1073 1788 consilium
1116 1749 1160 1788 et
1192 1760 1315 1800 opem
1357 1746 1625 1800 spiritualem
1660 1750 1865 1801 expectat
1897 1762 1947 1790 ac

192 1808 303 1862 petit
336 1809 724 1853 uehementissime.

311 1873 434 1915 Vnde
466 1873 670 1916 maiorem
703 1875 746 1916 in
778 1875 948 1917 modum
983 1875 1230 1930 optandum,
1266 1879 1313 1918 ut
1343 1876 1456 1918 idem
1482 1876 1760 1930 praepositus
1792 1891 1869 1931 per
1900 1891 1946 1918 se

195 1941 450 1991 eognoscat,
493 1942 656 1982 tractet
697 1954 747 1981 ae
788 1940 965 1982 definiat
1005 1940 1239 1994 plaeraque
1282 1939 1459 1995 [quae]³
1500 1941 1554 1982 ad
1595 1941 1861 1994 Religionem
1902 1942 1944 1983 in

195 2003 425 2045 Germania
465 2005 778 2046 restituendam
817 2008 860 2047 et
901 2006 955 2046 ad
998 2008 1170 2047 nostros
1210 2005 1253 2046 in
1295 2006 1444 2047 eadem
1484 2006 1782 2059 prouehendos
1814 2010 1944 2060 atque

193 2068 507 2110 confirmandos
538 2069 770 2121 pertinent.

310 2133 428 2175 Jtem
460 2137 509 2176 vt
532 2134 787 2175 Germaniae
820 2149 920 2176 suas
953 2138 997 2177 et
1028 2135 1162 2177 totius
1185 2134 1415 2178 Societatis
1446 2149 1596 2188 preces
1629 2138 1750 2178 curet
1782 2136 1942 2189 spetia-

190 2198 291 2240 liter
323 2201 367 2240 et
398 2198 648 2251 frequenter
679 2200 899 2253 applicari.

309 2263 389 2313 Qui
420 2263 583 2304 Romae
618 2263 818 2305 Germani
850 2264 1146 2315 instituuntur,
1181 2265 1216 2305 si
1249 2264 1418 2317 quidem
1451 2265 1537 2307 sint
1568 2264 1732 2318 nouitij,
1772 2269 1942 2319 tempus

190 2342 292 2369 suae
336 2328 602 2382 probationis
645 2328 837 2381 legitime
882 2332 1116 2383 peragant,
1163 2332 1206 2371 et
1249 2344 1325 2383 pro
1371 2332 1491 2371 certa
1535 2330 1668 2372 ueluti
1708 2330 1859 2383 regula
1900 2330 1941 2371 id

189 2395 401 2442 teneatur,
425 2392 468 2433 in
492 2393 723 2435 Germania
744 2393 865 2447 peius
887 2394 1124 2444 habituros,
1159 2394 1230 2446 qui
1254 2394 1416 2435 Romae
1439 2393 1581 2435 curari
1604 2407 1687 2434 non
1718 2398 1898 2447 possunt
1913 2396 1939 2437 1.

305 2457 475 2499 Jdcirco
507 2461 705 2511 praestat
736 2458 942 2499 eiusmodi
974 2458 1016 2499 in
1049 2461 1244 2512 tempore
1276 2458 1505 2508 dimittere,
1540 2472 1667 2511 quam
1701 2472 1796 2499 eum
1827 2459 1940 2512 peri-

189 2522 283 2563 culo
324 2521 367 2562 in
402 2522 674 2563 Germaniam
716 2522 951 2572 remittere,
995 2523 1066 2564 ubi
1106 2523 1243 2564 morbi
1285 2523 1531 2576 spirituales
1570 2523 1695 2564 facile
1727 2526 1941 2575 augentur

188 2586 253 2640 ijs,
296 2586 368 2639 qui
407 2586 520 2628 male
561 2587 654 2628 sani
695 2588 990 2628 secundum
1031 2587 1359 2629 interiorem
1400 2587 1697 2629 11011111101112
1737 2601 1789 2628 ex
1824 2588 1940 2628 Vrbe

190 2651 434 2694 mittuntur.

307 2715 405 2757 Non
445 2715 725 2759 remittantur
765 2730 869 2769 ergo
903 2716 1118 2767 Germani,
1160 2716 1241 2758 nisi
1280 2730 1459 2769 quorum
1490 2716 1532 2757 in
1568 2716 1682 2757 Vrbe
1713 2719 1940 2770 perspecta

190 2779 247 2821 sit
288 2780 400 2821 cirea
432 2781 702 2822 vocationem
744 2781 1000 2831 constantia,
1044 2784 1087 2823 et
1127 2785 1230 2824 nota
1271 2782 1409 2823 uirtus
1449 2781 1492 2822 in
1534 2780 1662 2822 factis
1692 2780 1777 2821 iam
1810 2784 1940 2822 antea

191 2845 514 2897 probationibus
547 2850 591 2888 et
623 2846 931 2900 experimentis
963 2846 1195 2887 secundum
1229 2845 1418 2887 instituti
1450 2845 1584 2887 nostri
1616 2844 1829 2886 rationem
1841 2846 1868 2888 3.

309 2930 337 2960 a)
358 2931 418 2954 Hoc
440 2939 461 2954 c.
482 2931 676 2961 supplendum
697 2939 756 2956 esse
777 2939 823 2957 res
848 2933 914 2963 ipsa
940 2934 1040 2956 monet.

312 3026 321 3045 ¹
349 3027 383 3059 S.
403 3027 565 3069 Igynatins
591 3026 836 3067 constituerat,
863 3028 904 3060 ut
928 3025 1059 3068 singuli
1084 3025 1214 3059 novicii
1240 3025 1424 3059 minimum
1441 3036 1504 3069 per
1526 3024 1547 3058 2
1573 3034 1686 3058 annos
1704 3024 1940 3068 probarentur

126 3085 131 3090 ·
193 3078 488 3122 (Constitutiones
515 3080 548 3113 S.
576 3080 619 3121 J,
647 3080 722 3120 Ex.‚
749 3091 778 3113 c.
809 3080 836 3120 1,
863 3091 896 3112 n.
927 3079 986 3119 123
1015 3090 1043 3112 c.
1071 3080 1102 3119 4,
1128 3090 1162 3112 n.
1188 3079 1252 3119 413
1279 3090 1308 3112 c.
1336 3079 1366 3118 6,
1392 3089 1425 3111 n.
1452 3077 1473 3112 8
1499 3078 1581 3119 etc.)

311 3132 323 3152 ²
349 3132 436 3165 Rom
465 3133 495 3172 7,
522 3133 577 3166 22.
629 3132 680 3166 Cf.
709 3132 787 3176 Eph
814 3132 845 3173 3,
876 3132 927 3166 16.

313 3186 325 3205 ³
351 3185 402 3218 De
427 3184 483 3218 his
510 3184 554 3219 cf.
584 3186 670 3218 Can.
697 3185 712 3218 Ι
739 3186 826 3224 99⁷3
854 3184 886 3217 ΙΙ
913 3184 1005 3218 396¹
1032 3184 1124 3217 6132
1151 3184 1244 3218 701³
1269 3186 1335 3217 etc.
