2045 3471
166 191 249 233 682
598 189 692 224 Mon.
713 189 781 223 754
806 189 884 223 sive
910 201 1023 233 germ.
1041 189 1064 223 1.
1087 188 1177 232 (29).
1224 188 1277 223 14.
1297 188 1371 222 Ian.
1393 188 1494 224 1566.

164 310 202 359 6,
281 308 341 350 Vt
373 306 634 350 vniuersitas
667 307 931 350 Coloniensis
972 307 1096 350 iuxta
1134 307 1310 350 decreta
1342 307 1455 349 sacri
1488 307 1656 361 concilij
1690 307 1930 349 Tridentini

164 373 284 415 cuius
317 371 582 415 autenticum
617 372 804 415 donatur
836 373 1059 427 exemplar
1091 386 1186 414 sese
1219 376 1449 426 componat
1482 386 1532 414 ac
1564 372 1772 415 reformet
1803 386 1930 427 prae-

164 437 313 480 sertim
346 451 451 479 vero
484 440 533 480 vt
564 437 608 478 in
641 440 829 490 quatuor
860 437 1143 480 facultatibus
1175 437 1281 478 nulli
1312 437 1495 492 posthac
1528 437 1582 479 ad
1613 437 1930 492 promotionum

163 503 324 556 gradus
357 502 645 545 admittantur
666 501 749 544 nisi
780 502 899 545 facta
931 502 1050 556 prius
1082 502 1350 556 professione
1382 502 1481 544 fidei
1506 502 1631 545 iuxta
1663 502 1931 556 propositam

164 570 209 610 et
241 567 419 609 allatam
452 567 724 610 formulam1.

167 634 205 683 7,
284 632 345 674 Vt
377 646 431 674 ex
464 632 717 686 Apostolica
760 631 1038 674 concessione
1080 631 1288 674 beneficia
1320 631 1631 674 Ecclesiastica
1668 646 1752 673 non
1786 632 1932 674 confe-

165 699 319 739 rantur
350 697 433 738 nisi
473 697 538 738 his
573 697 643 750 qui
676 697 812 739 velint
845 701 889 740 et
927 697 1095 751 possint
1127 697 1295 751 publice
1332 697 1526 751 profiteri
1559 700 1603 739 et
1634 697 1932 739 Vniuersitatis

165 763 310 804 studia
347 776 614 816 promouere,
657 776 821 815 suaque
853 764 1080 816 praestare
1112 762 1354 816 promissa2
1384 765 1518 815 vtque
1551 762 1688 804 maior
1719 762 1933 805 habeatur

164 828 277 870 ratio
321 830 413 870 tum
458 827 714 878 lectionum,
759 830 851 869 tum
898 827 1237 882 disputationum
1283 827 1542 881 praesertim
1586 827 1629 868 in
1671 827 1932 881 Theologica

163 892 375 935 facultate
389 893 417 935 3.

282 958 403 999 Haec
446 971 541 998 cum
575 970 672 998 eum
705 959 1018 1010 proponentem
1061 957 1284 999 audissent
1308 991 1316 999 .
1340 957 1580 1011 praemissa
1623 956 1933 999 deliberatione

164 1022 285 1064 breui
317 1021 530 1063 maximas
574 1021 633 1062 illi
673 1021 847 1063 nomine
879 1021 1094 1075 pontificis
1136 1021 1302 1075 gratias
1345 1024 1529 1076 egerunt
1571 1036 1825 1075 omnemque
1858 1021 1932 1062 ob-

165 1087 397 1130 edientiam
430 1090 475 1129 et
507 1087 817 1129 subiectionem
850 1087 892 1128 in
926 1086 991 1128 his
1025 1089 1069 1129 et
1101 1087 1310 1129 similibus
1343 1087 1646 1141 promiserunt.

284 1167 419 1202 Notatu
455 1168 601 1211 dignum
638 1168 705 1202 hoc
743 1170 817 1202 est:
854 1167 980 1212 Neque
1015 1168 1049 1201 in
1076 1167 1144 1202 hac
1171 1167 1360 1209 relatione,
1396 1180 1512 1213 neque
1550 1168 1585 1202 in
1612 1168 1690 1209 illa,
1726 1179 1811 1211 qua,
1847 1166 1931 1211 quid

169 1221 222 1255 16.
242 1221 397 1255 Ianuarii
426 1221 517 1256 1566
544 1221 579 1254 in
605 1221 764 1255 sessione
791 1223 939 1255 senatus
966 1220 1180 1255 coloniensis
1207 1232 1248 1254 ea
1274 1221 1316 1254 de
1343 1233 1380 1255 re
1407 1225 1526 1255 actum
1554 1222 1611 1263 sit,
1638 1224 1806 1255 narratur
1834 1220 1932 1264 (vide

168 1274 261 1308 infra.
279 1285 370 1308 mon.
388 1275 485 1317 756),
505 1274 559 1307 Pii
578 1273 638 1309 IV.
657 1274 692 1317 (†
708 1275 740 1308 9.
755 1274 839 1308 Dec.
854 1273 960 1316 1565)
977 1285 1073 1307 mors
1092 1276 1401 1308 commemoratur.
1432 1275 1489 1308 Ita
1507 1275 1771 1314 confirmantur,
1787 1284 1878 1317 quae
1896 1272 1932 1306 in

168 1327 328 1361 eiusdem
356 1330 503 1361 senatus
530 1327 662 1361 litteris
689 1327 744 1361 29.
764 1327 886 1360 Martii
907 1327 998 1360 1566
1025 1327 1067 1360 ad
1097 1327 1278 1361 Canisium
1306 1327 1400 1361 datis
1427 1328 1699 1361 asserebantur:
1726 1327 1778 1360 De
1797 1326 1852 1360 Pii
1870 1325 1931 1359 IV.

168 1383 282 1414 morte
319 1381 484 1414 nuntium
520 1380 685 1415 Coloniae
724 1379 970 1424 percrebuisse
1009 1379 1114 1424 paulo
1153 1383 1343 1424 postquam
1384 1380 1549 1415 Canisius
1587 1380 1668 1414 inde
1707 1380 1933 1413 discessisset

172 1433 222 1477 (v.
249 1445 358 1478 supra
392 1446 423 1479 p.
451 1434 548 1477 213).
600 1434 652 1467 Ac
680 1433 845 1467 Canisius
881 1433 1023 1477 quidem
1058 1433 1129 1466 iam
1164 1433 1264 1467 initio
1301 1445 1346 1467 m.
1375 1434 1529 1467 Ianuarii
1564 1434 1598 1467 in
1635 1433 1717 1467 aula
1747 1432 1932 1466 juliacensi

173 1486 346 1531 „primum
381 1487 545 1520 nuntium
578 1487 786 1531 acceperat⁴⁴
817 1487 859 1520 de
885 1486 1065 1531 pontificis
1091 1489 1204 1520 morte
1234 1487 1332 1530 (vide
1359 1498 1468 1531 supra
1494 1499 1526 1531 p.
1558 1486 1660 1530 170);
1697 1497 1777 1520 cum
1812 1487 1931 1519 autem

169 1540 250 1574 inde
271 1539 452 1574 Coloniam
478 1540 652 1574 advectus
673 1539 904 1574 Colonienses
930 1539 1019 1573 nihil
1045 1540 1087 1573 de
1115 1551 1156 1573 ea
1182 1552 1218 1573 re
1245 1540 1427 1584 accepisse
1453 1541 1694 1583 cognovisset,
1722 1539 1829 1573 etiam
1856 1539 1932 1583 ipse

169 1593 334 1627 nuntium
353 1593 452 1627 illum
472 1594 507 1627 in
526 1593 699 1627 falsorum
718 1605 899 1627 rumorum
919 1605 1064 1626 numero
1084 1593 1247 1637 posuisse
1265 1593 1418 1634 videtur,
1439 1593 1549 1627 donec
1568 1593 1634 1627 sub
1653 1594 1685 1627 d.
1706 1593 1760 1627 20.
1777 1592 1933 1626 Ianuarii

169 1645 302 1680 litteris
337 1647 493 1680 romanis
528 1649 563 1680 et
599 1646 641 1680 de
675 1649 788 1680 morte
825 1646 886 1679 illa
921 1646 1062 1679 omnino
1098 1648 1219 1679 certus
1245 1646 1394 1680 effectus
1433 1649 1468 1680 et-
1494 1646 1564 1680 cito
1592 1648 1789 1689 Augustam
1817 1645 1933 1679 redire

169 1698 289 1733 iussus
327 1701 383 1733 est
420 1699 468 1743 (V.
496 1711 604 1744 supra
639 1711 670 1744 p.
701 1700 766 1733 145
797 1700 891 1741 173).
943 1699 1058 1732 Etiam
1095 1710 1140 1733 m.
1169 1699 1332 1733 Ianuario
1366 1700 1449 1733 anni
1479 1700 1567 1734 1563
1595 1700 1781 1742 Augustae
1812 1710 1933 1732 rumor

171 1752 299 1792 fuerat,
326 1753 430 1786 Pium
457 1752 518 1786 IV.
546 1753 622 1786 vita
648 1752 810 1786 functum
838 1764 918 1786 esse
948 1754 1053 1794 (Can.
1082 1752 1129 1786 IV
1150 1752 1223 1795 22).

289 1807 454 1840 Raderus
479 1806 570 1840 hanc
598 1806 730 1840 Canisii
757 1806 973 1848 legationem
1001 1806 1035 1838 in
1062 1806 1175 1850 ipsius
1202 1806 1277 1839 vita
1306 1805 1343 1849 (l.
1371 1806 1402 1846 2,
1430 1817 1459 1839 c.
1487 1806 1523 1849 2)
1558 1806 1607 1839 ita
1635 1805 1806 1840 describit
1835 1805 1873 1848 (l.
1900 1816 1929 1839 c.

173 1859 394 1902 150—15‘2):
418 1859 604 1899 „Coloniae
620 1859 704 1893 CIO.
722 1859 776 1893 K).
793 1858 918 1892 LXVI.
935 1858 1028 1892 XIX.
1045 1859 1119 1893 Cal.
1135 1858 1234 1893 Febr.
1252 1858 1478 1893 Academicis
1491 1859 1670 1900 Patribus,
1689 1861 1725 1893 et
1743 1858 1840 1892 ciuili
1854 1858 1930 1892 Ma-

170 1912 350 1956 gistratui,
378 1912 432 1957 Pij
451 1912 637 1946 Pontificis
656 1913 907 1946 auctoritatem
927 1911 1099 1952 exhibuit,
1120 1923 1190 1955 qua
1209 1912 1455 1953 monebantur,
1471 1912 1523 1945 vti
1539 1912 1681 1947 Canisio
1699 1911 1803 1945 fidem
1823 1911 1929 1945 habe-

166 1967 256 2007 rent,
275 1967 310 1999 et
329 1965 448 2010 capita
466 1977 530 1999 suo
546 1965 733 1999 Pontificis
752 1965 893 1998 nomine
912 1965 1113 2010 perscripta
1131 1966 1425 2010 praescriptaque
1444 1965 1636 2007 diligenter
1654 1967 1930 2008 exequerentur.

165 2018 240 2052 Nec
266 2018 366 2052 fuere
393 2018 548 2063 amplius
575 2021 724 2062 septem,
751 2018 897 2051 minime
916 2030 1002 2051 sane
1022 2018 1164 2052 silentio
1183 2018 1387 2063 premenda,
1415 2018 1508 2061 quod
1526 2018 1720 2063 plurimum
1739 2017 1929 2051 videantur

166 2072 210 2105 ad
229 2071 422 2105 multorum
442 2071 703 2105 institutionem
718 2070 850 2104 valere.
893 2071 919 2105 I.
936 2071 1107 2112 Primum,
1126 2071 1180 2104 vti
1198 2083 1300 2105 nemo
1317 2071 1375 2104 vel
1402 2071 1445 2104 ad
1464 2071 1659 2105 docendum
1679 2083 1742 2116 pro
1761 2071 1928 2104 concione

165 2124 335 2169 populum
361 2125 396 2158 in
422 2125 572 2169 templo,
611 2124 670 2157 vel
696 2125 739 2158 ad
768 2124 997 2158 erudiendam
1034 2124 1258 2158 iuuentutem
1292 2125 1327 2158 in
1354 2124 1562 2169 Gymnasiis
1589 2127 1625 2158 et
1650 2123 1844 2158 Academia
1870 2123 1928 2157 ad-

163 2177 378 2220 mitteretur,
399 2178 440 2211 de
460 2177 561 2212 cuius
579 2177 730 2211 honesta
744 2177 830 2218 vita,
849 2178 1060 2220 integritate
1078 2189 1227 2218 morum,
1247 2180 1282 2211 et
1298 2176 1481 2211 Catholica
1499 2177 1634 2222 pietate
1652 2189 1721 2211 non
1735 2179 1927 2211 constaret.

163 2231 206 2264 II.
229 2230 376 2271 Deinde,
404 2233 445 2264 vt
471 2231 616 2275 scripta,
644 2242 736 2274 quae
762 2231 819 2264 vel
847 2242 985 2264 morum
1014 2230 1239 2275 disciplinam
1265 2230 1538 2271 labefactarent,
1565 2229 1623 2264 vel
1649 2230 1830 2264 Romanae
1855 2230 1928 2264 sin-

162 2295 337 2327 ceraeque
356 2284 539 2317 doctrinae
557 2283 754 2324 obstarent,
770 2294 842 2317 vna
861 2295 941 2317 cum
960 2283 1126 2325 librariis,
1145 2283 1205 2327 qui
1224 2283 1469 2317 huiuscemodi
1489 2283 1634 2317 chartas
1648 2283 1707 2317 vel
1725 2283 1925 2317 clanculum

166 2336 224 2370 vel
251 2338 375 2380 aperte
402 2337 438 2370 in
464 2337 588 2370 vrbem
614 2336 791 2369 inferrent
817 2336 1136 2380 proscriberentur.
1169 2336 1226 2370 ΠΙ.
1246 2336 1450 2376 Praeterea,
1477 2338 1518 2370 vt
1543 2336 1669 2370 alienis
1695 2347 1716 2369 a
1743 2335 1926 2370 Catholica

164 2389 341 2431 religione
366 2389 467 2423 locus
494 2390 529 2423 in
549 2389 635 2423 vrbe
661 2401 731 2423 non
758 2392 864 2430 esset,
891 2389 1060 2433 forasque
1087 2389 1370 2423 eliminarentur.
1405 2389 1466 2424 IV.
1485 2388 1629 2430 Quarto,
1656 2400 1700 2422 ne
1727 2389 1807 2432 quis
1833 2388 1926 2422 clan-

166 2441 325 2476 cularius
351 2453 479 2486 praeco
506 2453 569 2476 seu
589 2442 737 2476 Lutheri
762 2453 826 2475 seu
842 2442 991 2480 Caluini,
1018 2453 1082 2475 seu
1109 2442 1353 2486 cuiuscunque
1380 2442 1517 2476 alienae
1543 2444 1663 2475 sectae
1689 2442 1786 2482 vrbe,
1813 2441 1926 2482 domo,

165 2496 261 2528 tecto
297 2495 528 2539 reciperetur.
579 2494 622 2528 V.
649 2495 800 2539 Insuper
825 2498 866 2528 vt
901 2495 936 2528 in
971 2495 1095 2529 hostes
1120 2495 1306 2537 religionis
1333 2494 1539 2529 Catholicae
1573 2505 1700 2528 seuera
1725 2494 1841 2528 edicta
1867 2506 1926 2539 po—

166 2550 345 2589 nerentur,
372 2550 567 2592 contraque
585 2548 707 2581 venire
734 2549 812 2582 ausi
840 2548 1000 2591 grauiter
1025 2549 1248 2593 punirentur.
1280 2547 1341 2581 VI.
1361 2548 1566 2581 Academici
1594 2559 1735 2591 quoque
1752 2547 1927 2589 viderent,

166 2611 209 2633 ne
236 2612 339 2644 quern
367 2601 410 2635 ad
429 2601 543 2634 vllum
570 2601 705 2646 publici
731 2601 875 2635 honoris
902 2602 1054 2644 gradum
1081 2602 1116 2634 in
1143 2603 1313 2644 quattuor
1330 2600 1508 2645 supremis
1525 2599 1710 2634 literarum
1729 2600 1926 2645 disciplinis

167 2652 393 2697 Theologiae,
422 2654 615 2695 Canonum‚
643 2654 736 2688 Iuris
763 2654 889 2688 Ciuilis
915 2654 1126 2698 prudentiae
1161 2656 1197 2687 et
1222 2654 1421 2688 Medicinae
1447 2653 1690 2694 admitterent,
1727 2654 1787 2697 qui
1824 2664 1926 2687 recu-

167 2708 272 2747 saret,
312 2717 356 2740 ex
392 2708 634 2751 praescriptoa
661 2706 707 2751 [2³]
736 2707 884 2752 Concilij
912 2707 1111 2741 Tridentini
1147 2706 1310 2747 formula,
1350 2707 1434 2750 quid
1473 2707 1643 2747 crederet,
1682 2706 1925 2747 damnaretue,

285 2775 313 2806 a)
334 2776 397 2805 Sim
418 2777 620 2808 vorriqenclum
640 2784 700 2801 esse
721 2777 838 2801 videtur
858 2775 1057 2809 praescripta.

290 2856 298 2873 ¹
325 2855 376 2888 De
403 2856 469 2890 hac
494 2869 532 2890 re
558 2857 639 2890 vide
669 2858 756 2891 Can.
775 2857 825 2891 IV
852 2858 920 2892 654
947 2859 983 2891 et
1008 2869 1117 2901 supra
1142 2869 1176 2901 p.
1196 2857 1240 2891 23
1265 2857 1347 2892 483.

287 2908 298 2926 2
325 2907 475 2942 Romani
501 2910 688 2953 pontifices
714 2910 859 2951 a.1394,
890 2910 991 2951 1437,
1020 2910 1230 2951 1454‚1492
1250 2913 1317 2944 etc.
1344 2910 1617 2950 constituerant,
1645 2910 1685 2942 ut
1709 2908 1744 2941 in
1771 2907 1923 2941 ecclesia

168 2959 441 3003 metropolitana
476 2964 512 2994 et
545 2962 581 2994 in
617 2961 778 2996 ecclesiis
804 2962 1053 3005 collegialibus
1089 2964 1167 2996 sive
1193 2975 1256 3007 per
1280 2962 1529 2996 universitatis
1554 2963 1729 2995 rectorem
1761 2962 1796 2994 et
1826 2972 1923 3004 „pro-

167 3010 323 3044 visores“
354 3023 374 3045 a
399 3013 582 3057 republica
601 3015 826 3056 constitutos,
854 3015 932 3049 sive
950 3027 1014 3059 per
1031 3015 1121 3049 alios
1139 3015 1312 3049 beneficia
1330 3015 1506 3059 quaedam
1531 3015 1568 3048 in
1586 3025 1646 3048 eos
1664 3012 1923 3053 conferrentur,

169 3063 229 3106 qui
263 3064 298 3096 in
324 3065 560 3099 universitate
595 3066 653 3099 vel
687 3066 904 3110 theologiam
932 3068 991 3101 vel
1027 3068 1082 3101 ius
1118 3068 1326 3102 canonicum
1364 3067 1421 3101 vel
1456 3068 1564 3101 etiam
1597 3066 1688 3100 alias
1715 3065 1923 3110 disciplinas

168 3115 333 3148 tradituri
361 3119 479 3150 essent
508 3117 569 3160 (H.
597 3120 750 3152 Keussen
778 3120 801 3153 l.
821 3132 850 3154 c.
878 3119 926 3163 [v.
953 3132 1061 3164 supra
1088 3132 1121 3164 p.
1152 3119 1231 3163 116]
1259 3120 1474 3163 383—404).

291 3169 303 3187 ³
331 3167 383 3201 Cf.
410 3180 518 3213 supra
544 3181 576 3214 p.
607 3171 672 3204 116
701 3172 777 3205 171.
