2045 3471
200 198 286 239 412
696 196 795 230 1411.
825 195 990 231 Ganisius
1016 195 1195 230 Friderico
1222 206 1243 229 a
1260 194 1461 238 &Vix-sberg.

196 315 551 358 reformationem
574 314 809 368 postulent.
843 315 1082 357 Terrentur
1100 313 1470 356 consideratione²
1485 311 1545 368 [Ρ]
1564 316 1807 367 temporum
1829 312 1958 355 mise-

196 377 449 434 randab[?],
473 393 609 421 nouos
627 393 798 434 semper
819 382 962 422 motus
983 379 1153 429 timent,
1177 378 1287 421 alius
1306 377 1436 420 alium
1459 380 1677 432 expectat,
1701 378 1774 431 qui
1795 377 1958 432 primus

197 445 381 498 glaciem
404 445 594 498 frangat,
629 445 687 487 Et
709 443 1012 498 frigidum⁰[?]
1038 444 1302 493 suffumiunt,
1336 443 1576 497 Consiliarij
1611 445 1655 485 et
1685 442 1850 497 politici
1880 443 1957 484 ho-

197 509 346 552 mines.
400 510 476 552 Jta
507 510 656 552 multis
687 509 812 551 annis
844 509 1193 552 intermittuntur
1225 507 1499 551 uisitationes
1531 508 1838 557 Ecclesiarum,
1872 521 1957 550 non

197 575 472 618 celebrantur
494 574 669 628 Synodi,
702 588 788 616 non
821 573 1029 628 recipitur
1061 576 1105 616 et
1126 573 1373 628 publicatur
1396 573 1622 615 concilium
1645 572 1956 623 Tridentinum,

196 639 423 682 ordinandi
463 654 548 682 non
585 639 669 682 rite
702 639 1020 689 examinantur,
1059 641 1248 692 regnant
1279 638 1452 692 impune
1484 637 1674 680 nefanda
1706 637 1958 680 clericorum

197 704 389 747 crimina.
462 705 531 748 Sic
572 704 814 747 dormiente
855 704 985 746 Petro
1030 707 1073 746 et
1113 703 1324 757 vigilante
1364 703 1507 746 Juda1
1549 702 1593 744 in
1635 702 1756 756 peius
1798 702 1959 745 abeunt

197 769 363 822 omnia,
405 772 453 812 ut
495 770 664 812 demum
706 768 782 810 uix
826 769 1023 810 umbram
1068 768 1230 811 ueteris
1271 767 1494 810 Ecclesiae
1538 767 1814 810 retineamus.
1878 767 1960 810 Est

196 848 468 889 summopere
501 834 752 883 timendum,
795 847 849 875 ne
881 835 1106 887 respectus
1139 836 1183 875 et
1215 834 1397 875 affectus
1434 832 1611 874 humani
1642 833 1802 875 multos
1833 845 1959 886 prae-

194 900 308 942 latos
340 899 590 954 impediant,
624 913 707 952 quo
740 898 881 940 minus
912 898 981 940 hid
1013 898 1096 940 rite
1129 897 1412 952 perpendant,
1447 911 1576 951 quam
1609 897 1791 947 Christo,
1831 910 1959 950 quam

196 964 420 1006 Ecclesiae
453 964 556 1014 eius,
601 977 729 1017 quam
762 963 913 1005 ouibus
954 963 1056 1004 fidei
1088 976 1193 1005 suae
1226 962 1486 1004 concreditis
1520 962 1706 1004 debeant
1737 962 1817 1004 hoc
1848 963 1959 1003 tem-

195 1043 298 1083 pore
322 1043 482 1079 curam,
507 1028 794 1082 uigilantiam‚
830 1041 1005 1082 operam
1029 1031 1160 1081 atque
1187 1027 1458 1082 diligentiam
1481 1027 1524 1068 in
1547 1027 1734 1069 arcenda
1762 1027 1959 1080 luporum

196 1094 328 1145 rabie,
362 1094 406 1135 in
439 1093 540 1136 ouili
574 1093 872 1135 conservando
887 1094 915 1143 2,
950 1093 994 1134 in
1026 1093 1288 1135 uindicanda
1319 1092 1542 1146 religione,
1577 1092 1620 1133 in
1652 1091 1960 1134 reformatione

199 1158 497 1201 Ecclesiastici
529 1158 690 1200 ordinis
724 1158 869 1211 aliqua
901 1158 1057 1201 saltem
1091 1172 1146 1199 ex
1178 1161 1304 1212 parte
1336 1157 1614 1200 instituenda.

318 1245 580 1280 Commentario
606 1245 700 1286 huic,
737 1257 757 1279 a
784 1256 864 1289 quo,
900 1245 945 1279 ad
972 1256 1089 1289 quem,
1125 1245 1276 1289 quando,
1312 1245 1404 1278 unde
1433 1245 1538 1278 datus
1565 1245 1622 1285 sit,
1652 1256 1721 1278 non
1749 1245 1802 1278 est
1829 1243 1960 1287 ascrip-

200 1302 289 1334 tum.
338 1298 448 1334 Recte
474 1301 595 1332 tamen
621 1300 816 1343 Reitzc’nyer
842 1301 878 1332 et
905 1299 1005 1332 Riess
1031 1298 1210 1339 dixerunt,
1248 1309 1328 1331 eum
1362 1309 1391 1331 a.
1422 1298 1511 1332 1567
1545 1298 1580 1331 in
1612 1309 1717 1332 usum
1744 1297 1899 1341 episcopi
1926 1298 1962 1329 et

200 1352 372 1386 dioecesis
398 1351 657 1397 herbipolensis
685 1351 919 1396 compositum
945 1363 1034 1386 esse.
1078 1351 1169 1385 Nam
1195 1351 1225 1385 si
1251 1350 1317 1385 has
1346 1350 1501 1393 „Theses
1533 1350 1738 1394 generales⁴⁶
1769 1349 1813 1384 ad
1839 1360 1962 1383 omnes

201 1405 415 1440 Germaniae
451 1404 623 1440 ecclesias
658 1405 880 1450 pertinentes
917 1416 996 1439 cum
1032 1404 1196 1438 thesibus
1234 1404 1312 1438 sive
1349 1404 1506 1438 consiliis
1544 1405 1588 1438 ad
1626 1415 1734 1438 unam
1773 1402 1961 1437 ecclesiam

199 1459 459 1504 spectantibus,
495 1470 586 1502 quae
621 1459 783 1503 proxime
818 1469 957 1502 ponam,
994 1460 1029 1491 et
1064 1469 1144 1491 cum
1175 1457 1352 1500 „Consilio
1378 1457 1627 1500 Theologico“,
1663 1456 1757 1500 quod
1792 1457 1828 1490 in
1862 1455 1961 1489 volu-

200 1512 294 1546 mine
320 1512 382 1546 VI.
418 1523 557 1557 ponam,
595 1512 798 1553 contuleris,
834 1514 908 1545 tres
935 1511 1042 1545 hosce
1069 1511 1344 1545 commentarios
1370 1511 1464 1545 inter
1497 1522 1536 1545 se
1562 1510 1667 1544 valde
1694 1510 1900 1544 coniunctos
1927 1511 1963 1543 et

204 1565 248 1599 ab
275 1565 398 1599 eodem
426 1565 646 1610 conscriptos
673 1577 752 1599 esse
779 1565 894 1605 dices;
923 1563 1188 1598 commentariis
1215 1567 1334 1598 autem
1361 1563 1517 1598 secundo
1544 1567 1579 1598 et
1604 1564 1711 1598 tertio
1737 1563 1860 1597 eodem
1886 1562 1961 1596 fere

202 1622 374 1663 tempore,
410 1630 479 1663 quo
514 1618 583 1663 ipsi
619 1619 811 1663 conscripti
847 1620 942 1659 sunt,
977 1617 1185 1652 adnotatum
1214 1620 1279 1659 est,
1316 1629 1375 1652 eos
1411 1629 1431 1651 a
1459 1616 1599 1651 Canisio
1631 1616 1845 1661 compositos
1871 1626 1961 1650 esse.

202 1672 290 1706 Cum
327 1683 397 1716 qua
432 1684 469 1706 re
507 1674 717 1715 congruunt,
753 1683 844 1715 quae
871 1671 1036 1706 Canisius
1064 1671 1105 1705 de
1132 1671 1238 1705 rebus
1264 1670 1449 1715 Herbipoli
1482 1682 1513 1704 a.
1542 1671 1631 1705 1567
1659 1669 1963 1711 Quadragesimae

202 1727 238 1759 et
272 1725 463 1759 Paschatis
500 1727 660 1769 tempore
698 1736 718 1758 a
757 1736 795 1758 se
834 1724 947 1768 gestis
985 1724 1029 1758 ad
1069 1724 1102 1758 S.
1139 1724 1369 1758 Franciscum
1405 1724 1573 1766 Borgiam
1611 1722 1752 1757 rettulit
1778 1722 1963 1767 Herbipoli

206 1778 259 1813 10.
278 1778 400 1812 Martii
420 1778 509 1812 1567
538 1780 573 1812 et
598 1778 744 1821 Dilinga
772 1778 826 1812 17.
846 1777 979 1822 Aprilis
1001 1777 1110 1812 1567:
1143 1777 1239 1820 „Ego
1269 1803 1275 1810 .
1296 1804 1302 1811 .
1323 1803 1330 1810 .
1359 1788 1483 1810 curare
1509 1775 1648 1821 perg[o]
1676 1778 1716 1810 vt
1743 1775 1960 1820 Confessarij

202 1843 222 1865 a
248 1831 560 1865 Reuerendissimo
595 1831 854 1865 admoneantur
890 1830 932 1864 de
967 1830 1180 1874 praecipuis,
1216 1841 1307 1873 quae
1343 1830 1387 1864 ad
1426 1830 1649 1874 poeni'tentes
1683 1828 1858 1863 iuvandos
1884 1840 1961 1873 per-

201 1884 329 1919 tinent.
357 1911 364 1918 .
380 1911 387 1918 .
403 1910 411 1918 .
450 1883 762 1918 Reuerendissinio
790 1882 918 1917 author
944 1884 1005 1924 fui,
1033 1886 1072 1917 ut
1090 1883 1132 1916 de
1151 1894 1216 1917 sua
1236 1882 1368 1917 diocesi
1385 1883 1520 1917 rectius
1538 1881 1796 1923 constituenda,
1823 1881 1962 1916 uocatis

202 1938 237 1971 in
263 1937 330 1971 hoc
355 1936 443 1970 uiris
471 1936 583 1971 doctis
619 1939 655 1970 et
680 1936 913 1981 sapientibus,
949 1936 1041 1969 serio
1068 1936 1226 1980 coeperit
1251 1935 1466 1970 deliberare⁴⁴
1499 1935 1597 1979 (vide
1623 1946 1733 1980 supra
1758 1946 1791 1979 p.
1818 1934 1887 1970 402
1926 1937 1961 1968 et

201 1990 296 2024 infra
334 2002 388 2035 ep.
417 1989 537 2032 1424).
589 1989 782 2024 Praeterea
820 2000 864 2022 ex
902 1989 993 2022 actis
1028 1991 1237 2030 conventus,
1276 2000 1381 2032 quem
1418 1988 1601 2034 Herbipoli
1639 1988 1671 2022 2.
1699 1988 1834 2033 Aprilis
1871 1987 1959 2022 1567

206 2042 420 2084 „consiliarii
447 2041 701 2076 ecclesiastic?
733 2041 959 2086 praesidente
994 2041 1071 2086 ipso
1098 2042 1264 2086 episcopo
1304 2044 1338 2075 et
1364 2045 1553 2086 praesente
1581 2041 1722 2076 Canisio
1748 2041 1961 2081 habuerunt,

203 2096 439 2140 cognoscitur,
483 2106 503 2129 a
539 2094 681 2130 Canisio
723 2094 898 2137 „Theses“
945 2106 1027 2139 „pro
1067 2095 1318 2129 reformatione
1357 2095 1693 2129 Ecclesiasticarum
1728 2104 1961 2139 personarum

201 2149 437 2194 compositas‘
470 2151 506 2182 et
532 2148 696 2193 episcopo
727 2147 947 2190 „exhibitas“
978 2159 1067 2189 esse,
1095 2151 1203 2192 atque
1233 2148 1348 2191 „circa
1373 2149 1556 2192 negotium
1582 2147 1820 2182 visitationis“
1852 2146 1960 2181 eccle-

198 2204 333 2237 siarum
363 2202 540 2245 „Theses“
570 2213 590 2236 a
618 2201 761 2236 Canisio
788 2201 1005 2246 compositas
1032 2213 1122 2242 esse,
1162 2213 1227 2244 „ex
1254 2201 1383 2245 quibus
1410 2201 1628 2246 conspicitur
1654 2212 1745 2245 quae
1771 2200 1961 2234 videantur

197 2256 412 2297 necessaria,
449 2255 484 2289 in
507 2255 678 2300 juuandis
704 2254 837 2288 morbis
864 2254 1042 2299 collapsae
1069 2255 1143 2288 fere
1170 2254 1389 2295 Ecclesiae“,
1427 2257 1463 2289 et
1495 2253 1651 2299 episcopi
1677 2253 1854 2297 theologis
1880 2264 1960 2287 con-

197 2320 337 2343 cessum
373 2320 471 2349 esse,
510 2311 549 2342 ut
586 2308 720 2351 singuli
755 2307 911 2342 thesium
946 2308 1090 2341 illarum
1130 2308 1287 2352 „copiam
1324 2308 1610 2342 conscriberent‘*
1651 2306 1700 2350 [v.
1735 2307 1829 2340 infra
1866 2317 1959 2341 mon.

196 2361 296 2396 herb.
325 2360 431 2405 (11)].
495 2361 533 2394 In
571 2360 766 2403 ,Consilio“
805 2361 978 2404 denique,
1014 2361 1107 2404 quod
1144 2361 1238 2400 dixi,
1275 2360 1460 2395 Canisius:
1506 2360 1578 2403 ⁷,De
1612 2359 1799 2400 subditis“‚
1832 2358 1960 2402 inquit,

203 2414 396 2458 „quomodo
424 2414 494 2447 illis
522 2413 733 2448 Ordinarius
759 2413 890 2447 habeat
918 2413 1115 2454 attendere,
1151 2425 1245 2447 nunc
1272 2414 1437 2447 monendi
1464 2413 1564 2447 locus
1589 2424 1659 2446 non
1686 2414 1750 2453 est,
1786 2414 1821 2446 et
1846 2411 1960 2445 multa

199 2467 241 2501 de
276 2467 342 2501 hoc
377 2466 519 2510 negotio
554 2467 689 2511 scripta
725 2466 804 2500 dedi
831 2465 1014 2511 Herbipoli
1050 2469 1130 2511 post
1164 2467 1297 2501 festum
1324 2466 1519 2511 paschatis,
1556 2477 1647 2510 quae
1678 2476 1772 2499 nunc
1797 2467 1959 2509 repetere

198 2532 268 2555 non
294 2520 454 2554 attinet.“
508 2519 641 2562 Quodsi
673 2520 738 2554 has
769 2520 930 2562 „theses“
960 2520 1037 2553 sive
1072 2519 1207 2564 scripta
1235 2519 1417 2564 Herbipoli
1453 2519 1660 2564 quaesieris,
1696 2517 1767 2552 alia
1798 2518 1862 2552 tibi
1889 2529 1959 2552 non

200 2576 398 2615 occurrent,
434 2584 540 2617 quam
581 2584 671 2616 quae
709 2584 817 2617 supra
853 2572 954 2618 posui
989 2574 1025 2606 et
1058 2572 1221 2617 proxime
1250 2573 1320 2617 (ep.
1346 2585 1380 2606 n.
1410 2572 1515 2615 1412)
1542 2583 1689 2617 ponam;
1724 2570 1813 2605 haec
1847 2571 1959 2614 igitur

201 2626 383 2671 Herbipoli
409 2626 501 2660 inter
526 2626 581 2660 31.
601 2626 723 2660 Martii
750 2628 786 2659 et
812 2626 842 2660 2.
862 2626 996 2670 Aprilis
1018 2626 1107 2659 1567
1135 2637 1154 2659 a
1174 2626 1315 2660 Canisio
1342 2626 1425 2659 data
1452 2628 1488 2659 et
1513 2625 1677 2670 episcopo
1703 2623 1836 2658 tradita
1862 2626 1957 2658 sunt.

201 2680 253 2713 Ac
278 2679 422 2713 tametsi
441 2679 508 2713 hoc
525 2679 699 2724 scriptum
718 2679 939 2722 singularem
959 2679 1115 2723 episcopi
1135 2678 1506 2713 commemorationem
1524 2690 1594 2712 non
1611 2677 1729 2717 habet,
1756 2676 1957 2721 proximum

319 2760 348 2790 a)
363 2758 393 2791 b)
412 2760 458 2785 Sic
472 2761 549 2791 AR·
568 2761 618 2785 sed
640 2761 738 2785 malim
758 2761 852 2792 {effere
872 2763 940 2785 aut:
960 2759 1205 2785 consideratione
1226 2760 1396 2793 temporum
1416 2759 1598 2785 miserorum
1618 2759 1673 2783 (vel
1693 2756 1959 2789 miserandorum),

202 2804 252 2824 aut
273 2802 301 2825 ι’(ῖ
322 2801 394 2832 quod
416 2801 487 2825 milei
507 2801 595 2826 etiam
617 2802 709 2833 magis
724 2802 887 2833 probatur:
908 2800 1082 2826 conditione
1103 2801 1275 2834 temporum
1294 2800 1475 2826 miseranda.
1557 2802 1582 2832 c)
1604 2800 1651 2825 S1'c
1670 2800 1750 2829 AR,·
1771 2799 1957 2830 leglemlumne

202 2840 342 2872 frigidam
361 2842 396 2872 [ι’.
411 2850 433 2866 e.
454 2842 596 2873 aquam?
669 2842 698 2873 d)
719 2844 745 2867 R
761 2850 939 2874 perperam:
958 2841 992 2868 si.

326 2965 334 2983 ¹
362 2964 416 2998 Cf.
443 2966 497 2999 Mt
524 2966 579 3007 26,
607 2966 765 3005 37—50;
791 2965 850 2999 Mc
880 2966 933 3006 14,
960 2965 1118 3006 37—453
1156 2965 1204 3000 Lc
1230 2966 1286 3005 22,
1312 2965 1463 2999 45-47.
1518 2963 1615 3006 „Non
1640 2974 1732 2996 unus
1760 2966 1814 2998 est
1839 2964 1957 2997 ludas.

206 3016 306 3049 Unus
331 3016 447 3050 malus
474 3029 602 3062 corpus
628 3018 802 3052 malorum
829 3017 1030 3061 significat3
1066 3018 1240 3062 quomodo
1266 3018 1396 3051 Petrus
1423 3028 1551 3061 corpus
1576 3016 1757 3057 bonorum,
1789 3017 1858 3050 imo
1885 3027 1957 3050 cor-

204 3078 269 3112 pus
288 3067 479 3110 Ecclesiae,
507 3071 569 3104 sed
594 3071 629 3104 in
655 3071 789 3105 bonis·⁶
827 3072 863 3105 S.
884 3072 1115 3115 Auyustinus,
1143 3071 1181 3105 In
1208 3071 1350 3105 loannis
1377 3069 1615 3112 Evangelium
1629 3068 1746 3103 Tract.
1766 3070 1821 3109 50,
1848 3081 1880 3103 n.
1902 3069 1956 3102 12.

205 3120 258 3155 Cf.
286 3120 443 3154 eiusdem
470 3122 735 3156 Enarrationem
764 3124 798 3157 in
825 3123 982 3164 Ps.108,
1012 3135 1045 3157 n.
1075 3125 1105 3158 1.
1159 3124 1304 3166 (Meque,
1331 3123 1370 3157 P.
1396 3122 1458 3156 lat.
1484 3121 1620 3155 XXXV
1649 3121 1757 3161 1762ς
1785 3121 1955 3156 XXXVII

208 3172 466 3215 1431—1432.)
614 3175 626 3195 ²
653 3175 705 3208 Cf.
734 3176 769 3209 10
799 3176 850 3216 10,
880 3177 1012 3215 1——151
1040 3178 1110 3210 Act
1136 3176 1191 3216 20,
1218 3176 1262 3210 28
1290 3176 1353 3215 29;
1382 3176 1398 3209 1
1427 3175 1513 3209 Petr
1540 3175 1570 3215 5,
1599 3174 1689 3207 1—-4
1716 3177 1783 3208 etc.
