2077 3461
732 198 878 242 Dilinga
904 198 959 232 26.
988 197 1067 231 Iulii
1096 197 1197 232 1565.
1790 198 1843 238 85

86 320 299 372 oportuna
332 310 552 371 discipulis
585 331 678 358 esse
711 317 906 371 putabat.
970 316 1155 358 Videtur
1196 315 1250 357 ad
1283 314 1416 357 otium
1450 328 1545 356 esse
1577 314 1842 368 propensior,

85 386 128 426 et
159 382 332 437 proprio
355 396 659 435 nonnunquam
682 382 902 424 abundare
923 380 1092 430 iudicio,
1127 381 1244 422 Bene
1266 383 1412 422 tamen
1436 379 1488 421 de
1510 379 1583 421 illo
1606 393 1842 433 speramus.

203 447 247 489 Ρ.
274 447 508 500 Gasparus,
542 447 709 488 infirmo
733 460 903 499 semper
926 448 994 488 est
1016 459 1207 499 corpore,
1242 444 1530 486 Concionandi
1563 459 1716 486 munus
1749 458 1842 485 cum

85 511 341 554 difficultate
381 511 568 553 sustinet
583 512 608 562 1,
648 511 775 564 Legit
807 511 985 553 alternis
1018 524 1113 552 cum
1146 511 1197 552 D.
1232 509 1388 551 Torres
1421 508 1726 562 Theologicam
1757 509 1843 550 lec-

82 576 257 627 tionem,
291 575 643 618 Mathematicam
678 576 867 628 quotidie
900 576 975 617 sed
1007 575 1231 617 dimidiata
1263 574 1370 616 hora
1401 577 1585 616 tantum.

201 641 258 684 M.
283 641 528 695 Stephanus
550 640 756 691 Liberius,
791 655 873 682 non
907 655 1083 694 prorsus
1115 654 1246 682 sanus
1279 641 1358 689 est,
1392 638 1666 680 mediocriter
1697 641 1844 680 tamen

83 709 134 749 vt
154 705 384 760 plurimum
408 706 540 755 valet,
565 705 752 746 officium
775 705 985 759 praefecti
1009 705 1248 748 studiorum
1271 704 1314 746 in
1338 703 1546 746 classibus
1569 702 1845 744 inferioribus

83 771 191 812 bene
231 770 517 820 administrat,
559 771 615 812 Jn
658 770 798 811 officio
831 770 1048 812 Ministri2
1079 769 1335 824 imperiosus
1367 768 1558 810 nonnihil
1591 767 1844 821 quibusdam

84 835 268 885 videtur,
312 835 494 889 diligens
531 838 676 877 tamen
710 835 819 877 satis
851 837 896 877 et
926 835 1129 889 prudens
1193 834 1458 888 Scripseram
1492 833 1601 875 alias
1634 833 1684 874 de
1718 847 1767 874 eo
1801 833 1842 873 in

83 900 320 953 Collegium
361 900 509 942 Sancti
551 899 805 953 Hieronymi
846 899 1170 948 transferendo,
1217 899 1329 953 quod
1374 899 1503 941 etiam
1550 897 1842 939 necessarium

84 966 278 1015 videtur,
321 965 357 1006 si
397 965 497 1006 inde
538 965 733 1007 discedat
774 965 819 1007 P.
855 965 1041 1007 Thomas
1058 966 1086 1007 3.
1159 965 1302 1006 Vnum
1343 963 1447 1005 mihi
1490 962 1842 1017 impedimentum

84 1030 284 1081 occurrit,
319 1044 372 1072 ne
404 1030 568 1072 scilicet
596 1030 728 1071 nimia
760 1029 817 1072 sit
839 1030 930 1071 eius
952 1030 996 1071 in
1018 1029 1241 1084 praedicto
1274 1030 1367 1071 loco
1400 1029 1592 1079 libertas,
1628 1027 1747 1069 cuius
1779 1027 1844 1068 vi-

84 1096 209 1138 detur
240 1109 336 1137 esse
368 1095 607 1137 amantior³
641 1093 716 1149 [?],
763 1108 890 1147 quam
923 1098 1070 1137 tamen
1103 1094 1193 1136 eius
1226 1097 1383 1136 natura
1416 1097 1460 1136 et
1491 1093 1697 1136 valetudo
1729 1092 1844 1134 forte

82 1160 320 1213 requirunt,
354 1160 532 1209 Deinde,
567 1174 620 1202 ne
653 1159 827 1201 difficile
859 1160 957 1202 huic
986 1160 1042 1202 sit
1064 1160 1110 1202 P.
1135 1159 1402 1202 Rabenstain
1425 1162 1632 1212 tanquam
1657 1157 1843 1210 Regenti

83 1225 260 1267 subesse
293 1259 302 1268 .
336 1225 436 1279 quia
468 1229 650 1278 vterque
683 1225 744 1267 sic
776 1225 884 1267 satis
916 1225 1171 1279 imperiosus
1205 1239 1299 1267 esse
1331 1224 1512 1267 dicatur.
1555 1224 1673 1265 Bene
1695 1225 1842 1265 tamen

84 1290 135 1332 de
167 1293 353 1343 Vtroque
385 1304 523 1344 spero.

200 1355 248 1398 P.
281 1355 569 1397 Laurentius4
601 1355 851 1408 diligentem
885 1355 976 1409 agit
1010 1355 1187 1409 Collegij
1230 1358 1569 1409 procuratorem,
1612 1356 1656 1395 et
1696 1351 1843 1394 multis

82 1434 150 1462 me
183 1421 393 1474 molestijs
427 1420 595 1470 liberat,
630 1420 918 1463 Concionatur
940 1421 1070 1463 etiam
1093 1420 1251 1475 pueris,
1286 1433 1518 1472 eorumque
1551 1417 1712 1472 excipit
1734 1418 1842 1459 Con-

86 1485 311 1536 fessiones,
347 1485 518 1538 quietus
552 1488 631 1528 est.

200 1550 247 1593 P.
271 1550 485 1592 Henricus
499 1551 514 1577 5
536 1550 776 1592 Dulkenius
809 1550 950 1592 minus
972 1550 1111 1604 gratis
1135 1553 1202 1592 est
1223 1550 1267 1592 in
1289 1549 1447 1592 scholis
1469 1550 1648 1603 propter
1670 1548 1843 1601 linguae

83 1615 356 1667 germanicae
382 1615 656 1668 imperitiam,
689 1615 894 1657 laudatur
914 1619 1060 1657 tamen
1085 1629 1110 1657 a
1133 1615 1372 1668 diligentia,
1402 1629 1530 1667 quam
1553 1614 1596 1655 in
1620 1611 1844 1666 exigendis

83 1682 127 1722 et
143 1679 409 1727 inculcandis
426 1680 681 1722 lectionibus
699 1681 886 1729 adhibet,
912 1680 1165 1722 mutandum
1183 1684 1338 1734 putant
1355 1680 1398 1721 in
1415 1679 1602 1733 gratiam
1622 1677 1840 1727 nobilium,

82 1745 153 1798 qui
177 1745 437 1787 Germanum
460 1745 624 1796 volunt,
650 1748 826 1800 propter
847 1746 1264 1800 interpretationem,
1292 1748 1630 1799 praeceptorem.
1686 1743 1840 1785 Succe—

83 1810 204 1853 deret
236 1810 297 1851 illi
329 1810 895 1869 Christophorus'Ziglerus
912 1813 939 1861 ⁶,
987 1811 1059 1865 qui
1102 1811 1385 1866 penultimam
1430 1811 1613 1852 classem
1659 1823 1685 1850 a
1726 1808 1840 1850 festo

82 1875 269 1929 paschae
316 1875 588 1928 gubernauit.
658 1876 717 1918 Vt
762 1876 873 1918 enim
914 1876 982 1918 hic
1024 1890 1078 1918 ex
1119 1876 1411 1930 philosophico
1454 1875 1595 1918 studio
1636 1887 1840 1926 magnum

84 1940 271 1982 fructum
304 1940 479 1990 referat,
524 1955 677 1994 parum
710 1945 888 1995 sperant
928 1942 1078 1985 nostri.
1143 1941 1449 1995 Christophoro
1492 1944 1637 1982 autem
1671 1939 1841 1991 Ziglero

81 2005 125 2046 in
156 2005 394 2059 penultima
431 2006 570 2047 classe
602 2006 853 2048 succederet
885 2007 1188 2048 Hermannus7
1220 2006 1420 2057 nouitius,
1455 2019 1578 2059 quem
1613 2003 1840 2046 Monachio

82 2073 363 2124 expectamus
400 2070 442 2112 in
476 2070 578 2113 dies.
642 2071 710 2112 Ad
752 2072 949 2115 vltimam
990 2086 1094 2113 vero
1133 2072 1295 2114 rediret
1328 2072 1527 2121 Rosetus,
1571 2070 1642 2123 qui
1683 2068 1838 2111 Christi

83 2135 242 2188 gratia,
276 2135 447 2188 integre
480 2150 591 2177 nunc
623 2136 796 2179 videtur
827 2137 1057 2180 restitutus
1073 2138 1102 2180 8.

199 2201 255 2243 Μ.
291 2200 502 2242 Henricus
534 2200 824 2243 Vuinsenius9
857 2203 928 2255 qui
970 2206 1014 2245 et
1056 2203 1208 2244 doctus
1240 2205 1284 2244 et
1317 2202 1488 2255 quietus
1521 2203 1588 2243 est
1619 2199 1840 2241 videretur

80 2280 164 2307 non
187 2265 398 2307 inutiliter
419 2265 603 2308 Holonio
625 2267 888 2320 Jngolstadij
911 2281 1038 2321 posse
1071 2267 1301 2309 succedere
1332 2271 1423 2310 tam
1455 2267 1499 2308 in
1531 2265 1687 2308 scholis
1710 2278 1837 2317 quam

79 2330 123 2372 in
156 2331 280 2372 domo
314 2330 621 2373 conuictorum.
676 2331 846 2374 Gaudet
868 2332 980 2374 enim
1002 2333 1198 2387 pluscula
1220 2332 1424 2375 libertate
1446 2331 1606 2373 iamdiu
1638 2330 1679 2371 in
1714 2330 1838 2370 domo

204 2428 230 2449 a)
252 2423 299 2447 Vel
319 2422 565 2453 amantissimus;
585 2424 733 2448 olm-arius
751 2425 891 2457 scriplum
913 2429 962 2450 est.

201 2546 211 2565 ¹
236 2545 424 2580 Haivodus
458 2545 519 2589 (cf.
551 2557 660 2591 supra
695 2559 727 2592 p.
755 2548 832 2592 84²)
868 2548 1001 2583 latinas
1037 2549 1081 2583 ad
1116 2549 1295 2583 studiosos
1330 2548 1485 2582 habebat
1520 2546 1721 2585 contiones;
1758 2544 1838 2578 vide

84 2599 170 2632 Can.
197 2598 247 2632 IV
272 2599 340 2633 477
368 2599 447 2633 542.

202 2652 214 2671 2
245 2652 481 2685 Theodoricus
510 2653 677 2686 Canis-ius
714 2654 767 2687 15.
794 2654 880 2688 Maii
909 2655 997 2688 1565
1035 2654 1186 2698 Borgiae
1214 2654 1445 2698 *sc1·ipserat‚
1481 2652 1660 2686 Liberium
1697 2650 1837 2693 collegii

79 2703 250 2748 dilingani
277 2705 481 2738 ministrum
508 2717 587 2739 esse
616 2705 653 2748 (l.
681 2706 727 2748 c.)

198 2758 210 2777 ³
236 2757 479 2798 Darbishirus,
507 2759 729 2792 contubernii
756 2759 852 2793 illius
878 2772 1018 2803 regens.

199 2812 210 2830 4
238 2810 514 2850 He1·manutius;
541 2811 583 2844 de
611 2822 678 2856 quo
708 2812 794 2846 Can.
823 2812 852 2845 ll
881 2813 969 2853 503;
996 2813 1045 2847 IV
1073 2813 1140 2847 375
1168 2816 1233 2847 ete.

199 2864 212 2883 ⁵
236 2863 447 2903 Montanus,
483 2864 597 2897 Berus
633 2864 819 2907 (Bergus‘?
855 2866 1092 2909 Bergerusi'),
1128 2877 1172 2899 ex
1208 2865 1369 2907 Dfflken,
1409 2864 1621 2899 Germaniae
1657 2864 1836 2898 inferioris

80 2915 216 2960 oppido,
243 2919 362 2957 ortus;
394 2917 475 2951 vide
506 2919 590 2951 Can.
619 2917 668 2950 IV
694 2918 774 2952 501.

197 2970 210 2989 ⁶
235 2969 288 3003 De
314 2969 380 3004 hoc
407 2970 488 3003 vide
519 2972 604 3004 Can.
634 2970 681 3003 III
708 2971 915 3011 494—495;
943 2971 991 3005 IV
1020 2972 1099 3005 648.

200 3023 212 3042 ⁷
237 3023 370 3062 Faber;
398 3022 440 3056 de
467 3034 535 3067 quo
566 3024 651 3057 Can.
680 3023 728 3057 IV
755 3023 851 3057 425³.

198 3076 210 3095 ⁵³
236 3075 291 3109 Fr.
321 3075 599 3120 Christophorus
626 3077 779 3110 Rosetus
814 3077 1039 3111 monacensis
1074 3077 1193 3122 specie
1220 3077 1374 3122 quadam
1401 3077 1513 3112 morbi
1540 3078 1663 3112 caduci
1700 3077 1835 3111 labora—

80 3130 199 3167 verat:
227 3128 309 3162 vide
339 3130 424 3163 Can.
452 3129 501 3163 IV
528 3130 596 3163 529
622 3130 702 3164 591.

198 3182 210 3200 ⁹
237 3180 320 3215 Sive
347 3181 480 3221 Hordt3
510 3182 591 3216 vide
621 3184 708 3217 Can.
736 3182 784 3216 IV
811 3182 890 3217 501.
