2077 3461
454 191 566 225 Roma
591 191 684 225 inter
710 203 755 225 m.
774 191 909 225 Maium
936 193 972 225 et
997 190 1244 236 Septembrem
1274 191 1441 234 156502).
1775 192 1827 233 81

74 311 303 364 odioseque
344 310 645 364 perstringant
676 310 766 352 siue
798 310 841 351 in
873 309 1069 364 publicis,
1112 308 1203 350 siue
1236 308 1278 349 in
1320 308 1503 362 priuatis
1535 308 1830 351 conuentibus.

73 375 261 417 Credant
284 375 522 417 Germanos
546 374 751 417 comitate
784 378 828 416 et
849 374 1063 417 modestia
1095 373 1294 427 quadam,
1329 387 1439 426 quae
1470 373 1512 414 in
1545 373 1705 416 nostris
1738 387 1832 415 esse

74 441 202 482 debet
242 439 473 489 excellens,
515 439 710 493 inprimis
752 439 974 481 conciliari
1006 438 1214 481 Societati
1256 437 1365 488 huic,
1411 451 1519 490 quae
1553 438 1679 480 debet
1711 439 1833 480 salua

75 504 244 559 quidem
267 503 492 557 Religione
523 503 730 546 maiorem
762 503 805 544 in
837 504 1010 546 modum
1043 517 1088 545 se
1122 502 1348 545 Germanis
1380 502 1618 555 horumque
1650 503 1834 556 ingenijs

75 569 415 612 accommodare.

194 633 488 675 Obseruentur
519 633 563 674 in
603 635 786 686 utroque
818 635 968 676 statul
999 646 1200 687 proceres
1243 635 1286 674 et
1318 634 1596 686 praest-antes
1628 632 1835 682 homines,

75 713 152 753 per
192 713 299 752 quos
339 699 496 740 bonum
537 711 791 751 promouere
832 698 1048 751 publicum
1091 700 1135 740 et
1167 697 1478 739 authoritatem
1520 697 1643 738 nobis
1676 711 1836 749 augere

75 763 302 817 possimuS.
355 762 623 805 Adferantur
655 762 720 803 his
753 776 879 815 noua,
914 763 948 803 si
982 775 1092 815 quae
1125 776 1179 804 ex
1203 762 1319 803 Vrbe
1345 761 1559 803 Jndiana³
1590 761 1835 811 mittuntur,

77 828 291 870 donentur
323 826 617 869 conclusiones
649 841 800 869 recens
827 827 969 869 editae
983 828 1011 877 2,
1046 830 1121 869 aut
1153 826 1286 868 libelli
1318 840 1402 868 non
1436 826 1498 868 ita
1530 827 1677 880 magni
1709 826 1836 880 pretij

77 896 159 942 etc,
193 895 242 935 ut
273 892 412 946 magis
444 892 669 945 magisque
701 891 823 933 nobis
856 891 1150 934 concilientur.

196 957 412 999 Caueatur
455 956 625 1007 sedulo,
671 970 725 998 ne
769 970 942 998 causam
989 956 1178 998 habeant
1221 955 1516 998 Ecclesiastici
1561 960 1604 999 et
1648 955 1839 1009 religiosi

76 1022 237 1064 nostris
271 1021 555 1072 obtrectandi,
590 1024 634 1063 et
666 1035 719 1063 ne
751 1023 905 1075 putent
938 1036 963 1062 a
985 1021 1107 1062 nobis
1140 1035 1218 1063 sua
1251 1021 1473 1062 obseruari
1504 1021 1624 1071 uitia,
1659 1035 1837 1074 quorum

79 1101 278 1129 censores
312 1100 406 1128 esse
438 1086 633 1129 uelimus.
697 1086 836 1139 Igitur
868 1086 1114 1140 superiores
1146 1100 1230 1127 non
1271 1085 1507 1140 patiantur,
1550 1089 1598 1128 ut
1631 1086 1682 1127 de
1714 1085 1840 1127 malis

79 1152 209 1194 etiam
244 1151 457 1193 Praelatis
490 1153 534 1192 et
566 1151 733 1193 clericis
756 1151 846 1192 siue
869 1151 1091 1192 monachis
1113 1150 1156 1191 in
1179 1150 1372 1204 collegijs
1396 1151 1464 1192 uel
1488 1150 1590 1192 alibi
1613 1150 1839 1203 quicquam

79 1216 216 1258 nostri
259 1215 449 1258 iudicent
494 1219 569 1258 aut
613 1218 847 1270 spargant:
895 1216 980 1258 imo
1028 1216 1172 1270 potius
1219 1215 1390 1256 illorum
1438 1215 1749 1257 authoritatem
1797 1218 1841 1257 et

79 1281 285 1323 honorem
318 1281 459 1334 quoad
492 1281 583 1322 eius
614 1281 708 1323 fieri
739 1283 898 1335 potest,
943 1284 1146 1323 accurate
1180 1280 1426 1330 defendant,
1461 1284 1509 1322 ut
1541 1283 1713 1322 nostros
1746 1293 1841 1321 esse

80 1345 223 1401 potius
255 1346 415 1388 amicos
448 1348 492 1388 et
522 1346 729 1395 fautores,
763 1360 892 1399 quam
912 1345 1224 1387 reformatores
1248 1359 1297 1386 ac
1320 1345 1525 1394 aemulos,
1561 1345 1840 1387 arbitrentur.

199 1411 338 1464 Saepe
378 1411 421 1452 hi
452 1411 533 1464 ipsi
566 1414 752 1464 urgeant
785 1411 1067 1465 professores,
1110 1413 1157 1452 ut
1190 1410 1244 1452 ad
1277 1424 1431 1451 munus
1472 1409 1701 1464 profitendi
1737 1410 1842 1451 bene

81 1475 331 1530 praeparati
373 1476 595 1526 accedant,
640 1479 683 1518 et
725 1490 892 1518 summa
932 1476 1038 1518 illud
1075 1476 1157 1517 tide
1191 1476 1361 1525 obeant,
1405 1474 1495 1516 siue
1536 1475 1708 1525 multos,
1752 1474 1842 1515 siue

81 1554 241 1595 paucos
289 1540 477 1583 habeant
525 1541 758 1584 auditores.
833 1542 881 1582 In
927 1540 1117 1582 docendo
1165 1539 1347 1592 gratiosi
1394 1542 1701 1593 praeceptores
1748 1553 1842 1581 esse

82 1606 359 1655 contendant,
399 1606 588 1658 aliquam
622 1606 851 1648 uerborum
885 1606 1147 1660 elegantiam
1181 1605 1396 1654 adferant,
1431 1604 1534 1646 nihil
1568 1604 1730 1646 dictent
1763 1604 1844 1645 nisi

83 1671 195 1724 quod
244 1670 300 1713 sit
348 1671 632 1720 elaboratum,
681 1685 765 1712 non
810 1671 942 1713 edant
985 1670 1153 1724 publice
1200 1670 1280 1711 nisi
1326 1672 1522 1711 correcta
1568 1669 1685 1723 prius
1730 1673 1774 1712 et
1818 1683 1843 1711 a

83 1735 304 1790 superiore
336 1736 402 1777 uel
438 1737 530 1790 ejus
562 1735 705 1778 uicesb
739 1735 799 1790 [P]
834 1737 1062 1791 supplente
1095 1735 1350 1789 approbata.

202 1801 304 1842 Cum
337 1803 478 1843 tutum
512 1815 597 1842 non
630 1801 699 1851 sit,
733 1801 832 1843 noui
866 1801 1028 1854 aliquid
1055 1800 1243 1842 muneris
1266 1798 1496 1853 auspicari,
1531 1799 1641 1852 quod
1665 1799 1842 1841 Patroni

84 1865 219 1907 nostri
253 1865 389 1908 uelint
412 1865 564 1907 deinde
598 1868 851 1920 perpetuum
886 1866 1045 1915 facere,
1080 1869 1123 1907 et
1157 1865 1291 1906 ueluti
1324 1878 1402 1918 pro
1436 1864 1532 1916 lege
1564 1864 1785 1917 postulare
1819 1878 1843 1906 a

84 1930 390 1985 superioribus,
426 1932 577 1972 curent
609 1930 651 1972 hi
684 1945 810 1983 quam
845 1934 1025 1985 possunt
1049 1929 1390 1983 diligentissime,
1425 1932 1473 1971 vt
1494 1928 1537 1970 in
1560 1928 1624 1970 his
1648 1929 1701 1971 ad
1735 1943 1844 1982 quae

86 1995 265 2048 obligati
298 2009 458 2044 sumus,
493 1998 647 2038 exacte
669 1996 807 2038 nostri
830 1996 966 2038 offitio
990 2009 1066 2037 suo
1101 1997 1144 2036 et
1176 1995 1382 2036 bonorum
1407 1994 1458 2035 de
1482 2008 1528 2035 se
1551 1994 1846 2048 expectationi

84 2060 250 2102 faciant
287 2060 407 2109 satis,
450 2060 707 2114 praesertim
747 2061 791 2102 in
824 2060 996 2114 templis
1039 2063 1082 2102 et
1115 2059 1284 2102 scholis
1349 2058 1393 2101 Si
1426 2058 1730 2112 disputandum
1764 2063 1843 2109 est,

86 2124 353 2178 argumentis
394 2125 526 2178 probe
566 2125 767 2168 instructi
808 2126 999 2175 veniant,
1045 2125 1087 2167 Si
1128 2123 1404 2167 tractandum
1447 2123 1498 2165 de
1538 2125 1845 2178 controuersijs

85 2189 209 2231 huius
231 2189 452 2243 temporis,
481 2190 705 2233 excutiant
729 2190 959 2244 diligenter
982 2192 1240 2243 argumenta
1264 2189 1592 2230 haereticorum.
1639 2189 1681 2230 Si
1705 2189 1845 2230 cultus

86 2254 255 2296 diuinus
288 2254 566 2305 exercendus,
601 2255 706 2296 nihil
737 2255 781 2297 in
813 2255 975 2297 nostris
1006 2255 1143 2309 possit
1177 2253 1426 2296 desiderari.

205 2319 397 2361 Tertium
430 2319 614 2361 medium
649 2324 693 2362 et
725 2320 985 2375 praesidium
1019 2320 1250 2374 petendum
1285 2333 1310 2360 a
1342 2318 1631 2372 magnatibus

204 2384 294 2433 Quo
334 2384 470 2425 nostri
503 2385 663 2426 rectius
695 2399 799 2427 suae
832 2385 1050 2428 uocationi
1083 2384 1414 2438 respondebunt,
1458 2386 1501 2425 et
1534 2383 1716 2437 primum
1751 2397 1845 2424 Cum

87 2450 191 2499 Deo,
226 2448 379 2490 deinde
412 2463 506 2490 cum
540 2450 830 2504 superioribus
863 2453 989 2492 erunt
1022 2449 1351 2497 coniunctiores,
1393 2462 1442 2489 eo
1475 2449 1614 2501 magis
1647 2448 1845 2490 fauentes

87 2514 251 2566 sibique
284 2513 537 2556 conciliatos
570 2514 759 2557 sentient
791 2515 1060 2569 Magnatum,
1104 2514 1348 2568 Principum
1383 2515 1426 2554 et
1459 2514 1658 2566 precipue
1693 2514 1846 2555 Patro-

87 2592 238 2620 norum
272 2592 446 2620 suorum
479 2579 644 2620 animos
683 2580 767 2621 Deo
801 2580 1054 2622 auxiliante.

206 2644 264 2684 Et
296 2643 495 2696 quoniam
522 2643 764 2698 Principum
796 2647 840 2687 et
862 2645 1198 2698 Magistratuum
1223 2644 1465 2685 authoritas
1498 2643 1611 2696 apud
1643 2643 1845 2696 populum

90 2708 388 2750 Germanicum
430 2708 657 2762 plurimum
700 2709 830 2758 ualet,
874 2710 1067 2751 cauenda
1108 2709 1230 2750 nobis
1273 2709 1414 2749 onmia
1453 2708 1694 2760 diligenter,
1737 2721 1847 2761 quae

88 2772 230 2814 odium
263 2774 307 2815 et
338 2773 541 2815 inuidiam
576 2774 697 2815 nobis
729 2775 841 2828 apud
865 2775 1093 2827 Magnates
1126 2788 1280 2827 parere
1313 2776 1513 2826 possunt:
1548 2773 1848 2826 amplectenda

90 2851 192 2880 uero
235 2841 278 2880 et
310 2838 458 2879 sedulo
493 2839 782 2880 consectanda
814 2839 901 2889 illa,
946 2853 1055 2891 quae
1088 2840 1141 2880 ad
1185 2838 1410 2891 primarios
1445 2838 1559 2879 uiros
1592 2838 1713 2879 nobis
1747 2852 1847 2879 con-

89 2902 295 2944 ciliandos
336 2902 514 2946 faciunt.
579 2903 822 2944 Cuiusmodi
865 2917 958 2945 esse
1001 2904 1214 2951 videntur,
1258 2903 1294 2944 si
1335 2903 1469 2943 bonos
1511 2905 1554 2944 et
1593 2903 1845 2956 eloquentes

209 2984 236 3012 a)
257 2982 387 3007 Jndiane
407 2986 466 3008 ant.
541 2982 570 3014 b)
594 2984 639 3007 1311
659 2984 709 3013 sic,
732 2985 772 3008 rel
793 2983 889 3009 uicem
909 2984 1111 3014 co›·›·1'51›3nd1‹»1
1135 2986 1174 3006 rs?
1195 2991 1229 3007 ezr
1250 2982 1322 3008 llice.
1343 2983 1416 3013 quw!
1437 2986 1477 3006 es!
1500 2983 1527 3006 in
1550 2987 1608 3008 md.

213 3066 220 3085 ¹
250 3065 288 3098 ln
316 3066 437 3099 ordine
464 3066 709 3101 ecclesiastico
736 3069 771 3100 et
798 3067 831 3099 in
859 3066 979 3100 ordine
1006 3066 1114 3100 civili.

211 3118 223 3138 2
250 3117 424 3163 Exempla
463 3119 698 3164 epistularum
741 3119 977 3161 „indicarum“
1018 3121 1051 3152 et
1091 3118 1249 3160 „theses“
1292 3119 1324 3152 in
1362 3118 1659 3153 universitatibus
1697 3119 1739 3152 ad
1779 3119 1847 3152 dis-

91 3171 287 3215 putandum
314 3172 516 3216 propositas
542 3172 741 3215 significat:
769 3172 813 3206 cf,
846 3173 932 3206 Can.
960 3172 991 3205 ΙΙ
1018 3172 1223 3206 292—293:
1254 3172 1301 3205 IV
1328 3172 1392 3206 381
1422 3173 1490 3206 462
1517 3172 1714 3206 609—610.

163 3234 473 3267 Braunsberger,
494 3236 605 3262 Canisii
628 3236 782 3269 Epistulae
803 3237 833 3262 vt
849 3237 932 3261 Acta.
957 3235 991 3262 V.
1546 3232 1565 3265 (›
