2077 3461
692 199 837 243 Dilinga
865 200 919 234 15.
938 198 1040 233 Febr.
1062 199 1163 233 1565.
1757 200 1807 240 17

54 320 241 364 muneris
282 320 450 362 ratione
491 321 638 361 monet
680 318 922 372 diligenter,
965 320 1012 359 ut
1051 316 1365 370 quamprimum
1399 316 1544 359 licebit
1577 316 1810 366 commode,

55 388 372 438 congregentur
402 384 556 426 Patres
589 397 644 425 ex
675 383 754 425 hac
788 383 1006 437 provintia
1038 381 1276 436 praecipui,
1320 384 1364 423 et
1395 381 1509 423 inter
1540 395 1586 423 se
1617 381 1680 422 illi
1712 395 1813 422 con-

54 451 210 500 ferant,
245 463 350 502 quos
378 449 433 491 ad
455 448 590 491 futuri
612 448 854 502 Praepositi
879 447 1104 490 Generalis
1127 445 1381 488 electionem
1404 445 1564 487 rectius
1586 445 1629 486 in
1651 445 1811 487 Vrbem

55 514 167 557 mitti
214 527 339 568 posse
387 513 592 555 sentiant.
665 513 729 554 De
773 527 840 554 me
884 513 964 554 hoc
1009 526 1138 553 unum
1184 511 1344 560 dicam,
1390 510 1814 552 Reuerendissimum

56 579 281 621 Dominum
315 578 585 620 Cardinalem
627 577 753 619 hodie
794 591 916 618 suam
958 576 1060 618 mihi
1092 575 1354 618 sententiam
1388 575 1644 629 explicasse,
1688 589 1814 627 quam

56 643 216 698 scripto
249 643 380 685 etiam
420 643 609 685 fortasse
651 642 922 684 confirmabit
954 645 1085 695 atque
1117 640 1320 682 defendet
1340 641 1365 689 1,
1407 639 1607 681 nimirum
1640 642 1818 693 propter

56 708 236 752 Comitia
268 707 440 762 Imperij
474 708 623 749 Mense
654 707 783 757 Maio,
827 708 894 758 (ut
925 705 1114 761 putant),
1157 705 1383 758 Augustae
1422 704 1663 746 inchoanda
1677 705 1705 754 2,
1749 718 1817 745 me

57 773 289 815 difficulter
332 773 506 822 abesse,
552 776 596 815 et
640 772 822 813 Romam
866 771 1077 825 proficisci
1121 784 1248 824 posse
1294 773 1516 823 tempore¹³
1566 769 1816 811 constituto.

57 837 274 892 Respondi
314 852 432 887 uero,
474 850 543 878 me
583 837 798 879 facturum
843 836 1042 889 quicquid
1075 835 1282 877 Dominus
1314 849 1392 888 per
1424 833 1669 888 superiores
1700 847 1818 875 meos

59 903 363 946 constitueret:
406 902 559 955 Neque
601 902 707 944 adeo
740 915 881 943 meam
919 915 1023 942 sane
1064 899 1357 954 praesentiam
1390 900 1519 941 rebus
1553 897 1820 941 Germanicis

60 968 191 1010 uideri
234 967 544 1017 necessariam,
587 969 631 1008 et
672 969 930 1008 conuentum
973 965 1047 1006 vix
1090 965 1197 1007 satis
1238 965 1446 1006 indictuni
1488 963 1660 1018 lmperij
1703 964 1820 1005 lente

59 1033 258 1088 progredj
293 1036 340 1075 ut
367 1032 493 1075 anteb
526 1035 777 1073 autumnum
811 1031 935 1073 huius
968 1030 1068 1072 anni
1105 1044 1257 1084 parum
1289 1029 1331 1070 in
1364 1030 1436 1071 1110
1470 1029 1527 1071 311
1558 1029 1672 1070 forte
1703 1031 1821 1071 trac-

60 1098 251 1141 tandum.
314 1098 488 1140 Interea
520 1096 742 1150 Principes
783 1096 857 1137 uix
903 1098 1191 1137 conuenturos
1234 1108 1342 1136 esse.
1406 1094 1483 1135 Ille
1525 1107 1628 1134 uero
1669 1096 1821 1135 contra

60 1163 264 1218 putabat,
313 1177 381 1204 me
424 1162 522 1203 inde
570 1162 623 1203 ab
667 1161 789 1203 initio
834 1164 924 1203 tum
967 1160 1070 1210 sibi,
1118 1163 1210 1202 tum
1250 1159 1517 1212 Principibus
1566 1158 1821 1210 quibusdam

62 1227 285 1270 catholicis
326 1231 370 1270 et
402 1227 590 1269 maxime
622 1225 970 1280 Archiepiscopis
1003 1225 1156 1267 adesse
1189 1227 1402 1278 oportere.
1466 1224 1594 1276 Ego⁰‚
1639 1226 1687 1264 ut
1719 1222 1821 1272 dixi,

61 1294 104 1334 in
137 1292 418 1335 Obedientiae
451 1294 630 1334 sanctae
663 1291 837 1333 decreto
860 1291 1046 1333 libenter
1078 1289 1346 1342 acquiescam
1381 1291 1424 1330 et
1448 1291 1620 1330 nostros
1642 1288 1822 1329 monebo

62 1358 216 1400 Patres
227 1357 255 1408 ⁶,
288 1361 337 1400 ut
369 1357 420 1399 de
452 1371 520 1399 me
545 1357 628 1410 ipsi
649 1357 850 1398 statuant
870 1355 1018 1405 libere,
1053 1354 1281 1407 omniaque
1304 1353 1499 1395 referant
1521 1353 1576 1394 ad
1599 1352 1822 1394 arbitrium

64 1423 114 1466 R.
151 1422 196 1465 P.
239 1426 364 1473 tuae,
410 1436 520 1475 quae
561 1435 639 1463 nos
681 1421 819 1463 adhuc
859 1419 1022 1474 poterit
1063 1420 1105 1461 in
1144 1422 1340 1473 tempore
1382 1418 1589 1460 certiores
1630 1417 1824 1466 reddere,

66 1487 265 1541 quicquid
313 1487 367 1529 ad
414 1487 620 1528 maiorem
669 1486 750 1528 Dei
797 1485 979 1539 gloriam
1028 1484 1150 1526 nobis
1203 1484 1447 1526 faciendum
1499 1497 1594 1524 esse
1645 1482 1824 1536 putarit.

66 1553 226 1607 Scripsi
258 1551 487 1607 postremis
521 1552 572 1593 de
604 1551 728 1593 huius
762 1551 930 1605 collegij
965 1550 1240 1592 defectibuse.
1293 1549 1420 1590 Nunc
1450 1548 1531 1590 hoc
1562 1562 1693 1589 unum
1720 1561 1825 1600 rogo

66 1618 272 1668 maxime,
321 1621 369 1660 ut
410 1617 456 1660 P.
491 1617 756 1659 Vendelinus
799 1616 1069 1658 Germanus3
1115 1614 1357 1667 Dilingensi
1405 1612 1586 1667 collegio
1628 1612 1827 1654 Minister

67 1682 346 1736 assigneturf‚
392 1697 487 1725 cum
535 1683 581 1725 P.
614 1683 827 1724 Joannem
871 1681 988 1723 Seeff
1030 1683 1210 1734 propter
1251 1677 1565 1733 aegritudfnem
1611 1678 1690 1719 1100
1734 1678 1827 1719 1000

68 1748 227 1790 diutius
259 1762 342 1789 non
376 1747 508 1790 liceat
540 1747 748 1790 retinere:
782 1747 854 1788 ille
888 1760 990 1787 uero
1014 1759 1098 1787 non
1122 1745 1229 1787 adeo
1252 1744 1522 1786 necessarius
1545 1757 1641 1785 esse
1664 1743 1826 1784 Romae

67 1812 278 1863 uideatur,
321 1815 398 1855 aut
438 1815 617 1866 propter
658 1811 815 1862 studia,
848 1811 891 1853 in
925 1810 1076 1864 quibus
1108 1824 1261 1864 parum
1292 1808 1500 1863 proficiet,
1545 1811 1621 1850 aut
1653 1810 1830 1862 propter

69 1877 434 1920 confirmationem
482 1876 747 1926 uocationis,
800 1876 843 1917 in
892 1889 976 1928 qua
1022 1876 1191 1916 firmum
1244 1877 1288 1916 et
1335 1874 1518 1916 solidum
1565 1873 1686 1914 illum
1734 1886 1828 1914 esse

69 1942 238 1985 scimus.
301 1942 568 1984 Permultum
610 1945 755 1984 autem
797 1941 1001 1991 interest,
1046 1940 1180 1983 talem
1222 1939 1319 1981 huic
1360 1938 1543 1991 collegio
1584 1938 1829 1979 ministrum

70 2008 177 2058 dari,
216 2022 311 2049 cum
344 2008 504 2050 1100101Ί
542 2007 699 2061 partim
733 2007 786 2048 ob
820 2005 1059 2060 Gymnasij,
1100 2005 1259 2059 partim
1292 2005 1345 2046 ob
1379 2003 1558 2056 Collegii
1589 2003 1714 2044 huius
1755 2002 1830 2043 ad-

71 2072 430 2115 ministrationem
464 2072 576 2114 domi
610 2086 660 2114 ac
691 2071 798 2114 foris
831 2071 1060 2126 plurimum
1093 2070 1374 2119 distrahatur,
1418 2072 1466 2111 ut
1498 2082 1707 2122 nusquam
1740 2067 1832 2109 fere

71 2137 185 2181 alibi.
257 2138 349 2180 Nos
390 2137 561 2191 quidem
601 2137 644 2179 in
684 2137 765 2179 hac
812 2136 1050 2191 prouintia,
1100 2149 1368 2189 quocumque
1410 2134 1556 2176 oculos
1597 2136 1831 2181 uertamus,

72 2203 313 2245 ministrum
357 2203 520 2244 nullum
569 2216 797 2256 possumus
838 2201 1040 2255 reperire.
1113 2200 1217 2242 Cum
1258 2201 1339 2241 1100
1379 2199 1472 2254 ipso
1513 2199 1561 2241 P.
1594 2198 1832 2239 Vendelino

72 2267 186 2310 mitti
227 2268 414 2310 fortasse
454 2271 603 2322 posset
634 2267 857 2309 Professor
898 2266 1053 2319 aliquis
1085 2265 1414 2319 Ingolstadium‚
1458 2267 1501 2306 et
1535 2264 1579 2306 P.
1624 2263 1833 2315 Georgius

73 2333 213 2375 Faber
255 2332 525 2375 Germanus4
572 2332 643 2386 qui
690 2346 776 2374 non
822 2331 1090 2373 incommode
1138 2330 1462 2372 contionaretur
1502 2328 1749 2382 Augustae,
1798 2327 1834 2368 si

192 2432 219 2463 a)
241 2432 275 2456 In
296 2439 386 2463 mro-y.
401 2431 479 2455 arch.
496 2439 583 2455 mann
597 2431 651 2455 illa
666 2438 797 2459 romana,
818 2430 851 2454 de
867 2437 922 2461 qua
936 2437 1028 2460 supra
1047 2437 1076 2460 11.
1092 2429 1151 2459 1212,
1171 2431 1301 2453 notatum
1322 2431 1380 2453 est:
1400 2425 1632 2459 responderassi
1653 2423 1731 2449 altra
1752 2423 1837 2449 volta

74 2472 128 2498 che
148 2479 209 2498 non
229 2470 244 2498 ἑ
265 2472 295 2497 in
315 2471 411 2497 Roma
431 2471 450 2496 il
470 2471 583 2497 vicario
611 2471 637 2496 al
665 2470 826 2497 cardinale.
903 2469 933 2502 b)
955 2472 987 2495 In
1010 2470 1088 2494 arch.
1109 2473 1271 2501 sequuntur
1293 2477 1333 2494 vr.
1355 2468 1483 2493 alterum
1504 2467 1564 2496 hui,
1590 2468 1678 2491 oblim.
1752 2468 1777 2495 c)
1802 2467 1834 2490 In

75 2514 154 2538 arch.
173 2515 306 2546 seqnitur
325 2521 407 2542 uero,
428 2514 517 2538 omitt.
590 2512 619 2542 d)
640 2514 674 2538 In
695 2514 774 2537 areli.
795 2513 928 2544 sequitur
947 2510 1032 2540 bene.
1052 2512 1141 2536 oblitt.
1212 2511 1239 2542 e)
1267 2509 1446 2535 deffectibus
1466 2517 1565 2540 upoyr.
1634 2508 1656 2539 f)
1680 2509 1711 2532 In
1735 2516 1834 2538 mary„

76 2559 106 2580 ut
125 2564 216 2587 supra
238 2556 319 2582 (adn.
338 2563 386 2580 at:
406 2554 503 2582 idem:
523 2563 576 2585 quo
598 2563 620 2579 r.
641 2555 804 2579 oblitterato
825 2554 887 2578 ead.
909 2562 994 2577 ηιαηιι
1017 2553 1149 2577 additum
1170 2556 1228 2578 est:
1254 2559 1314 2577 non
1335 2551 1360 2577 si
1382 2558 1451 2583 puo,
1472 2550 1511 2575 lui
1532 2556 1622 2574 verra
1643 2558 1657 2574 e
1680 2548 1799 2576 vedcra.
1820 2557 1835 2573 c

77 2602 109 2621 se
129 2596 149 2621 li
170 2596 243 2622 dara
263 2596 365 2628 agiuto
388 2596 424 2621 de
445 2595 520 2628 [di‘r]
542 2595 642 2628 quello
663 2595 717 2621 che
738 2603 769 2620 se
791 2596 889 2628 potra.

199 2710 207 2729 ¹
235 2708 452 2742 Litterarum
486 2708 631 2751 Dilinga
669 2707 722 2742 16.
748 2706 933 2741 Februarii
971 2706 1059 2740 1565
1096 2705 1162 2739 hac
1197 2705 1238 2738 de
1274 2716 1311 2737 re
1347 2704 1390 2737 ab
1418 2703 1548 2736 Ottone
1580 2701 1760 2736 cardinale
1794 2701 1836 2735 ad

78 2762 246 2805 Borgiam
274 2762 437 2796 datarum
465 2764 601 2805 partem
628 2772 756 2805 ponam
784 2759 875 2794 infra
902 2760 937 2793 in
964 2758 1202 2792 monumentis
1228 2757 1418 2791 italicis-n.
1442 2758 1507 2799 (1).

197 2815 210 2836 ²
244 2814 296 2848 De
333 2814 390 2849 his
429 2814 582 2849 comitiis
620 2814 794 2848 habendis
831 2813 898 2846 hoc
936 2815 1095 2856 tempore
1133 2811 1308 2853 agebatur
1349 2810 1465 2853 (Walt.
1506 2812 1633 2851 Goetz,
1672 2808 1839 2851 Beit1·².igc

81 2880 143 2902 zur
180 2867 394 2902 Geschichte
432 2868 574 2909 Herzog
613 2866 805 2900 Albrechts
831 2865 874 2900 V.
913 2866 984 2899 und
1024 2865 1086 2898 des
1125 2863 1374 2905 Landsberger
1412 2862 1555 2896 Bundes
1596 2861 1838 2898 1556-1598,

82 2920 259 2955 Munchen
298 2921 405 2962 1898,
442 2921 527 2955 321¹
562 2920 659 2963 324).
719 2919 786 2953 Sed
822 2918 934 2952 multo
973 2920 1053 2962 post
1090 2916 1213 2950 habita
1251 2918 1354 2950 sunt:
1394 2914 1662 2949 Maximilianus
1700 2915 1741 2949 ll.
1778 2914 1838 2948 im-

83 2977 224 3018 perator
251 2974 305 3008 12.
335 2973 500 3008 Octobris
531 2973 619 3007 1565
647 2984 688 3006 ea
716 2972 845 3006 indixit
871 2972 906 3005 in
934 2971 1025 3004 diem
1058 2971 1109 3004 14.
1130 2969 1286 3003 Ianuarii
1314 2970 1403 3003 1566
1432 2968 1511 3011 (Fr.
1532 2970 1632 3003 Dom.
1653 2969 1839 3005 Hiiberl'e'n,

83 3026 238 3060 Neueste
264 3026 442 3060 Teutsche
469 3024 832 3060 Reichs-Geschichte
859 3024 920 3065 Vl,
948 3023 1052 3057 Halle
1081 3022 1180 3063 1778,
1211 3022 1306 3065 134).

202 3080 214 3099 ³
240 3080 279 3113 P.
306 3079 542 3113 XVendelinus
568 3078 684 3113 Volck
722 3078 780 3120 (de
815 3089 884 3121 quo
922 3078 1007 3111 Can.
1037 3076 1067 3109 ll
1095 3076 1164 3110 952
1199 3075 1401 3118 308—309)
1439 3075 1474 3108 in
1510 3074 1661 3117 collegio
1697 3086 1841 3107 romano

84 3132 298 3176 theologiam
335 3132 501 3166 audiebat
539 3131 571 3175 (²²
588 3132 775 3175 Cc‘ttaloyns·
810 3131 935 3164 domus
961 3131 1194 3172 Augustanae
1220 3128 1254 3162 S.
1283 3128 1316 3162 J.
1343 3131 1496 3162 exeunte
1528 3140 1558 3162 a.
1589 3128 1676 3162 1566
1703 3139 1841 3171 compo-

86 3187 186 3220 situs.
234 3185 339 3227 „GSC
366 3186 430 3219 66“
461 3185 486 3219 f.
514 3185 626 3228 398³).
773 3186 784 3203 ⁴
812 3184 862 3217 De
889 3183 955 3216 1100
983 3183 1063 3216 vide
1095 3186 1178 3215 (an.
1206 3181 1255 3214 IV
1286 3181 1362 3216 120.

157 3248 466 3281 Braunsberger,
489 3248 599 3274 Canisii
620 3248 774 3281 Epistulae
796 3250 825 3272 et
845 3248 930 3273 Acta.
953 3246 985 3272 V.
1540 3239 1560 3272 2
