2045 3471
229 183 330 217 1424.
359 183 523 218 Canisius
549 183 583 218 S.
602 183 793 218 Francisco
820 183 862 218 de
888 183 1031 228 Borgia.
1070 183 1215 227 Dilinga
1245 184 1298 218 17.
1319 182 1453 228 Aprilis
1475 183 1576 218 1567.
1706 185 1791 226 429

30 299 106 334 loro
132 311 371 344 procurarano
397 311 535 345 sapere,
562 312 600 335 se
627 303 795 335 contenta
821 300 855 335 al
882 301 1055 343 Vescouo,
1083 303 1119 335 et
1144 313 1164 335 a
1191 300 1302 345 quelli
1328 301 1471 344 Signori
1497 301 1531 335 di
1558 300 1693 346 Spira.“
1747 300 1793 334 Et

31 352 74 386 de
100 351 307 386 fundatione
334 352 574 398 herbipolensi
602 354 716 388 denuo
742 356 868 397 rogat:
908 354 978 396 ,La
1005 354 1043 388 P.
1070 353 1114 388 V.
1150 365 1213 398 per
1239 354 1348 388 amor’
1376 354 1418 388 de
1445 354 1511 388 Dio
1544 354 1598 388 sia
1624 355 1793 388 contenta

31 404 96 439 che
122 405 282 439 Maestro
312 404 455 439 Canisio
492 408 527 440 et
562 407 594 441 io
631 407 684 441 cia
712 406 759 451 [‘?]
794 407 1018 442 accordialno
1053 407 1089 441 in
1124 409 1251 450 questo
1287 407 1439 442 secondo
1475 407 1496 440 Γ
1516 407 1638 441 ordine
1665 405 1793 440 chela

30 457 70 492 P.
89 457 132 492 V.
160 458 245 492 dara
281 470 301 492 a
335 458 422 492 tutti
449 459 524 492 doi“
557 459 619 502 (ex
646 460 773 494 iisdem
799 460 1019 505 archetypis,
1055 460 1080 494 f.
1106 460 1192 493 417b
1218 459 1322 500 4202;
1359 460 1468 493 etiam
1494 460 1528 494 in
1556 459 1645 504 Epp.
1672 460 1795 493 Nadal

31 630 181 668 1424.
290 631 507 667 CANISIUS
542 631 807 669 SANCTO
836 631 1222 669 FRANGISGO
1251 632 1343 668 DE
1370 631 1657 675 BGRGIA,
1694 645 1792 678 prae-

217 685 334 730 posito
361 686 521 729 generali
547 686 737 721 societatis
763 687 855 721 Iesu.
909 687 1152 731 (Epistula
1178 686 1338 731 prior.)

1226 739 1372 783 Dilinga
1401 740 1453 773 17.
1479 739 1613 784 Aprilis
1642 740 1744 774 1567.

149 802 205 836 Ex
236 803 453 847 imaginibus
479 803 773 849 photographicis
809 805 1012 839 litterarum
1039 805 1317 850 archetype-rum
1347 804 1419 848 (2⁰;
1447 816 1505 849 pp.
1531 805 1568 848 6)
1606 806 1643 838 et
1672 805 1793 847 „Post-

31 855 176 900 scripti“
215 856 402 901 archetypi
443 857 502 900 (¹J3
532 858 594 902 p.),
634 869 724 901 quae
763 860 908 892 exstant
945 859 981 892 in
1024 858 1083 901 „E.
1113 858 1150 893 C.
1179 858 1231 892 11⁴⁴
1261 871 1295 893 n.
1326 858 1392 892 190
1421 857 1507 901 (253
1536 857 1605 892 254
1632 858 1716 901 255)
1759 860 1794 891 et

31 920 64 942 n.
94 909 160 943 195
190 908 311 953 (315);
348 909 515 945 Canisius
550 922 615 944 sua
641 922 748 945 manu
774 923 902 946 nomen
938 915 974 946 et
999 911 1132 946 litteris
1161 911 1355 954 („Seruus“
1385 911 1469 954 etc.)
1507 913 1544 944 et
1569 911 1793 956 Postscripto

31 961 196 1004 („Jdem⁴‘
228 963 310 1006 etc.)
340 963 564 1008 subscripsit.
616 963 767 998 Praesto
794 967 872 998 erat
898 964 1006 999 etiam
1031 965 1235 999 litterarum
1262 964 1509 1009 apographum
1547 964 1613 998 sub
1640 975 1671 998 a.
1701 964 1791 999 1860

31 1026 52 1048 a
77 1015 117 1049 P.
144 1016 212 1050 Ios.
239 1017 354 1050 Boero
382 1016 416 1051 S.
444 1017 476 1051 J.
505 1028 550 1050 ex
575 1017 772 1062 archetypo
800 1019 1032 1062 exscriptum.
1084 1018 1249 1063 Epistula
1274 1029 1362 1052 usus
1388 1020 1444 1052 est
1470 1018 1678 1062 Sacchinus,
1706 1017 1791 1052 Can.

31 1068 229 1109 241—242,
255 1072 292 1103 et
317 1070 411 1104 Hist.
439 1069 472 1103 S.
500 1070 532 1104 J.
560 1070 610 1103 ΙΙΙ
637 1069 658 1104 l.
686 1071 717 1111 3,
745 1082 777 1104 n.
800 1071 878 1105 139.

149 1140 218 1173 Res
234 1140 511 1183 herbipolenses:
531 1141 671 1174 Canisii
689 1143 866 1174 contiones
876 1154 888 1182 ;
906 1145 1139 1184 exspectatur,
1159 1141 1221 1184 qui
1237 1142 1276 1174 in
1291 1142 1365 1174 eius
1379 1142 1493 1175 locum
1505 1142 1667 1174 succedat
1676 1153 1689 1183 ,·
1706 1141 1793 1175 cleri

28 1193 223 1236 populique
249 1194 366 1227 animi
390 1196 575 1237 corrupti;
600 1195 737 1227 Iudaea
756 1195 937 1237 baptizata
948 1206 960 1235 ‚·
985 1195 1135 1227 consilia
1154 1195 1312 1237 episcopo
1330 1195 1625 1235 subministrata;
1654 1195 1794 1228 Canisii

31 1247 246 1289 infirmitas;
271 1247 384 1280 animi
411 1248 579 1281 Societati
605 1248 795 1281 conciliati.
847 1248 900 1281 De
923 1248 1137 1289 fundatione
1163 1247 1299 1290 colle-aii
1323 1247 1597 1290 herbipolensis:
1623 1249 1663 1282 Ut
1687 1253 1793 1291 pacta

30 1304 225 1343 serventur,
252 1301 391 1343 eoeiyere
416 1301 583 1334 videntur
606 1302 796 1344 promissa,
821 1301 991 1344 pecuniae
1019 1302 1056 1333 iu
1083 1301 1362 1342 aedificationem
1389 1302 1547 1344 collatae,
1583 1302 1793 1344 eoespectatio

31 1355 236 1397 communis,
262 1356 458 1387 auctoritas
484 1355 631 1396 eolleyii,
660 1355 845 1387 necessitas
870 1355 1064 1396 reliyionis.
1116 1354 1236 1397 Neque
1261 1358 1375 1387 tamen
1408 1354 1575 1388 canisius
1600 1355 1746 1388 discedit
1771 1366 1793 1388 a

30 1408 202 1440 sententia
228 1407 383 1450 Boryiae
409 1408 596 1441 Soc-tatutis
622 1408 817 1441 libertatem
843 1412 872 1440 et.
899 1409 986 1450 [eyes
1012 1408 1164 1449 tuentis;
1190 1408 1322 1440 accedit
1342 1409 1502 1450 penuria
1527 1409 1792 1450 nzayistrorum.

33 1460 137 1501 Quid,
165 1461 197 1493 si
217 1461 372 1503 Boryias
398 1462 558 1504 episcopo
584 1461 729 1503 scribat,
755 1472 789 1494 se
810 1461 932 1503 primo
958 1471 1053 1493 anno
1071 1461 1211 1503 alz'quos
1229 1465 1367 1494 tantum
1385 1461 1531 1504 mittere,
1557 1462 1792 1495 condonando

31 1514 176 1546 interim
210 1515 381 1557 episeopo,
417 1524 508 1557 quae
545 1514 573 1546 is
601 1515 799 1557 promisit?
851 1514 984 1556 Optime
1010 1515 1075 1556 eyit
1102 1515 1293 1556 episcopus,
1329 1514 1422 1556 quod
1447 1514 1794 1547 administrationem

32 1567 240 1600 monasterii
263 1569 302 1600 in
320 1578 354 1600 se
370 1568 530 1610 suscepit.
568 1567 765 1600 Con-sensus
791 1567 938 1610 capituli
962 1577 1073 1610 neque
1098 1567 1287 1610 impetrari
1298 1570 1423 1611 potest,
1449 1578 1558 1610 rneque
1577 1569 1795 1600 necessarius

31 1624 89 1653 est.
143 1620 391 1654 Convictorum
429 1618 835 1664 „superintendentiam“
873 1623 1011 1653 tantum
1045 1620 1182 1653 habebit
1210 1620 1377 1654 Societas.
1427 1621 1637 1662 Difficultas
1672 1622 1792 1655 oritur

30 1673 135 1706 etiam
160 1685 203 1706 ex
226 1674 364 1707 salario
391 1675 660 1716 contionatoris,
687 1674 781 1717 quod
807 1684 829 1706 a
855 1673 1010 1715 capitulo
1037 1677 1214 1716 acceptum
1241 1675 1422 1716 episcopus
1447 1673 1589 1716 collegio
1607 1676 1792 1717 assiynare

30 1727 113 1770 vult,
139 1731 169 1760 et
195 1738 238 1760 ex
262 1727 517 1769 aedificatione,
544 1738 633 1770 quae
658 1726 723 1760 hoe
748 1738 843 1759 anno
862 1737 934 1760 non
953 1726 1158 1760 absolvetur.
1196 1726 1364 1760 Canisius
1382 1731 1572 1770 antequam
1589 1731 1620 1760 et
1638 1728 1791 1770 Boryiae

30 1784 60 1812 et
86 1780 230 1813 Natalis
254 1791 424 1823 responsa
451 1781 634 1822 acceperit,
662 1791 740 1812 cum
767 1780 926 1823 episeopo
954 1790 1024 1812 non
1050 1784 1137 1822 ayet.
1188 1779 1284 1812 Num
1310 1780 1534 1813 contionator
1559 1785 1589 1813 et
1615 1781 1792 1824 theoloyus

31 1834 130 1875 „sine
156 1831 389 1876 obliyatione“
418 1834 608 1866 mittendi?
657 1834 753 1866 Unde
780 1833 878 1866 Socii
903 1833 942 1865 in
968 1832 1149 1875 colleqimn
1174 1832 1412 1875 herbipolense
1438 1835 1649 1867 mittentur?
1699 1835 1792 1875 Quos

28 1886 128 1919 valde
154 1887 259 1920 bonos
284 1898 354 1919 esse
373 1891 517 1929 oportet.
557 1887 752 1919 Germania
769 1887 937 1928 superior
954 1885 1194 1928 compluribus
1212 1886 1394 1928 mayistris
1413 1886 1572 1920 orbatur.
1610 1887 1792 1929 Ait-(justae

29 1939 166 1973 scholae
190 1940 358 1973 incohari
383 1940 513 1972 dehent.
550 1940 676 1972 Missio
703 1940 824 1971 Patris
850 1939 1072 1972 Rabenstein.
1118 1939 1278 1972 Medicus
1304 1939 1562 1982 oenipontanus
1587 1945 1617 1972 et
1643 1941 1791 1983 Μανθα-

30 1993 103 2025 rita
137 1993 383 2026 archiducissa
418 1994 489 2025 rita
525 1996 711 2025 cesserunt.
764 1992 1020 2025 Ferdinandus
1053 1992 1105 2026 II.
1142 1992 1322 2025 archidux
1357 1993 1397 2025 in
1433 2004 1599 2027 sororum
1633 1995 1791 2037 qratiam

31 2045 149 2078 Halae
175 2044 438 2089 „colleyiolwffl
459 2049 583 2087 parat,
620 2046 713 2088 quod
749 2057 769 2077 a
807 2045 977 2078 Societate
1002 2046 1196 2078 admissum
1231 2047 1285 2078 iri
1316 2050 1446 2088 sperat.
1500 2046 1724 2087 Quaestiones
1749 2048 1791 2080 de

29 2098 194 2141 colleyz'z's.

149 2170 321 2212 JhesuS.
385 2170 479 2211 Pax
511 2169 668 2212 Christi
709 2169 938 2211 admodum
972 2169 1226 2212 Reuerende
1266 2170 1309 2211 in
1342 2170 1510 2212 Christo
1544 2170 1676 2212 Pater
1708 2173 1789 2213 etc.

150 2234 374 2289 Herbipoli
405 2233 553 2288 accepi
584 2234 755 2276 litteras
788 2234 1072 2277 Paternitatis
1105 2235 1238 2286 Tuae,
1273 2249 1380 2288 quas
1416 2237 1482 2285 15,
1518 2237 1586 2284 22,
1621 2237 1675 2276 26
1708 2234 1789 2277 Fe-

29 2299 190 2353 bruarij
236 2299 290 2341 ad
334 2313 402 2341 me
447 2299 578 2342 dedit.
642 2298 746 2341 Cum
790 2313 893 2341 uero
937 2299 1158 2353 Dilingam
1202 2300 1440 2342 redisseml
1484 2300 1645 2342 allatae
1690 2303 1791 2342 sunt

29 2368 277 2419 postremae
311 2366 379 2406 22.
404 2364 550 2418 Martij
584 2363 773 2417 scriptae
806 2367 850 2406 et
882 2364 1017 2408 ueluti
1059 2365 1361 2419 responsoriae
1394 2364 1474 2407 adb
1506 2364 1712 2418 scripturn
1746 2368 1790 2408 et

29 2430 365 2472 instrumentum
397 2428 761 2471 Reuerendissimi
793 2429 964 2471 Domini
996 2429 1333 2484 Herbipolensis.

149 2495 243 2547 Ego
267 2493 491 2548 Herbipoli
512 2493 593 2535 hac
615 2507 709 2535 sum
726 2493 1067 2548 Quadragesima
1087 2509 1166 2549 per
1182 2495 1263 2536 Dei
1285 2494 1472 2548 gratiam
1497 2493 1788 2546 concionatus,

30 2563 75 2603 et
106 2559 306 2602 fauentes
338 2558 468 2600 habui
501 2557 721 2600 auditores
753 2560 844 2600 tum
877 2558 921 2600 in
954 2559 1089 2610 Clero,
1123 2562 1214 2601 tum
1248 2559 1291 2600 in
1323 2559 1480 2613 populo
1493 2560 1523 2601 2.
1586 2558 1688 2601 Cum
1722 2574 1789 2602 me

31 2624 204 2676 diutius,
238 2628 286 2667 ut
319 2623 543 2677 optabant,
576 2622 764 2665 retinere
788 2637 872 2664 non
905 2626 1096 2677 possent,
1130 2623 1558 2665 Reuerendissimus3
1588 2627 1631 2666 et
1653 2624 1790 2666 Cano-

32 2689 117 2731 nici
157 2689 283 2731 simul
324 2687 500 2730 maioris
532 2687 754 2730 Ecclesiae
796 2687 1002 2730 maiorem
1043 2688 1086 2730 in
1119 2689 1291 2730 modum
1326 2691 1517 2738 orarunt,
1562 2691 1609 2730 ut
1641 2702 1790 2742 quam-

31 2754 216 2808 primum
256 2754 300 2796 in
341 2753 492 2796 eadem
537 2752 753 2794 Cathedra
796 2753 1104 2795 substituerem
1148 2767 1170 2795 e
1215 2753 1376 2795 nostris
1420 2753 1788 2797 Concionatorem.

34 2819 147 2869 Dixi,
190 2833 245 2860 ex
276 2818 456 2860 Polonia
497 2832 627 2859 unum
660 2820 863 2859 uocatum
905 2819 1029 2859 esse4
1061 2818 1141 2860 hoc
1174 2817 1357 2867 nomine,
1400 2832 1524 2870 quem
1567 2818 1627 2859 illi
1660 2819 1788 2861 uehe-

151 2898 178 2929 a)
199 2899 247 2923 Vel
267 2898 312 2929 Si;
331 2899 454 2923 alterum
476 2906 511 2921 ea·
531 2898 623 2921 altero
644 2900 799 2921 correctum
822 2900 871 2921 est.
944 2896 972 2927 b)
995 2898 1053 2921 Hoc
1075 2905 1096 2921 ι’.
1119 2897 1146 2921 in
1168 2898 1275 2923 (trehet.
1295 2905 1387 2928 supra
1410 2905 1521 2922 versum
1542 2898 1681 2929 scriptm›1
1703 2903 1753 2925 est.

155 3010 163 3028 ¹
190 3009 370 3053 Dilingam
398 3008 540 3042 venisse
567 3007 710 3041 videtur
736 3007 828 3040 inter
856 3007 886 3040 7.
914 3008 949 3040 et
975 3007 1006 3041 9.
1035 3007 1191 3051 Aprilis;
1218 3008 1263 3041 cf.
1291 3018 1399 3051 supra
1426 3018 1457 3051 p.
1484 3007 1564 3042 424.

153 3062 165 3081 2
190 3061 281 3095 Vide
306 3073 414 3107 supra
440 3073 474 3106 p.
500 3061 581 3096 401.
727 3061 740 3080 ³
766 3059 969 3094 Fridericus
995 3071 1014 3093 a
1034 3060 1223 3102 Wirsberg
1250 3059 1437 3104 episcopus
1465 3063 1499 3094 et
1526 3061 1700 3106 princeps.

152 3115 164 3134 ‘¹
190 3114 349 3148 Vocatus
388 3117 465 3148 erat
505 3114 542 3148 P.
578 3114 707 3147 Petrus
743 3113 848 3153 Fahe,
889 3113 1111 3147 contionator
1149 3112 1292 3155 collegii
1331 3112 1668 3157 braunsbergensis;
1708 3115 1789 3149 vide

35 3177 142 3211 supra
169 3179 201 3211 p.
228 3167 294 3201 367
323 3168 401 3202 396.
