2045 3471
201 207 285 248 852
759 201 853 234 Mon.
873 200 940 234 908
966 198 1043 233 sive
1070 209 1145 231 var.
1168 196 1257 240 (28).
1299 196 1399 230 1566.

203 322 444 367 sopographia
469 321 530 362 ΙΙΙ,
562 319 782 363 „Authores“
812 320 891 358 etc,
919 318 954 350 in
980 315 1081 350 initio
1108 314 1216 358 libri).
1257 314 1376 358 Atque
1402 312 1768 355 facile-intellegitur,
1794 323 1846 353 ea,
1873 323 1964 357 quae

206 376 249 409 de
275 375 309 409 S.
330 375 469 418 Ignatio
496 376 532 408 et
557 374 600 407 de
627 372 805 407 Societate
832 371 910 403 Iesu
946 369 1116 402 universa
1142 367 1185 401 ab
1212 370 1357 401 auctore
1393 367 1570 406 dicuntur,
1607 377 1653 399 ex
1682 365 1965 408 „Commentario

202 429 303 462 brevi
329 439 447 462 rerum
475 428 510 461 in
536 426 619 460 orbe
646 428 840 469 gestarum,
877 422 921 456 ab
948 433 1039 456 anno
1067 421 1203 455 Salutis
1230 419 1418 454 millesimo
1445 419 1745 463 quingentesimo,
1780 429 1894 462 vsque
1920 418 1964 453 ad

202 493 331 516 annum
359 479 484 513 LXVI,
504 506 511 513 .
532 507 539 513 .
560 507 566 513 .
594 490 656 523 per
683 478 719 511 F.
741 477 979 510 Lam-entium
1006 475 1156 508 Suriam
1184 472 1481 508 carthusianum‘
1507 471 1674 506 Coloniae
1700 483 1731 506 a.
1752 471 1844 505 1566
1870 471 1965 505 edito

203 534 252 579 (p.
270 532 474 576 402—412)
503 534 672 575 excerpta
699 541 788 570 esse,
815 529 867 562 ita
892 530 1024 566 tamen,
1061 529 1099 560 ut
1126 525 1285 560 nonnulli
1312 525 1511 569 irreperent
1536 536 1695 565 error-est;
1730 527 1770 558 ut
1795 536 1875 558 cum
1902 535 1965 569 pro

203 587 375 622 cardinali
403 586 602 620 Centareno
633 582 825 618 cardinalis
851 581 1021 614 Moronus
1055 579 1209 624 ponitur,
1246 578 1396 621 collegia
1432 589 1618 612 romanum
1654 580 1689 611 et
1721 577 1966 620 germanicum

204 641 298 674 inter
323 651 362 673 se
388 638 654 673 confunduntur
680 638 746 670 etc.
791 634 974 669 Canisium
994 633 1120 666 Surius
1138 644 1206 666 non
1233 631 1528 666 commemoravit
1545 630 1773 671 nominatim;
1802 630 1844 664 de
1869 630 1967 664 illius

203 697 322 727 tamen
348 692 454 725 rebus
472 690 668 724 Pantaleon
695 688 801 722 facile
829 687 959 721 certior
984 686 1061 720 fieri
1089 687 1227 730 poterat
1254 685 1332 719 sive
1359 685 1395 718 in
1421 685 1548 718 itinere
1575 683 1646 725 illo,
1674 695 1743 727 quo
1770 683 1877 717 etiam
1904 695 1967 728 per

203 745 407 785 Bavariam,
434 743 611 783 Suebiam,
641 741 887 784 „Rhenensem
914 740 1091 773 tractum“
1121 738 1310 777 transibat,
1336 738 1414 772 sive
1440 749 1504 782 per
1530 737 1723 770 amicorum
1750 736 1903 770 litteras.

323 798 456 832 Notatu
483 808 569 830 sane
597 795 743 838 dignum
772 796 836 835 est,
864 792 1046 826 Canisium
1074 792 1246 826 Iesuitam
1272 802 1292 824 a
1320 792 1396 824 viro
1423 792 1646 834 protestante
1672 789 1770 823 illius
1795 789 1967 834 temporis

204 853 240 886 in
266 851 355 886 libro
373 850 465 895 apud
491 850 734 894 protestantes
761 857 894 880 excuso
913 845 1054 887 magnis
1072 845 1238 879 laudibus
1257 844 1389 878 elatum
1409 855 1500 877 esse.
1538 842 1657 876 Animi
1676 845 1753 876 erat
1773 844 1966 877 Pantaleon

204 917 274 939 non
300 904 406 949 plane
432 902 521 937 recti
547 902 701 946 quidem,
737 900 799 934 sed
837 901 934 932 certe
969 897 1228 932 moderatioris.
1280 898 1361 942 lpse
1396 897 1431 930 in
1467 896 1573 930 huius
1609 895 1802 930 voluminis
1836 895 1968 930 litteris

205 956 451 991 dedicator-iis:
491 955 635 998 ,Sunt·‘‚
670 954 805 997 inquit,
846 953 925 996 „qui
961 952 1081 986 dicent
1109 978 1116 984 .
1143 979 1150 986 .
1181 979 1186 984 .
1222 962 1278 984 me
1306 949 1530 984 Lutheranos
1566 949 1660 983 inter
1695 948 1855 983 illustres
1882 949 1967 983 Ger-

204 1011 345 1045 maniae
373 1011 468 1043 uiros
494 1008 729 1047 recensuisse,
758 1018 839 1040 cnm
865 1008 985 1039 tamen
1012 1005 1063 1039 illi
1090 1004 1281 1038 haereticis
1306 1004 1380 1037 sint
1405 1003 1689 1048 propinquiores.
1740 1002 1811 1048 Alij
1838 1002 1968 1036 clama-

205 1064 295 1098 bunt
319 1075 375 1097 me
402 1062 600 1107 pontificios
626 1060 832 1101 inseruisse,
869 1059 929 1103 qui
964 1059 1080 1103 ipsam
1107 1058 1297 1092 ueritatem
1325 1056 1546 1101 impugnent.
1599 1056 1732 1089 Verum
1759 1055 1812 1089 illi
1838 1055 1967 1089 intelli-

207 1118 304 1160 gant,
330 1128 386 1150 me
411 1116 478 1149 hoc
503 1115 579 1148 loco
602 1116 810 1148 neutrarum
836 1112 993 1157 partium
1019 1111 1142 1151 fuisse,
1169 1111 1231 1144 sed
1257 1110 1340 1144 boni
1366 1109 1537 1143 Historici
1564 1109 1681 1143 officio
1706 1108 1881 1147 functum.
1908 1108 1968 1153 qui

206 1169 369 1203 omnibus
404 1168 590 1203 affectibus
625 1166 783 1206 semotis,
818 1165 946 1209 cuique
980 1176 1064 1198 suas
1097 1164 1252 1198 uirtutes
1287 1162 1514 1206 assignarim,
1550 1162 1763 1206 praesertim
1799 1173 1879 1196 curn
1915 1161 1967 1195 illi

206 1233 328 1256 sacras
354 1222 553 1266 scripturas
578 1220 654 1254 suis
680 1218 988 1253 lucubrationibus
1015 1217 1159 1260 egregie
1187 1215 1412 1260 explicarint,
1448 1219 1484 1249 et
1518 1214 1553 1248 in
1579 1214 1696 1249 lucem
1732 1214 1967 1259 publicarint:

207 1277 270 1309 aut
294 1275 391 1308 uitae
418 1273 629 1314 innocentia,
666 1275 774 1316 atque
800 1271 924 1306 multis
949 1270 1108 1316 corporis
1144 1272 1180 1303 et
1209 1269 1317 1303 animi
1344 1268 1487 1302 dotibus
1513 1279 1645 1311 magna
1679 1267 1898 1301 authoritate
1932 1267 1967 1300 in

207 1330 309 1373 parte
343 1328 496 1372 quadam
533 1325 746 1360 Germaniae
781 1324 988 1364 extiterint,
1023 1323 1110 1357 adeo
1149 1325 1188 1356 ut
1225 1321 1325 1356 uaria
1361 1321 1426 1354 Dei
1464 1322 1555 1355 dona
1590 1321 1624 1354 in
1665 1320 1708 1365 ijs
1742 1331 1968 1364 nequaquam

207 1381 462 1426 supprimenda
488 1384 551 1414 aut
577 1378 803 1413 extenuanda
830 1378 1056 1411 uiderentur“
1090 1376 1128 1419 (l.
1149 1387 1178 1410 c.
1198 1375 1222 1409 f.
1242 1374 1351 1418 A42).

210 1490 321 1527 908
349 1493 427 1526 sive
453 1499 568 1526 val·-
589 1488 729 1534 (28).
803 1486 896 1522 1566.

332 1557 591 1600 Antiquissima
621 1555 760 1588 Canisc'i
794 1556 922 1597 imayo,
961 1564 1056 1586 anno
1084 1554 1177 1585 1566
1211 1552 1254 1584 ab
1282 1553 1437 1585 Henrico
1464 1551 1679 1583 Pantazeone
1713 1550 1897 1583 basileensi
1930 1549 1969 1581 in

213 1610 545 1655 „Prosopoyraphia
572 1609 729 1642 Heroum
761 1605 997 1640 Germam'ae“
1018 1607 1151 1649 posita.
1205 1606 1302 1647 Quae
1327 1610 1442 1638 tamen
1468 1615 1551 1636 vera
1578 1615 1648 1636 non
1675 1608 1732 1636 est.

331 1682 544 1724 Henricus
568 1680 808 1722 Pantaleon
831 1678 1162 1731 (1522—1595)
1186 1676 1376 1718 medicus
1399 1679 1443 1717 et
1465 1674 1695 1717 historicus
1717 1673 1972 1716 basileensis

212 1748 271 1800 (V.
295 1761 427 1801 supra
449 1761 488 1800 p.
514 1744 616 1797 851)
639 1744 758 1786 vitae
781 1743 951 1793 Canisii,
977 1756 1105 1795 quam
1130 1742 1171 1783 in
1195 1755 1299 1783 suae
1328 1739 1757 1794 „Prosopographiae
1779 1739 1971 1780 Heroum

210 1815 341 1864 atque
358 1810 799 1853 illustriumVirorum
817 1808 952 1850 totius
971 1807 1228 1849 Germaniae
1251 1807 1382 1848 Parte
1404 1804 1560 1848 tertia“
1584 1804 1783 1846 Basileae
1801 1817 1839 1845 a.
1860 1803 1970 1844 1566

211 1876 395 1931 primum
429 1889 588 1917 excusa
621 1874 822 1928 ponebat,
858 1872 1048 1914 eiusdem
1071 1871 1229 1913 Canisii
1261 1870 1581 1923 imagunculam
1615 1869 1719 1921 (mm
1749 1869 1803 1909 58
1829 1872 1872 1917 ><
1897 1866 1971 1920 42)

212 1941 254 1982 in
286 1940 404 1993 ligno
436 1939 613 1981 incisam
648 1938 746 1990 (viri
780 1937 929 1979 vultus
963 1940 1006 1979 et
1037 1940 1190 1990 pectus
1223 1934 1553 1987 adumbrantur)
1587 1933 1764 1975 addidit.

334 2021 431 2054 Haec
457 2032 544 2054 sane
578 2021 707 2063 imago,
743 2020 773 2053 si
801 2030 887 2052 vera
921 2020 1036 2057 esset,
1072 2017 1222 2050 multum
1260 2016 1417 2050 valeret:
1458 2015 1614 2049 omnium
1650 2013 1743 2047 enim
1779 2012 1973 2056 imaginum

213 2074 474 2108 canisianarum
501 2073 605 2116 longe
631 2075 687 2106 est
712 2071 974 2115 antiquissima,
1002 2081 1114 2114 eaque
1140 2069 1222 2114 plus
1249 2080 1355 2112 quam
1387 2069 1430 2103 30
1449 2068 1553 2102 annis
1570 2069 1653 2101 ante
1673 2066 1805 2100 Canisii
1823 2067 1972 2099 mortem

215 2138 399 2171 expressa.
449 2126 574 2170 Neque
600 2137 685 2159 vero
712 2136 799 2159 vera
825 2126 890 2158 est.
941 2124 1032 2157 Nam
1059 2122 1209 2156 multum
1237 2122 1357 2156 differt
1382 2133 1403 2155 a
1428 2120 1576 2164 reliquis
1607 2119 1834 2162 imaginibus,
1867 2119 1974 2152 etiam

214 2181 259 2214 ab
277 2180 331 2221 iis,
358 2191 447 2224 quas
467 2179 608 2213 Canisio
626 2178 685 2212 vel
704 2179 796 2212 inter
814 2178 919 2211 vivos
941 2179 1070 2220 agente
1090 2176 1148 2209 vel
1175 2175 1281 2220 paulo
1308 2177 1390 2209 ante
1417 2177 1567 2214 mortuo,
1594 2185 1635 2207 eo
1661 2173 1748 2217 ipso,
1775 2183 1844 2216 quo
1871 2171 1974 2211 vixit,

216 2233 293 2267 loco
329 2235 444 2267 factas
475 2244 553 2266 esse
581 2234 733 2265 constat.
785 2231 831 2265 Et
856 2230 1009 2270 omnino,
1036 2229 1127 2273 quod
1155 2229 1199 2262 ad
1225 2227 1402 2270 imagines
1429 2227 1571 2271 quidem
1599 2226 1738 2266 attinet,
1766 2224 1974 2259 Pantaleoni

216 2286 451 2320 diffidendum
478 2288 550 2325 est;
587 2296 669 2318 nam
696 2284 830 2318 multas
858 2285 886 2317 is
912 2283 1060 2317 heroum
1096 2281 1277 2316 centurias
1312 2281 1475 2325 producit
1510 2284 1618 2323 atque
1654 2279 1779 2312 heroes
1813 2277 1975 2321 singulos

216 2350 282 2373 sua
307 2339 462 2382 imagine
490 2339 656 2379 illustrat,
683 2338 792 2371 etiam
818 2337 1099 2380 antiquissimos,
1126 2337 1167 2369 ut
1188 2334 1420 2377 „Tuisconem
1440 2333 1698 2368 Germanorum
1722 2331 1974 2371 conditorem“‚

222 2392 437 2435 „Magogum
465 2391 663 2425 Gothorum
698 2390 951 2431 conditorem“,
990 2389 1220 2431 „Biarconem
1248 2387 1451 2421 Athletam“
1483 2389 1568 2426 eto,
1606 2384 1848 2430 patriarcham
1874 2384 1975 2417 illum

219 2444 318 2478 Nohe
344 2445 524 2489 bicipitem
543 2444 602 2478 vel
628 2443 746 2488 potius
773 2444 808 2477 in
826 2454 896 2476 uno
915 2443 1032 2487 capite
1050 2442 1138 2475 duos
1157 2441 1280 2475 vultus
1306 2440 1497 2474 habentem
1520 2439 1609 2473 facit
1630 2436 1977 2482 (Prosopographiae

221 2498 310 2531 Pars
338 2499 463 2542 prima,
489 2497 655 2531 Basileae
683 2497 783 2537 1565,
813 2497 856 2530 14
885 2496 927 2530 18
956 2496 997 2529 19
1024 2495 1099 2538 48).
1143 2493 1240 2536 Quae
1266 2504 1413 2538 prorsus
1440 2493 1528 2526 ficta
1546 2503 1625 2526 esse
1650 2502 1753 2524 nemo
1779 2501 1848 2524 non
1867 2489 1976 2523 videt.

221 2550 356 2584 Deinde
383 2551 506 2584 eadem
532 2550 697 2593 imagine,
725 2561 795 2592 qua
822 2548 997 2589 Canisius,
1032 2547 1217 2581 minimum
1257 2547 1297 2580 12
1325 2546 1505 2580 variorum
1541 2548 1740 2588 temporum
1769 2543 1931 2577 homines
1958 2553 1978 2576 a

222 2603 440 2637 Pantaleone
474 2603 720 2637 illustrantur:
764 2602 819 2644 ,S.
839 2601 1080 2635 Wilibrordus
1115 2600 1308 2633 Frisiorum
1344 2598 1559 2643 Apostolus,
1594 2609 1686 2630 anno
1720 2595 1851 2630 salutis
1886 2595 1973 2630 700⁸

226 2655 264 2698 (l.
284 2667 313 2689 c,
339 2656 354 2689 1
381 2656 477 2699 242),
508 2655 698 2697 „Nicolaus
725 2655 768 2688 de
787 2654 949 2693 Snsato“‚
980 2665 1091 2696 „anno
1121 2653 1231 2687 1417“
1264 2652 1302 2695 (l.
1322 2664 1351 2686 c.
1370 2652 1403 2685 II
1430 2651 1526 2693 372),
1557 2649 1755 2692 „Henricus
1781 2649 1823 2682 de
1842 2648 1979 2685 Gauda,

225 2710 327 2741 Anno
352 2709 480 2742 salutis
509 2708 617 2742 1429“
642 2708 680 2749 (l.
701 2719 729 2741 c.
755 2708 787 2740 Il
807 2708 903 2750 380),
935 2708 1105 2748 „Ioannes
1131 2706 1173 2739 de
1193 2704 1338 2739 Vesalia
1358 2703 1621 2738 Erdfordiensis
1640 2702 1837 2741 Professor,
1865 2701 1974 2735 1461“

229 2760 266 2803 (l.
286 2772 315 2794 c.
342 2761 375 2794 II
392 2761 490 2803 436),
521 2761 690 2803 ⁷,lacobus
708 2759 1000 2804 Wimphelingus
1019 2758 1300 2798 Selestadianus,
1326 2759 1430 2792 Anno
1448 2756 1578 2790 salutis
1598 2756 1707 2790 1505*
1732 2754 1769 2797 (l.
1789 2766 1818 2788 c.
1837 2754 1888 2787 Ill
1906 2754 1979 2795 20),

231 2813 403 2854 „Thomas
422 2813 653 2847 W'ittenbach
680 2813 888 2855 theologus“
920 2811 1206 2856 protestantium,
1238 2810 1368 2853 „1502“
1394 2810 1432 2853 (1.
1451 2821 1480 2843 c.
1501 2809 1552 2842 III
1576 2809 1652 2851 43),
1682 2806 1980 2851 „Christopherus

227 2865 418 2907 Longolius
446 2866 567 2909 Belga,
600 2866 708 2900 1516*
743 2865 780 2908 (l.
799 2877 829 2899 o.
858 2865 907 2899 111
933 2865 1008 2907 54),
1049 2864 1225 2906 „Mathias
1250 2863 1381 2897 Zellius
1415 2861 1654 2896 Ecclesiastes
1679 2859 1954 2903 Argentinensis
1972 2886 1979 2892 .

229 2917 353 2959 1530“,
388 2919 554 2952 sacerdos
588 2921 752 2962 apostata
792 2918 828 2960 (l.
857 2929 886 2951 c.
913 2918 963 2951 III
993 2919 1087 2959 141),
1128 2917 1216 2959 „Leo
1251 2917 1360 2950 Iudae
1386 2914 1588 2958 Theologus
1613 2914 1807 2957 Tigurinus
1826 2912 1980 2951 .1536“,

227 2969 387 3003 Udalrici
414 2970 575 3013 Zwinglii
600 2971 736 3004 amicus
763 2973 799 3003 et
831 2981 923 3003 unus
949 2982 994 3003 ex
1024 2969 1226 3014 praecipuis
1252 2968 1531 3012 Zwinglianismi
1565 2965 1863 3011 propagatoribus
1893 2964 1930 3005 (l.
1950 2975 1978 2997 c.

230 3022 280 3055 ΙΙΙ
308 3023 400 3065 197),
431 3023 629 3067 „Casparus
655 3022 851 3056 Bruschius
876 3024 981 3066 poeta
1006 3022 1200 3060 laureatus.
1227 3022 1328 3055 Anno
1355 3020 1483 3054 salutis
1505 3020 1629 3059 1541‘,
1655 3018 1864 3052 lutheranus
1894 3016 1930 3059 (l.
1951 3028 1980 3050 c.

231 3074 404 3117 111255),
443 3075 582 3116 „Simon
616 3074 784 3108 Lemnius
809 3073 962 3114 Rhetus,
1001 3075 1110 3108 1543“
1151 3074 1189 3116 (l.
1217 3086 1248 3108 c.
1274 3074 1324 3107 Ill
1350 3074 1446 3116 299),
1487 3072 1716 3114 „Tilmannus
1750 3068 1981 3113 Heshu[s]ius

231 3125 443 3168 Theologus,
480 3129 580 3160 Anno
614 3127 742 3160 salutis
772 3127 895 3166 1560“,
930 3138 1022 3159 unus
1057 3138 1101 3160 ex
1128 3126 1411 3160 Lutheranorum
1448 3124 1658 3169 coryphaeis
1687 3123 1724 3165 (1.
1752 3135 1780 3156 c.
1808 3122 1858 3155 III
1883 3122 1980 3163 446),

237 3178 413 3219 ,Adamus
440 3179 583 3212 Siberus
608 3181 723 3222 poeta,
753 3179 861 3212 1565Ιι
895 3178 931 3219 (l.
951 3190 979 3212 c.
1004 3179 1053 3211 ΙΙΙ
1082 3179 1179 3220 548).
