2045 3471
189 224 284 258 Mon.
303 222 372 258 813
398 223 477 257 sive
504 223 543 256 it.
566 221 655 266 (20).
695 222 725 256 A
743 222 835 256 nied.
854 221 930 255 fere
948 233 994 255 m.
1010 221 1110 255 Iunio
1128 220 1173 254 ad
1191 219 1282 254 med.
1302 219 1377 254 fere
1395 230 1440 253 m.
1456 219 1548 262 Aug.
1565 218 1666 252 1565.
1749 219 1833 260 749

72 341 301 377 Camerarius
320 341 431 384 igitur
454 338 752 382 „Rosenbuschii“
774 350 903 373 nomen
929 350 999 373 non
1025 338 1158 372 Romae
1185 337 1380 377 audivisse,
1406 336 1469 370 sed
1496 347 1541 369 ex
1563 334 1752 380 „Replica¹‘
1774 334 1837 368 illa

73 394 257 439 accepisse
283 393 446 433 videtur;
484 403 600 436 neque
635 392 848 435 Stutgartia,
883 394 924 426 ut
950 391 1177 425 Camerarius
1212 390 1273 431 ait,
1310 392 1410 424 ortus
1444 391 1523 422 erat
1548 387 1739 429 Roseffius,
1775 387 1838 421 sed

74 446 295 482 Landishuto
325 446 432 490 (Can.
450 445 484 479 Π
511 445 599 486 559;
625 445 676 478 ΙΙΙ
703 445 802 487 37⁷);
829 445 986 479 fortasse
1013 446 1130 478 autem
1151 443 1396 477 Camerarium
1422 442 1548 476 invisit
1573 441 1681 475 Vitus
1699 440 1838 484 Ziegler

75 500 220 544 (Zeller)
249 499 283 534 S.
308 500 340 534 J.
367 498 651 541 stutgartiensis,
680 498 735 532 Fr.
764 497 1010 542 Christophori
1037 496 1188 540 Ziegleri
1216 496 1249 530 S.
1276 496 1307 530 J.
1339 495 1400 537 (cf.
1427 495 1516 539 Epp.
1543 495 1665 529 Nadaz
1691 494 1724 527 ΙΙ
1751 494 1835 536 546)

73 554 187 588 frater
213 554 249 587 et
268 552 387 586 Iacobi
405 552 512 585 Ionae
538 551 823 585 vicecancellarii
851 551 1011 585 caesarei
1038 561 1166 594 nepos:
1196 560 1301 593 quem
1329 548 1480 591 collegio
1507 548 1712 591 germanico
1730 547 1838 580 desti-

73 608 197 640 natum
224 605 372 639 Romam
400 605 555 645 venisse,
582 605 630 638 ibi
656 604 873 638 Societatem
901 604 1044 648 petisse,
1072 603 1128 637 29.
1147 602 1235 636 Maii
1263 602 1351 636 1561
1380 601 1416 634 in
1443 612 1521 634 eam
1548 602 1731 644 receptum
1758 610 1838 633 esse

75 658 114 693 P.
133 660 286 693 Ioannes
303 659 481 692 Polancus
499 657 689 691 Societatis
716 657 933 691 secretarius
958 656 998 690 P.
1018 655 1238 689 Theodorico
1257 653 1399 688 Canisio
1426 653 1539 687 Roma
1566 654 1621 687 31.
1640 653 1727 687 Maii
1747 653 1835 687 1561

73 711 251 756 *scripsit
277 712 338 755 (ex
364 722 486 755 apogr.
516 710 627 744 eiusd.
657 712 787 755 temp.;
819 709 957 751 „Ger-m.
986 709 1049 743 61“
1080 708 1106 743 f.
1132 708 1200 751 ab).

193 764 294 805 Quod
319 775 405 797 vero
433 762 659 797 Camerarius
695 763 895 807 significat:
934 762 1117 797 Canisium
1153 761 1302 804 eiusque
1337 759 1478 793 sodales
1513 759 1668 802 negotiis
1702 758 1775 792 illis
1800 769 1839 792 se

74 817 270 852 inseruisse
295 817 421 851 invitis
448 816 689 850 cardinalibus
720 818 756 850 et
781 815 1044 850 Dominicanis:
1080 813 1261 848 Roseffius
1296 814 1421 847 contra
1456 812 1552 853 dicit,
1589 812 1775 845 affirmans
1800 823 1840 845 se

74 873 204 914 rogatu
230 870 383 905 alicuius
419 882 464 904 ex
490 869 733 904 cardinalibus
767 868 1038 913 inquisitoribus
1065 870 1100 902 et
1126 868 1277 901 fratrum
1304 866 1619 900 Dominicanorum
1646 865 1690 899 ad
1718 864 1840 898 Came-

74 924 209 958 rarium
235 924 383 958 missum
412 934 504 958 esse.
555 924 584 956 A
612 923 682 957 fide
709 925 805 957 certe
832 922 1010 963 abhorret,
1038 920 1160 955 Socios
1186 931 1376 963 germanos
1403 918 1541 953 aditum
1573 919 1617 952 ad
1651 917 1842 962 populares

74 977 112 1011 vi
138 978 293 1022 quadam
327 977 396 1011 sibi
422 987 632 1021 comparare
659 976 835 1010 debuisse.
886 975 977 1010 Nam
1010 975 1071 1019 qui
1107 976 1142 1008 et
1179 974 1273 1007 inter
1308 972 1507 1006 cardinales
1543 971 1774 1015 inquisitores
1806 973 1843 1004 et

74 1031 168 1065 inter
185 1030 437 1065 Dominicanos
464 1029 695 1075 praecipuum
715 1029 830 1063 locum
849 1028 1006 1064 tenebat.
1025 1027 1219 1062 cardinalis
1237 1025 1394 1060 Michael
1412 1025 1600 1065 Gislerius‚
1625 1024 1840 1059 Societatem

75 1084 157 1118 Iesu
183 1084 337 1124 amabat,
365 1083 548 1117 Canisium
574 1083 696 1126 magni
722 1082 890 1123 faciebat,
917 1081 1030 1116 Sociis
1056 1080 1238 1124 germanis
1265 1091 1297 1114 a.
1319 1078 1410 1113 1564
1435 1078 1639 1122 singulares
1665 1077 1840 1121 quasdam

75 1136 271 1171 facultates
297 1137 340 1170 ad
367 1138 612 1181 protestantes
639 1135 812 1170 ecclesiae
838 1134 1120 1169 reconciliandos
1147 1134 1376 1167 concesserat
1404 1132 1510 1175 (Can.
1538 1131 1587 1165 IV
1613 1131 1682 1165 492
1709 1131 1775 1164 601
1805 1133 1841 1164 et

74 1201 184 1235 supra
211 1202 244 1235 p.
271 1190 370 1233 343).
412 1189 537 1234 Neque
564 1189 719 1223 dubitari
746 1190 875 1233 potest,
902 1188 987 1232 quin
1014 1187 1107 1232 apud
1135 1189 1273 1220 ceteros
1299 1196 1441 1229 quoque
1468 1184 1668 1218 cardinales
1694 1183 1841 1227 inquisi-

75 1245 184 1284 tores,
210 1243 365 1277 maxime
392 1243 486 1287 apud
513 1242 546 1276 S.
567 1242 735 1276 Carolum
755 1242 1008 1275 Borromaeum
1035 1240 1217 1285 pontificis
1243 1241 1420 1284 nepotem,
1440 1237 1605 1272 Canisius
1623 1237 1839 1271 auctoritate

76 1295 232 1330 valuerit
260 1295 322 1339 (cf.
353 1297 439 1330 Can.
466 1295 516 1329 IV
543 1295 611 1330 974
639 1295 736 1339 978).
787 1294 947 1335 Accedit,
982 1293 1090 1328 immo
1116 1293 1347 1337 praecipuum
1386 1293 1422 1325 in
1447 1291 1516 1325 hac
1541 1302 1580 1324 re
1605 1293 1643 1324 et
1667 1290 1839 1334 gravissi-

77 1360 173 1383 mum
200 1350 255 1383 est
280 1349 525 1383 testimonium
552 1348 719 1393 Prosperi
746 1348 789 1381 ab
809 1348 904 1381 Arcu
930 1346 1089 1381 caesarei
1116 1346 1210 1391 apud
1238 1345 1341 1379 Pium
1359 1345 1421 1378 IV.
1441 1344 1610 1379 oratoris:
1640 1343 1701 1387 qui
1726 1343 1840 1377 Maxi·

76 1402 222 1436 miliano
248 1402 292 1436 II.
328 1401 536 1446 imperatori
562 1401 697 1442 scribit,
726 1400 907 1435 Canisium
936 1400 980 1434 ab
1006 1399 1280 1443 inquisitoribus
1315 1397 1359 1432 ad
1386 1397 1475 1431 duos
1500 1396 1581 1431 illos
1607 1397 1766 1438 iuvenes,
1801 1398 1842 1429 ut

77 1467 138 1490 eos
164 1467 184 1489 a
210 1455 504 1500 protestantismo
531 1455 575 1489 ad
595 1454 807 1489 catholicam
834 1454 941 1488 fidem
959 1452 1158 1493 reduceret,
1176 1451 1326 1486 missum
1346 1462 1444 1491 esse3
1471 1450 1557 1484 Arci
1575 1449 1686 1483 verba
1711 1461 1841 1494 ponen-

77 1511 136 1543 tur
153 1509 247 1542 infra
272 1519 365 1542 mon.
382 1507 461 1542 814.
496 1507 686 1542 Societatis
705 1507 876 1548 homines,
896 1517 1114 1551 quamquam
1133 1516 1275 1539 sacrum
1294 1503 1542 1548 inquisitionis
1560 1503 1716 1537 officium
1734 1502 1842 1536 valde

76 1562 348 1603 reverebantur,
383 1561 451 1596 hoc
477 1563 599 1595 tamen
625 1561 668 1595 ab
696 1561 773 1605 ipso
801 1559 834 1595 S.
862 1559 1004 1603 Ignatio
1029 1559 1097 1593 sibi
1123 1558 1298 1593 traditum
1324 1556 1516 1596 habebant,
1550 1558 1591 1590 ut-
1625 1556 1670 1590 ab
1696 1555 1842 1599 inquisi-

75 1617 194 1649 torum
220 1615 429 1649 muneribus
455 1615 664 1658 refugerent
689 1613 818 1659 potius,
846 1624 952 1657 quam
979 1614 1114 1646 temere
1139 1612 1183 1645 iis
1209 1623 1248 1645 se
1274 1610 1515 1645 admiscerent
1542 1610 1648 1653 (Can.
1676 1609 1725 1643 lV
1744 1609 1843 1652 255).

79 1668 130 1702 Eo
148 1668 300 1713 denique
320 1667 459 1702 dicendi
478 1679 610 1710 genere
625 1667 862 1707 Camerarius,
882 1665 942 1700 ubi
960 1665 1003 1699 de
1021 1665 1167 1700 Iesuitis
1192 1649 1361 1709 loquitur,
1380 1663 1504 1704 utitur,
1522 1665 1564 1696 ut
1582 1662 1688 1697 facile
1706 1663 1843 1703 videas,

78 1721 144 1756 hos
169 1721 238 1766 ipsi
265 1721 371 1755 valde
398 1732 526 1755 exosos
552 1721 683 1757 fuisse:
711 1731 827 1764 neque
853 1720 889 1753 in
915 1719 1099 1763 religionis
1125 1717 1301 1761 colloquio
1327 1716 1389 1751 illo
1408 1716 1652 1757 vormatiensi,
1679 1716 1736 1750 cui
1762 1715 1844 1749 Phi-

79 1774 198 1820 lippus
225 1774 453 1809 Camerarius
487 1785 525 1808 se
551 1774 761 1808 interfuisse
786 1775 954 1814 testatur,
990 1773 1180 1816 quisquam
1207 1770 1458 1805 vehementius
1496 1771 1756 1815 protestantes,
1792 1768 1843 1802 in-

79 1827 204 1873 primis
230 1827 556 1868 Melanchthonem,
588 1828 824 1871 oppugnarat,
860 1837 967 1870 quam
994 1825 1178 1865 Canisius;
1216 1824 1319 1858 cuius
1351 1835 1458 1868 opera
1483 1823 1591 1857 iidem
1616 1823 1844 1867 potissimum

79 1881 246 1915 effectum
274 1892 352 1915 esse
379 1880 584 1921 censebant,
611 1882 652 1914 ut
677 1891 751 1924 spe,
778 1890 886 1923 quam
912 1880 948 1913 in
974 1878 1150 1922 colloquio
1175 1877 1238 1911 illo
1265 1876 1541 1918 collocaverant,
1580 1876 1723 1919 egregie
1749 1875 1843 1910 frau-

80 1935 253 1968 darentur
292 1934 397 1978 (Can.
425 1934 458 1967 II
488 1934 552 1967 175
583 1933 648 1967 177
677 1932 741 1966 181
772 1932 959 1967 794—799
986 1930 1174 1966 Sol—803
1201 1930 1298 1974 894).
1349 1930 1469 1974 Atque
1503 1929 1570 1963 hoc
1605 1929 1683 1963 odio
1718 1929 1769 1969 fit,
1804 1931 1844 1962 ut

81 1987 310 2021 Camerarius
335 1987 468 2030 ubique
494 1986 648 2020 Iesuitas
674 1985 806 2026 videat,
842 1985 973 2029 ubique
1005 1985 1049 2019 ab
1086 1984 1129 2018 iis
1155 1984 1305 2018 insidias
1331 1983 1398 2017 sibi
1426 1982 1544 2028 parari
1570 1982 1765 2017 coniectet:
1804 1982 1844 2016 In

81 2040 199 2075 reditu
225 2051 288 2085 per
305 2040 498 2073 Lauretum
525 2050 595 2073 non
621 2038 770 2078 transit:
799 2038 974 2072 divinitus
999 2038 1034 2072 id
1061 2037 1199 2072 consilii
1227 2037 1259 2071 ei
1285 2037 1500 2081 inspiratum
1519 2037 1592 2071 est:
1620 2036 1655 2069 in
1682 2047 1724 2069 ea
1750 2035 1843 2069 enim

81 2093 255 2128 idolorum
282 2093 369 2126 urbe
398 2091 735 2135 (,‚Gotzen-Stadt“)
774 2091 881 2125 facile
916 2091 1046 2125 fuisset
1070 2090 1230 2131 Iesuitis,
1266 2101 1332 2124 sua
1357 2089 1393 2123 in
1420 2090 1537 2134 ipsum
1564 2089 1702 2123 scelera
1730 2088 1846 2131 („ihre

82 2146 377 2189 Bubenstiicke“)
406 2145 629 2180 committere
659 2145 804 2187 (Kanna
828 2144 851 2178 l.
880 2156 908 2178 c.
936 2144 1105 2187 65—66).
1153 2143 1267 2178 Nocte
1293 2143 1424 2187 aliqua,
1452 2154 1532 2177 cum
1559 2143 1594 2176 in
1621 2141 1769 2176 aedibus
1796 2142 1845 2175 in·

83 2199 288 2244 quisitionis
324 2199 531 2244 dysenteria
567 2201 603 2232 et
637 2198 798 2232 febribus
833 2200 999 2232 ureretur
1036 2197 1074 2240 (1.
1101 2209 1130 2231 c.
1158 2197 1238 2241 40),
1273 2197 1450 2231 somnium
1485 2196 1578 2229 vidit
1611 2195 1847 2235 horrendum3

81 2252 224 2297 species
258 2253 289 2285 ei
319 2254 494 2285 venerunt
518 2251 727 2291 horribiles:
766 2252 801 2285 in
838 2250 910 2284 illis
943 2250 1048 2284 homo
1082 2250 1193 2294 niger,
1228 2249 1422 2294 nigerrimo
1448 2249 1607 2283 insidens
1633 2259 1724 2292 equo
1749 2248 1848 2282 flam-

85 2316 234 2349 masque
261 2316 449 2345 evomens;
488 2305 641 2339 Iesuitas
666 2304 756 2338 haec
782 2303 976 2338 simulacra
1009 2303 1076 2338 sibi
1103 2303 1277 2338 obiecisse
1303 2303 1527 2348 suspicatur:
1564 2305 1650 2336 sunt
1684 2302 1777 2335 enim
1812 2301 1847 2335 in

86 2358 261 2392 eiusmodi
297 2357 503 2403 praestigiis
539 2357 778 2392 versatissimi
808 2357 903 2401 (1.0.
929 2357 975 2392 48
1001 2356 1095 2400 52*).
1147 2356 1281 2390 Horum
1320 2356 1457 2390 similes
1495 2358 1580 2389 sunt
1618 2355 1850 2399 inquisitores

86 2412 174 2457 ipsi,
210 2411 402 2455 aliquando
438 2411 469 2445 ei
507 2411 748 2445 adiunxerunt
784 2410 972 2456 hominem,
1009 2410 1070 2454 qui
1105 2411 1224 2455 specie
1251 2410 1394 2454 quidem
1431 2411 1467 2443 et
1492 2410 1568 2453 ipse
1594 2409 1772 2453 captivus,
1812 2420 1849 2442 re

86 2467 207 2499 autem
242 2467 436 2509 perpetuus
473 2464 550 2498 eius
585 2464 795 2498 observator
829 2466 865 2498 et
899 2463 1039 2497 delator
1071 2468 1187 2503 esset;
1222 2462 1426 2496 huiusmodi
1458 2461 1620 2496 homiues
1647 2482 1690 2484 —
1717 2461 1850 2496 culices

87 2518 324 2562 („Miicken“)
355 2517 390 2551 hi
408 2517 530 2551 vocari
548 2517 721 2551 solent—
738 2517 782 2551 ab
809 2516 1080 2561 inquisitoribus
1107 2528 1218 2561 parvo
1245 2516 1359 2561 pretio
1386 2515 1536 2549 conduci
1562 2514 1699 2555 solent;
1729 2527 1847 2549 eorum

87 2571 276 2606 calumniis
311 2570 417 2616 plena
451 2570 541 2605 fides
573 2570 724 2605 habetur
753 2570 792 2612 (l.
820 2582 849 2605 c.
877 2570 959 2613 45):
996 2569 1073 2614 ipse
1109 2569 1216 2603 etiam
1249 2568 1411 2614 pontifex
1437 2587 1481 2591 —
1509 2568 1735 2602 Camerarius
1770 2580 1850 2602 eum

85 2624 207 2668 aliquo
243 2624 429 2658 relationis
463 2623 540 2658 1000
571 2635 773 2665 „romanam
801 2623 972 2657 bestiam“
1004 2624 1112 2656 vocat
1141 2622 1176 2665 (l.
1205 2633 1235 2656 c.
1265 2622 1323 2665 14)
1350 2641 1395 2645 --
1422 2621 1457 2655 in
1484 2621 1590 2655 rebus
1616 2621 1779 2655 omnibus
1805 2621 1850 2655 ad

86 2677 265 2711 haeresim
291 2676 538 2722 spectantibus
564 2678 644 2710 octo
671 2676 743 2710 illis
769 2675 1022 2716 cardinalibus,
1049 2675 1109 2719 qui
1136 2675 1178 2708 de
1205 2674 1435 2719 inquisitione
1461 2676 1555 2714 sunt,
1594 2685 1719 2718 parere
1746 2674 1852 2708 debet

92 2729 130 2773 (l.
158 2741 187 2764 c.
216 2730 289 2773 71).

209 2783 390 2826 Singulari
428 2782 558 2816 iniuria
588 2783 819 2815 Camerarius
845 2781 960 2815 afficit
985 2781 1231 2815 doctissimum
1260 2779 1358 2813 illum
1386 2779 1603 2814 cardinalem
1631 2779 1850 2814 Stanislaum

90 2836 241 2870 Hosium
276 2837 481 2881 episcopum
517 2835 773 2875 varmiensem‚
810 2835 871 2878 qui
902 2845 994 2868 unus
1030 2845 1074 2868 ex
1109 2833 1249 2868 concilii
1284 2833 1470 2866 tridentini
1504 2833 1727 2878 praesidibus
1763 2833 1850 2874 fuit;

90 2889 185 2924 hunc
211 2889 304 2923 enim
331 2888 383 2923 sic
409 2888 497 2923 facit
522 2888 557 2922 in
589 2888 860 2930 „Confessi0ne“
891 2887 1120 2921 docentem¹:
1161 2885 1257 2928 „Non
1284 2888 1447 2930 oportere
1474 2885 1564 2929 legis
1591 2888 1626 2920 et
1652 2887 1852 2931 scripturae

214 2996 224 3016 ²
250 2995 399 3029 Hosium
427 2994 536 3029 etiam
562 2993 598 3026 in
624 2993 713 3027 libro
738 2992 807 3035 „De
826 3003 998 3037 expresso
1016 2992 1081 3026 Dei
1105 2992 1233 3026 verb0“
1265 2991 1440 3026 adversus
1466 3002 1603 3025 sacram
1632 2991 1853 3036 Scripturam

91 3047 265 3082 audacius
299 3047 488 3092 scripsisse
523 3046 681 3080 affirmat
707 3046 945 3080 Camerarius.
997 3045 1088 3079 Ecce
1114 3045 1193 3090 ipsa
1219 3044 1412 3079 cardinalis
1439 3045 1544 3078 Hosii
1569 3044 1698 3078 verba:
1738 3044 1855 3086 „Dicit

92 3100 284 3142 Lutherus,
312 3101 404 3145 quod
431 3112 497 3143 ego
525 3100 643 3140 doceo,
670 3098 735 3132 Dei
762 3099 911 3132 verbum
939 3100 1004 3139 est,
1031 3109 1159 3143 purum
1188 3097 1446 3140 Euangelium:
1479 3096 1602 3131 statim
1630 3097 1790 3139 adorant,
1818 3099 1854 3130 et

93 3154 327 3188 incuruantur
354 3164 472 3188 coram
499 3152 602 3186 idolo.
654 3151 788 3186 Dicunt
814 3151 905 3185 idem
934 3151 1119 3194 Zuinglius
1146 3153 1182 3184 et
1208 3150 1398 3185 Caluinus:
1430 3150 1554 3184 dicunt
1579 3150 1851 3195 Anabaptistae.

95 3206 247 3248 Picardi,
286 3205 573 3245 Suenckfeldius,
609 3204 790 3245 Seruetus,
818 3204 1031 3249 Campanus,
1072 3206 1106 3237 et
1143 3203 1203 3247 alij
1241 3202 1400 3237 nonnulli
1436 3203 1627 3237 haeretici:
1665 3203 1852 3248 proferunt
