<?xml version="1.0" encoding="UTF-8"?>
<!DOCTYPE html PUBLIC "-//W3C//DTD XHTML 1.0 Transitional//EN"
    "http://www.w3.org/TR/xhtml1/DTD/xhtml1-transitional.dtd">
<html xmlns="http://www.w3.org/1999/xhtml" xml:lang="en" lang="en">
 <head>
  <title>
</title>
<meta http-equiv="Content-Type" content="text/html;charset=utf-8" />
  <meta name='ocr-system' content='tesseract 3.04.00' />
  <meta name='ocr-capabilities' content='ocr_page ocr_carea ocr_par ocr_line ocrx_word'/>
</head>
<body>
  <div class='ocr_page' id='page_1' title='image "beatipetricanisi05cani_0733.png"; bbox 0 0 2045 3471; ppageno 0'>
   <div class='ocr_carea' id='block_1_1' title="bbox 504 224 1831 272">
    <p class='ocr_par' dir='ltr' id='par_1_1' title="bbox 504 224 1831 272">
     <span class='ocr_line' id='line_1_1' title="bbox 504 224 1831 272; baseline 0.006 -14"><span class='ocrx_word' id='word_1_1' title='bbox 504 224 596 258; x_wconf 91' lang='lat' dir='ltr'>Mon.</span> <span class='ocrx_word' id='word_1_2' title='bbox 618 225 685 259; x_wconf 80' lang='lat'>732</span> <span class='ocrx_word' id='word_1_3' title='bbox 712 225 790 259; x_wconf 87' lang='lat' dir='ltr'>sive</span> <span class='ocrx_word' id='word_1_4' title='bbox 816 236 928 268; x_wconf 80' lang='lat' dir='ltr'>germ.</span> <span class='ocrx_word' id='word_1_5' title='bbox 949 226 971 260; x_wconf 94' lang='lat' dir='ltr'>l.</span> <span class='ocrx_word' id='word_1_6' title='bbox 994 227 1059 269; x_wconf 82' lang='lat'>(7).</span> <span class='ocrx_word' id='word_1_7' title='bbox 1100 226 1155 261; x_wconf 87' lang='grc'>20.</span> <span class='ocrx_word' id='word_1_8' title='bbox 1177 226 1273 272; x_wconf 86' lang='lat' dir='ltr'>Sept.</span> <span class='ocrx_word' id='word_1_9' title='bbox 1296 227 1397 262; x_wconf 90' lang='grc'>1565.</span> <span class='ocrx_word' id='word_1_10' title='bbox 1748 231 1831 270; x_wconf 78' lang='grc'>645</span> 
     </span>
    </p>
   </div>
   <div class='ocr_carea' id='block_1_2' title="bbox 59 343 1833 1440">
    <p class='ocr_par' dir='ltr' id='par_1_2' title="bbox 59 343 1833 1440">
     <span class='ocr_line' id='line_1_2' title="bbox 63 343 1831 400; baseline 0.002 -15"><span class='ocrx_word' id='word_1_11' title='bbox 63 347 213 387; x_wconf 91' lang='lat' dir='ltr'>nostro</span> <span class='ocrx_word' id='word_1_12' title='bbox 236 344 407 385; x_wconf 90' lang='lat' dir='ltr'>nomine</span> <span class='ocrx_word' id='word_1_13' title='bbox 430 343 593 393; x_wconf 88' lang='lat' dir='ltr'>visitet,</span> <span class='ocrx_word' id='word_1_14' title='bbox 628 358 679 386; x_wconf 89' lang='lat' dir='ltr'>ac</span> <span class='ocrx_word' id='word_1_15' title='bbox 705 344 938 398; x_wconf 71' lang='lat' dir='ltr'>diligenter</span> <span class='ocrx_word' id='word_1_16' title='bbox 960 345 1123 387; x_wconf 87' lang='lat' dir='ltr'>salutet</span> <span class='ocrx_word' id='word_1_17' title='bbox 1157 360 1232 399; x_wconf 87' lang='lat' dir='ltr'>pro</span> <span class='ocrx_word' id='word_1_18' title='bbox 1257 345 1416 387; x_wconf 83' lang='lat' dir='ltr'>eximia</span> <span class='ocrx_word' id='word_1_19' title='bbox 1439 345 1668 397; x_wconf 72' lang='lat' dir='ltr'>charitate,</span> <span class='ocrx_word' id='word_1_20' title='bbox 1703 361 1831 400; x_wconf 86' lang='lat' dir='ltr'>quam</span> 
     </span>
     <span class='ocr_line' id='line_1_3' title="bbox 63 408 1832 464; baseline 0.002 -14"><span class='ocrx_word' id='word_1_21' title='bbox 63 409 186 450; x_wconf 89' lang='lat' dir='ltr'>vobis</span> <span class='ocrx_word' id='word_1_22' title='bbox 219 412 263 451; x_wconf 92' lang='lat' dir='ltr'>et</span> <span class='ocrx_word' id='word_1_23' title='bbox 295 408 464 462; x_wconf 77' lang='lat' dir='ltr'>patriae</span> <span class='ocrx_word' id='word_1_24' title='bbox 486 412 662 450; x_wconf 87' lang='lat' dir='ltr'>vestrae</span> <span class='ocrx_word' id='word_1_25' title='bbox 685 409 846 451; x_wconf 85' lang='lat' dir='ltr'>Sancta.</span> <span class='ocrx_word' id='word_1_26' title='bbox 869 410 1067 451; x_wconf 85' lang='lat' dir='ltr'>Romana</span> <span class='ocrx_word' id='word_1_27' title='bbox 1091 410 1218 452; x_wconf 89' lang='lat' dir='ltr'>debet</span> <span class='ocrx_word' id='word_1_28' title='bbox 1241 410 1450 460; x_wconf 78' lang='lat' dir='ltr'>Ecclesia,</span> <span class='ocrx_word' id='word_1_29' title='bbox 1485 411 1553 453; x_wconf 86' lang='lat' dir='ltr'>cui</span> <span class='ocrx_word' id='word_1_30' title='bbox 1575 425 1653 452; x_wconf 88' lang='lat' dir='ltr'>vos</span> <span class='ocrx_word' id='word_1_31' title='bbox 1684 411 1832 464; x_wconf 82' lang='lat' dir='ltr'>singu-</span> 
     </span>
     <span class='ocr_line' id='line_1_4' title="bbox 63 473 1830 527; baseline 0.002 -13"><span class='ocrx_word' id='word_1_32' title='bbox 63 474 200 515; x_wconf 86' lang='lat' dir='ltr'>larem</span> <span class='ocrx_word' id='word_1_33' title='bbox 243 473 356 515; x_wconf 90' lang='lat' dir='ltr'>omni</span> <span class='ocrx_word' id='word_1_34' title='bbox 397 475 593 527; x_wconf 84' lang='lat' dir='ltr'>tempore</span> <span class='ocrx_word' id='word_1_35' title='bbox 637 475 816 524; x_wconf 87' lang='lat' dir='ltr'>cultum,</span> <span class='ocrx_word' id='word_1_36' title='bbox 861 474 1134 516; x_wconf 89' lang='lat' dir='ltr'>deuotionem</span> <span class='ocrx_word' id='word_1_37' title='bbox 1177 489 1227 516; x_wconf 89' lang='lat' dir='ltr'>ac</span> <span class='ocrx_word' id='word_1_38' title='bbox 1269 476 1558 518; x_wconf 88' lang='lat' dir='ltr'>reuerentiam</span> <span class='ocrx_word' id='word_1_39' title='bbox 1602 476 1830 527; x_wconf 79' lang='lat' dir='ltr'>tribuistis,</span> 
     </span>
     <span class='ocr_line' id='line_1_5' title="bbox 63 538 1832 584; baseline 0.002 -4"><span class='ocrx_word' id='word_1_40' title='bbox 63 539 161 580; x_wconf 92' lang='lat' dir='ltr'>huic</span> <span class='ocrx_word' id='word_1_41' title='bbox 193 538 339 580; x_wconf 88' lang='lat' dir='ltr'>stabili</span> <span class='ocrx_word' id='word_1_42' title='bbox 372 541 415 580; x_wconf 91' lang='lat' dir='ltr'>et</span> <span class='ocrx_word' id='word_1_43' title='bbox 447 538 654 580; x_wconf 85' lang='lat' dir='ltr'>immobili</span> <span class='ocrx_word' id='word_1_44' title='bbox 687 539 910 581; x_wconf 80' lang='lat' dir='ltr'>Ecclesiae</span> <span class='ocrx_word' id='word_1_45' title='bbox 943 539 1193 581; x_wconf 86' lang='lat' dir='ltr'>Catholicae</span> <span class='ocrx_word' id='word_1_46' title='bbox 1230 539 1512 582; x_wconf 85' lang='lat' dir='ltr'>fundamento</span> <span class='ocrx_word' id='word_1_47' title='bbox 1551 541 1734 584; x_wconf 89' lang='lat' dir='ltr'>firmiter</span> <span class='ocrx_word' id='word_1_48' title='bbox 1766 541 1832 583; x_wconf 86' lang='lat' dir='ltr'>af-</span> 
     </span>
     <span class='ocr_line' id='line_1_6' title="bbox 61 603 1830 660; baseline 0.003 -16"><span class='ocrx_word' id='word_1_49' title='bbox 61 603 149 646; x_wconf 76' lang='lat' dir='ltr'>fixi.</span> <span class='ocrx_word' id='word_1_50' title='bbox 213 603 282 644; x_wconf 84' lang='lat' dir='ltr'>Ex</span> <span class='ocrx_word' id='word_1_51' title='bbox 315 617 364 644; x_wconf 89' lang='lat' dir='ltr'>eo</span> <span class='ocrx_word' id='word_1_52' title='bbox 399 603 684 656; x_wconf 74' lang='lat' dir='ltr'>cognoscetis,</span> <span class='ocrx_word' id='word_1_53' title='bbox 728 607 893 656; x_wconf 86' lang='lat' dir='ltr'>quanta</span> <span class='ocrx_word' id='word_1_54' title='bbox 935 604 1204 657; x_wconf 83' lang='lat' dir='ltr'>benignitate</span> <span class='ocrx_word' id='word_1_55' title='bbox 1245 605 1458 646; x_wconf 87' lang='lat' dir='ltr'>indultum</span> <span class='ocrx_word' id='word_1_56' title='bbox 1492 606 1610 656; x_wconf 89' lang='lat' dir='ltr'>illud,</span> <span class='ocrx_word' id='word_1_57' title='bbox 1654 607 1705 648; x_wconf 90' lang='lat' dir='ltr'>de</span> <span class='ocrx_word' id='word_1_58' title='bbox 1747 621 1830 660; x_wconf 91' lang='lat' dir='ltr'>quo</span> 
     </span>
     <span class='ocr_line' id='line_1_7' title="bbox 63 668 1833 723; baseline 0.003 -14"><span class='ocrx_word' id='word_1_59' title='bbox 63 668 185 710; x_wconf 90' lang='lat' dir='ltr'>nobis</span> <span class='ocrx_word' id='word_1_60' title='bbox 219 668 532 722; x_wconf 76' lang='lat' dir='ltr'>supplicastis‘²‚</span> <span class='ocrx_word' id='word_1_61' title='bbox 567 668 857 712; x_wconf 86' lang='lat' dir='ltr'>Vniuersitati</span> <span class='ocrx_word' id='word_1_62' title='bbox 889 669 961 711; x_wconf 90' lang='lat' dir='ltr'>isti</span> <span class='ocrx_word' id='word_1_63' title='bbox 999 669 1420 723; x_wconf 84' lang='lat' dir='ltr'>prorogauerimus¹‚</span> <span class='ocrx_word' id='word_1_64' title='bbox 1463 670 1591 712; x_wconf 91' lang='lat' dir='ltr'>iussis</span> <span class='ocrx_word' id='word_1_65' title='bbox 1623 672 1833 714; x_wconf 86' lang='lat' dir='ltr'>ministris</span> 
     </span>
     <span class='ocr_line' id='line_1_8' title="bbox 63 733 1831 788; baseline 0.002 -14"><span class='ocrx_word' id='word_1_66' title='bbox 63 733 224 775; x_wconf 89' lang='lat' dir='ltr'>nostris</span> <span class='ocrx_word' id='word_1_67' title='bbox 247 747 320 775; x_wconf 89' lang='lat' dir='ltr'>eas</span> <span class='ocrx_word' id='word_1_68' title='bbox 342 733 479 786; x_wconf 86' lang='lat' dir='ltr'>primo</span> <span class='ocrx_word' id='word_1_69' title='bbox 504 747 672 786; x_wconf 88' lang='lat' dir='ltr'>quoque</span> <span class='ocrx_word' id='word_1_70' title='bbox 704 736 901 787; x_wconf 85' lang='lat' dir='ltr'>tempore</span> <span class='ocrx_word' id='word_1_71' title='bbox 924 734 1074 777; x_wconf 85' lang='lat' dir='ltr'>literas</span> <span class='ocrx_word' id='word_1_72' title='bbox 1097 734 1236 787; x_wconf 87' lang='lat' dir='ltr'>gratis</span> <span class='ocrx_word' id='word_1_73' title='bbox 1269 734 1475 788; x_wconf 88' lang='lat' dir='ltr'>plenioris</span> <span class='ocrx_word' id='word_1_74' title='bbox 1507 735 1677 788; x_wconf 88' lang='lat' dir='ltr'>gratiae</span> <span class='ocrx_word' id='word_1_75' title='bbox 1701 751 1831 778; x_wconf 88' lang='lat' dir='ltr'>causa</span> 
     </span>
     <span class='ocr_line' id='line_1_9' title="bbox 62 797 1828 853; baseline 0.001 -13"><span class='ocrx_word' id='word_1_76' title='bbox 62 798 279 852; x_wconf 82' lang='lat' dir='ltr'>expedire.</span> <span class='ocrx_word' id='word_1_77' title='bbox 343 797 452 847; x_wconf 83' lang='lat' dir='ltr'>Quia</span> <span class='ocrx_word' id='word_1_78' title='bbox 492 812 596 839; x_wconf 87' lang='lat' dir='ltr'>vero</span> <span class='ocrx_word' id='word_1_79' title='bbox 640 812 734 840; x_wconf 87' lang='lat' dir='ltr'>eam</span> <span class='ocrx_word' id='word_1_80' title='bbox 776 802 1019 853; x_wconf 89' lang='lat' dir='ltr'>temporum</span> <span class='ocrx_word' id='word_1_81' title='bbox 1061 799 1351 842; x_wconf 88' lang='lat' dir='ltr'>conditionem</span> <span class='ocrx_word' id='word_1_82' title='bbox 1394 813 1489 841; x_wconf 88' lang='lat' dir='ltr'>esse</span> <span class='ocrx_word' id='word_1_83' title='bbox 1531 800 1664 851; x_wconf 87' lang='lat' dir='ltr'>scitis⁷</span> <span class='ocrx_word' id='word_1_84' title='bbox 1708 801 1828 843; x_wconf 91' lang='lat' dir='ltr'>utin</span> 
     </span>
     <span class='ocr_line' id='line_1_10' title="bbox 61 863 1830 918; baseline 0.002 -13"><span class='ocrx_word' id='word_1_85' title='bbox 61 863 378 917; x_wconf 84' lang='lat' dir='ltr'>professoribus</span> <span class='ocrx_word' id='word_1_86' title='bbox 425 867 469 906; x_wconf 92' lang='lat' dir='ltr'>et</span> <span class='ocrx_word' id='word_1_87' title='bbox 512 864 574 905; x_wconf 89' lang='lat' dir='ltr'>eis</span> <span class='ocrx_word' id='word_1_88' title='bbox 621 863 692 916; x_wconf 86' lang='lat' dir='ltr'>qui</span> <span class='ocrx_word' id='word_1_89' title='bbox 735 864 977 918; x_wconf 84' lang='lat' dir='ltr'>Magisterij</span> <span class='ocrx_word' id='word_1_90' title='bbox 1023 867 1067 906; x_wconf 90' lang='lat' dir='ltr'>et</span> <span class='ocrx_word' id='word_1_91' title='bbox 1110 866 1372 907; x_wconf 88' lang='lat' dir='ltr'>Doctoratus</span> <span class='ocrx_word' id='word_1_92' title='bbox 1416 864 1557 907; x_wconf 89' lang='lat' dir='ltr'>titulis</span> <span class='ocrx_word' id='word_1_93' title='bbox 1601 866 1830 908; x_wconf 85' lang='lat' dir='ltr'>decorandi</span> 
     </span>
     <span class='ocr_line' id='line_1_11' title="bbox 61 928 1831 984; baseline 0 -15"><span class='ocrx_word' id='word_1_94' title='bbox 61 931 176 978; x_wconf 90' lang='lat' dir='ltr'>sunt,</span> <span class='ocrx_word' id='word_1_95' title='bbox 219 942 422 981; x_wconf 83' lang='lat' dir='ltr'>magnam</span> <span class='ocrx_word' id='word_1_96' title='bbox 465 928 735 981; x_wconf 83' lang='lat' dir='ltr'>diligentiam</span> <span class='ocrx_word' id='word_1_97' title='bbox 776 929 980 971; x_wconf 87' lang='lat' dir='ltr'>adhibere</span> <span class='ocrx_word' id='word_1_98' title='bbox 1022 943 1199 971; x_wconf 89' lang='lat' dir='ltr'>necesse</span> <span class='ocrx_word' id='word_1_99' title='bbox 1231 929 1302 980; x_wconf 84' lang='lat' dir='ltr'>sit,</span> <span class='ocrx_word' id='word_1_100' title='bbox 1345 930 1550 984; x_wconf 80' lang='lat' dir='ltr'>expedire</span> <span class='ocrx_word' id='word_1_101' title='bbox 1582 931 1831 984; x_wconf 55' lang='lat' dir='ltr'>putauimusz</span> 
     </span>
     <span class='ocr_line' id='line_1_12' title="bbox 62 994 1830 1048; baseline 0.002 -13"><span class='ocrx_word' id='word_1_102' title='bbox 62 997 111 1036; x_wconf 91' lang='lat' dir='ltr'>vt</span> <span class='ocrx_word' id='word_1_103' title='bbox 144 1007 305 1043; x_wconf 85' lang='lat' dir='ltr'>omnes,</span> <span class='ocrx_word' id='word_1_104' title='bbox 340 994 411 1047; x_wconf 93' lang='lat' dir='ltr'>qui</span> <span class='ocrx_word' id='word_1_105' title='bbox 442 994 626 1047; x_wconf 87' lang='lat' dir='ltr'>posthac</span> <span class='ocrx_word' id='word_1_106' title='bbox 649 994 704 1036; x_wconf 89' lang='lat' dir='ltr'>ad</span> <span class='ocrx_word' id='word_1_107' title='bbox 725 994 768 1036; x_wconf 89' lang='lat' dir='ltr'>id</span> <span class='ocrx_word' id='word_1_108' title='bbox 800 995 1031 1048; x_wconf 91' lang='lat' dir='ltr'>profitendi</span> <span class='ocrx_word' id='word_1_109' title='bbox 1053 1009 1208 1036; x_wconf 91' lang='lat' dir='ltr'>munus</span> <span class='ocrx_word' id='word_1_110' title='bbox 1232 998 1276 1037; x_wconf 87' lang='lat' dir='ltr'>et</span> <span class='ocrx_word' id='word_1_111' title='bbox 1299 994 1341 1036; x_wconf 91' lang='lat' dir='ltr'>in</span> <span class='ocrx_word' id='word_1_112' title='bbox 1365 996 1600 1038; x_wconf 87' lang='lat' dir='ltr'>Doctorum</span> <span class='ocrx_word' id='word_1_113' title='bbox 1626 996 1830 1038; x_wconf 86' lang='lat' dir='ltr'>Ordinem</span> 
     </span>
     <span class='ocr_line' id='line_1_13' title="bbox 62 1058 1830 1114; baseline 0.002 -13"><span class='ocrx_word' id='word_1_114' title='bbox 62 1058 374 1109; x_wconf 70' lang='lat' dir='ltr'>assumenturb,</span> <span class='ocrx_word' id='word_1_115' title='bbox 414 1058 457 1100; x_wconf 92' lang='lat' dir='ltr'>in</span> <span class='ocrx_word' id='word_1_116' title='bbox 496 1073 751 1112; x_wconf 86' lang='lat' dir='ltr'>quocunque</span> <span class='ocrx_word' id='word_1_117' title='bbox 784 1059 1107 1114; x_wconf 88' lang='lat' dir='ltr'>disciplinarum</span> <span class='ocrx_word' id='word_1_118' title='bbox 1142 1062 1186 1102; x_wconf 93' lang='lat' dir='ltr'>et</span> <span class='ocrx_word' id='word_1_119' title='bbox 1218 1059 1478 1102; x_wconf 82' lang='lat' dir='ltr'>facultatum</span> <span class='ocrx_word' id='word_1_120' title='bbox 1511 1074 1671 1113; x_wconf 80' lang='lat' dir='ltr'>genere</span> <span class='ocrx_word' id='word_1_121' title='bbox 1702 1062 1830 1104; x_wconf 87' lang='lat' dir='ltr'>fidem</span> 
     </span>
     <span class='ocr_line' id='line_1_14' title="bbox 62 1123 1832 1179; baseline 0.002 -14"><span class='ocrx_word' id='word_1_122' title='bbox 62 1138 197 1173; x_wconf 83' lang='lat' dir='ltr'>suam,</span> <span class='ocrx_word' id='word_1_123' title='bbox 240 1124 365 1166; x_wconf 79' lang='lat' dir='ltr'>iuxta</span> <span class='ocrx_word' id='word_1_124' title='bbox 398 1124 583 1166; x_wconf 84' lang='lat' dir='ltr'>formam</span> <span class='ocrx_word' id='word_1_125' title='bbox 615 1124 749 1166; x_wconf 89' lang='lat' dir='ltr'>libelli</span> <span class='ocrx_word' id='word_1_126' title='bbox 781 1124 847 1166; x_wconf 86' lang='lat' dir='ltr'>his</span> <span class='ocrx_word' id='word_1_127' title='bbox 879 1125 1018 1166; x_wconf 88' lang='lat' dir='ltr'>literis</span> <span class='ocrx_word' id='word_1_128' title='bbox 1052 1123 1341 1179; x_wconf 74' lang='lat' dir='ltr'>adiuncti⁰[?]</span> <span class='ocrx_word' id='word_1_129' title='bbox 1376 1126 1675 1179; x_wconf 86' lang='lat' dir='ltr'>profiteantur,</span> <span class='ocrx_word' id='word_1_130' title='bbox 1720 1127 1832 1169; x_wconf 90' lang='lat' dir='ltr'>sicut</span> 
     </span>
     <span class='ocr_line' id='line_1_15' title="bbox 60 1188 1828 1245; baseline 0.002 -15"><span class='ocrx_word' id='word_1_131' title='bbox 60 1188 103 1230; x_wconf 92' lang='lat' dir='ltr'>in</span> <span class='ocrx_word' id='word_1_132' title='bbox 137 1189 233 1243; x_wconf 86' lang='lat' dir='ltr'>alijs</span> <span class='ocrx_word' id='word_1_133' title='bbox 267 1189 397 1231; x_wconf 88' lang='lat' dir='ltr'>etiam</span> <span class='ocrx_word' id='word_1_134' title='bbox 431 1189 586 1242; x_wconf 84' lang='lat' dir='ltr'>studijs</span> <span class='ocrx_word' id='word_1_135' title='bbox 617 1189 861 1231; x_wconf 87' lang='lat' dir='ltr'>istiusmodi</span> <span class='ocrx_word' id='word_1_136' title='bbox 894 1189 1116 1231; x_wconf 89' lang='lat' dir='ltr'>obseruari</span> <span class='ocrx_word' id='word_1_137' title='bbox 1148 1190 1488 1244; x_wconf 77' lang='lat' dir='ltr'>praecepimus2.</span> <span class='ocrx_word' id='word_1_138' title='bbox 1544 1191 1608 1232; x_wconf 92' lang='lat' dir='ltr'>De</span> <span class='ocrx_word' id='word_1_139' title='bbox 1640 1192 1828 1245; x_wconf 86' lang='lat' dir='ltr'>reliquis,</span> 
     </span>
     <span class='ocr_line' id='line_1_16' title="bbox 61 1254 1829 1307; baseline 0.001 -11"><span class='ocrx_word' id='word_1_140' title='bbox 61 1268 172 1307; x_wconf 91' lang='lat' dir='ltr'>quae</span> <span class='ocrx_word' id='word_1_141' title='bbox 205 1254 318 1296; x_wconf 89' lang='lat' dir='ltr'>idem</span> <span class='ocrx_word' id='word_1_142' title='bbox 351 1254 548 1296; x_wconf 86' lang='lat' dir='ltr'>Canisius</span> <span class='ocrx_word' id='word_1_143' title='bbox 581 1256 730 1296; x_wconf 87' lang='lat' dir='ltr'>nostro</span> <span class='ocrx_word' id='word_1_144' title='bbox 764 1255 936 1297; x_wconf 90' lang='lat' dir='ltr'>nomine</span> <span class='ocrx_word' id='word_1_145' title='bbox 969 1255 1091 1297; x_wconf 89' lang='lat' dir='ltr'>vobis</span> <span class='ocrx_word' id='word_1_146' title='bbox 1124 1255 1300 1305; x_wconf 84' lang='lat' dir='ltr'>referet,</span> <span class='ocrx_word' id='word_1_147' title='bbox 1342 1256 1470 1297; x_wconf 89' lang='lat' dir='ltr'>fidem</span> <span class='ocrx_word' id='word_1_148' title='bbox 1513 1256 1604 1298; x_wconf 89' lang='lat' dir='ltr'>eius</span> <span class='ocrx_word' id='word_1_149' title='bbox 1642 1257 1829 1299; x_wconf 88' lang='lat' dir='ltr'>orationi</span> 
     </span>
     <span class='ocr_line' id='line_1_17' title="bbox 59 1318 1830 1375; baseline 0.002 -14"><span class='ocrx_word' id='word_1_150' title='bbox 59 1319 247 1361; x_wconf 81' lang='lat' dir='ltr'>habered</span> <span class='ocrx_word' id='word_1_151' title='bbox 280 1318 492 1373; x_wconf 88' lang='lat' dir='ltr'>poteritis,</span> <span class='ocrx_word' id='word_1_152' title='bbox 537 1333 662 1372; x_wconf 89' lang='lat' dir='ltr'>quem</span> <span class='ocrx_word' id='word_1_153' title='bbox 697 1321 741 1361; x_wconf 87' lang='lat' dir='ltr'>et</span> <span class='ocrx_word' id='word_1_154' title='bbox 777 1319 932 1373; x_wconf 89' lang='lat' dir='ltr'>ipsum,</span> <span class='ocrx_word' id='word_1_155' title='bbox 975 1323 1019 1362; x_wconf 89' lang='lat' dir='ltr'>et</span> <span class='ocrx_word' id='word_1_156' title='bbox 1059 1322 1198 1362; x_wconf 90' lang='lat' dir='ltr'>totam</span> <span class='ocrx_word' id='word_1_157' title='bbox 1241 1334 1336 1362; x_wconf 89' lang='lat' dir='ltr'>eam</span> <span class='ocrx_word' id='word_1_158' title='bbox 1379 1321 1633 1363; x_wconf 86' lang='lat' dir='ltr'>societatem</span> <span class='ocrx_word' id='word_1_159' title='bbox 1667 1321 1830 1375; x_wconf 88' lang='lat' dir='ltr'>optime</span> 
     </span>
     <span class='ocr_line' id='line_1_18' title="bbox 61 1384 1829 1440; baseline 0.002 -15"><span class='ocrx_word' id='word_1_160' title='bbox 61 1384 114 1426; x_wconf 89' lang='lat' dir='ltr'>de</span> <span class='ocrx_word' id='word_1_161' title='bbox 145 1384 353 1437; x_wconf 82' lang='lat' dir='ltr'>religione</span> <span class='ocrx_word' id='word_1_162' title='bbox 376 1384 600 1427; x_wconf 84' lang='lat' dir='ltr'>Catholica</span> <span class='ocrx_word' id='word_1_163' title='bbox 632 1384 698 1426; x_wconf 89' lang='lat' dir='ltr'>his</span> <span class='ocrx_word' id='word_1_164' title='bbox 730 1386 998 1439; x_wconf 87' lang='lat' dir='ltr'>temporibus</span> <span class='ocrx_word' id='word_1_165' title='bbox 1020 1385 1178 1438; x_wconf 89' lang='lat' dir='ltr'>vbique</span> <span class='ocrx_word' id='word_1_166' title='bbox 1199 1385 1414 1435; x_wconf 88' lang='lat' dir='ltr'>meritam,</span> <span class='ocrx_word' id='word_1_167' title='bbox 1448 1386 1571 1428; x_wconf 85' lang='lat' dir='ltr'>vobis</span> <span class='ocrx_word' id='word_1_168' title='bbox 1594 1387 1829 1440; x_wconf 91' lang='lat' dir='ltr'>impensius</span> 
     </span>
    </p>
   </div>
   <div class='ocr_carea' id='block_1_3' title="bbox 60 1449 1826 1580">
    <p class='ocr_par' dir='ltr' id='par_1_3' title="bbox 60 1449 1826 1580">
     <span class='ocr_line' id='line_1_19' title="bbox 61 1449 1826 1503; baseline 0.001 -13"><span class='ocrx_word' id='word_1_169' title='bbox 61 1450 423 1492; x_wconf 86' lang='lat' dir='ltr'>commendamus.</span> <span class='ocrx_word' id='word_1_170' title='bbox 489 1449 673 1491; x_wconf 74' lang='lat' dir='ltr'>Datume</span> <span class='ocrx_word' id='word_1_171' title='bbox 705 1449 871 1491; x_wconf 85' lang='lat' dir='ltr'>Romae</span> <span class='ocrx_word' id='word_1_172' title='bbox 912 1450 1026 1503; x_wconf 89' lang='lat' dir='ltr'>apud</span> <span class='ocrx_word' id='word_1_173' title='bbox 1064 1450 1271 1493; x_wconf 83' lang='lat' dir='ltr'>Sanctum</span> <span class='ocrx_word' id='word_1_174' title='bbox 1304 1451 1499 1492; x_wconf 88' lang='lat' dir='ltr'>Marcum</span> <span class='ocrx_word' id='word_1_175' title='bbox 1542 1452 1620 1493; x_wconf 91' lang='lat' dir='ltr'>sub</span> <span class='ocrx_word' id='word_1_176' title='bbox 1654 1452 1826 1493; x_wconf 88' lang='lat' dir='ltr'>Annulo</span> 
     </span>
     <span class='ocr_line' id='line_1_20' title="bbox 60 1514 1826 1580; baseline 0.002 -24"><span class='ocrx_word' id='word_1_177' title='bbox 60 1514 318 1556; x_wconf 73' lang='lat' dir='ltr'>Piscatorisf</span> <span class='ocrx_word' id='word_1_178' title='bbox 347 1514 416 1556; x_wconf 91' lang='lat' dir='ltr'>die</span> <span class='ocrx_word' id='word_1_179' title='bbox 438 1514 884 1580; x_wconf 42' lang='lat' dir='ltr'>XIX7Septembrisg.</span> <span class='ocrx_word' id='word_1_180' title='bbox 928 1514 1133 1557; x_wconf 86' lang='lat' dir='ltr'>MDLXV</span> <span class='ocrx_word' id='word_1_181' title='bbox 1145 1515 1172 1558; x_wconf 84' lang='lat'>¹¹.</span> <span class='ocrx_word' id='word_1_182' title='bbox 1198 1515 1335 1558; x_wconf 71' lang='lat' dir='ltr'>Pont.i</span> <span class='ocrx_word' id='word_1_183' title='bbox 1368 1516 1506 1558; x_wconf 88' lang='lat' dir='ltr'>nostri</span> <span class='ocrx_word' id='word_1_184' title='bbox 1529 1517 1656 1558; x_wconf 89' lang='lat' dir='ltr'>Anno</span> <span class='ocrx_word' id='word_1_185' title='bbox 1686 1519 1826 1560; x_wconf 72' lang='lat' dir='ltr'>sexto.</span> 
     </span>
    </p>
   </div>
   <div class='ocr_carea' id='block_1_4' title="bbox 965 1585 1706 1630">
    <p class='ocr_par' dir='ltr' id='par_1_4' title="bbox 965 1585 1706 1630">
     <span class='ocr_line' id='line_1_21' title="bbox 965 1585 1706 1630; baseline 0.004 -3"><span class='ocrx_word' id='word_1_186' title='bbox 965 1585 1101 1629; x_wconf 40' lang='lat' dir='ltr'>Ant&amp;</span> <span class='ocrx_word' id='word_1_187' title='bbox 1121 1586 1390 1628; x_wconf 86' lang='lat' dir='ltr'>Florebellus</span> <span class='ocrx_word' id='word_1_188' title='bbox 1422 1587 1674 1629; x_wconf 89' lang='lat' dir='ltr'>Lavellinus</span> <span class='ocrx_word' id='word_1_189' title='bbox 1687 1588 1706 1630; x_wconf 86' lang='lat'>¹.</span> 
     </span>
    </p>
   </div>
   <div class='ocr_carea' id='block_1_5' title="bbox 62 1656 1829 1776">
    <p class='ocr_par' dir='ltr' id='par_1_5' title="bbox 62 1656 1829 1776">
     <span class='ocr_line' id='line_1_22' title="bbox 179 1656 1829 1709; baseline 0.002 -12"><span class='ocrx_word' id='word_1_190' title='bbox 179 1656 360 1699; x_wconf 90' lang='lat' dir='ltr'>Dilectis</span> <span class='ocrx_word' id='word_1_191' title='bbox 384 1656 496 1709; x_wconf 83' lang='lat' dir='ltr'>filijs,</span> <span class='ocrx_word' id='word_1_192' title='bbox 522 1656 713 1706; x_wconf 84' lang='lat' dir='ltr'>Rectori,</span> <span class='ocrx_word' id='word_1_193' title='bbox 738 1656 1006 1707; x_wconf 87' lang='lat' dir='ltr'>Consulibus,</span> <span class='ocrx_word' id='word_1_194' title='bbox 1031 1657 1210 1700; x_wconf 86' lang='lat' dir='ltr'>Senatui</span> <span class='ocrx_word' id='word_1_195' title='bbox 1233 1659 1277 1699; x_wconf 89' lang='lat' dir='ltr'>et</span> <span class='ocrx_word' id='word_1_196' title='bbox 1301 1657 1625 1700; x_wconf 86' lang='lat' dir='ltr'>Professoribus</span> <span class='ocrx_word' id='word_1_197' title='bbox 1643 1659 1829 1701; x_wconf 86' lang='lat' dir='ltr'>Vniuer-</span> 
     </span>
     <span class='ocr_line' id='line_1_23' title="bbox 62 1721 1166 1776; baseline 0.001 -13"><span class='ocrx_word' id='word_1_198' title='bbox 62 1721 219 1772; x_wconf 72' lang='lat' dir='ltr'>sitatis,</span> <span class='ocrx_word' id='word_1_199' title='bbox 253 1722 384 1776; x_wconf 87' lang='lat' dir='ltr'>studij</span> <span class='ocrx_word' id='word_1_200' title='bbox 419 1721 650 1775; x_wconf 78' lang='lat' dir='ltr'>generalis,</span> <span class='ocrx_word' id='word_1_201' title='bbox 685 1721 884 1764; x_wconf 86' lang='lat' dir='ltr'>Ciuitatis</span> <span class='ocrx_word' id='word_1_202' title='bbox 917 1722 1166 1765; x_wconf 69' lang='lat' dir='ltr'>Coloniaem.</span> 
     </span>
    </p>
   </div>
   <div class='ocr_carea' id='block_1_6' title="bbox 55 1808 1826 2534">
    <p class='ocr_par' dir='ltr' id='par_1_6' title="bbox 56 1808 1826 2385">
     <span class='ocr_line' id='line_1_24' title="bbox 179 1808 1826 1854; baseline 0.002 -12"><span class='ocrx_word' id='word_1_203' title='bbox 179 1808 438 1843; x_wconf 87' lang='lat' dir='ltr'>Universitatis</span> <span class='ocrx_word' id='word_1_204' title='bbox 457 1808 670 1842; x_wconf 87' lang='lat' dir='ltr'>coloniensis</span> <span class='ocrx_word' id='word_1_205' title='bbox 689 1810 807 1842; x_wconf 85' lang='lat' dir='ltr'>rector</span> <span class='ocrx_word' id='word_1_206' title='bbox 829 1820 849 1842; x_wconf 90' lang='lat' dir='ltr'>a</span> <span class='ocrx_word' id='word_1_207' title='bbox 868 1809 900 1843; x_wconf 89' lang='lat' dir='ltr'>d.</span> <span class='ocrx_word' id='word_1_208' title='bbox 922 1809 976 1843; x_wconf 92' lang='lat'>10.</span> <span class='ocrx_word' id='word_1_209' title='bbox 996 1808 1160 1843; x_wconf 85' lang='lat' dir='ltr'>Octobris</span> <span class='ocrx_word' id='word_1_210' title='bbox 1181 1809 1271 1843; x_wconf 88' lang='lat'>1565</span> <span class='ocrx_word' id='word_1_211' title='bbox 1300 1809 1371 1853; x_wconf 90' lang='lat' dir='ltr'>(die</span> <span class='ocrx_word' id='word_1_212' title='bbox 1397 1821 1500 1844; x_wconf 85' lang='lat' dir='ltr'>sacro</span> <span class='ocrx_word' id='word_1_213' title='bbox 1519 1810 1552 1844; x_wconf 95' lang='lat' dir='ltr'>S.</span> <span class='ocrx_word' id='word_1_214' title='bbox 1574 1810 1759 1854; x_wconf 82' lang='lat' dir='ltr'>Gereonis)</span> <span class='ocrx_word' id='word_1_215' title='bbox 1781 1811 1826 1846; x_wconf 87' lang='lat' dir='ltr'>ad</span> 
     </span>
     <span class='ocr_line' id='line_1_25' title="bbox 60 1861 1824 1909; baseline 0.002 -15"><span class='ocrx_word' id='word_1_216' title='bbox 60 1861 92 1896; x_wconf 84' lang='lat' dir='ltr'>d.</span> <span class='ocrx_word' id='word_1_217' title='bbox 119 1861 175 1895; x_wconf 82' lang='lat'>25.</span> <span class='ocrx_word' id='word_1_218' title='bbox 194 1861 317 1895; x_wconf 84' lang='lat' dir='ltr'>Martii</span> <span class='ocrx_word' id='word_1_219' title='bbox 346 1861 435 1895; x_wconf 86' lang='lat'>1566</span> <span class='ocrx_word' id='word_1_220' title='bbox 462 1863 540 1895; x_wconf 88' lang='lat' dir='ltr'>erat</span> <span class='ocrx_word' id='word_1_221' title='bbox 570 1863 760 1905; x_wconf 80' lang='lat' dir='ltr'>„Aggaeus</span> <span class='ocrx_word' id='word_1_222' title='bbox 786 1861 988 1896; x_wconf 78' lang='lat' dir='ltr'>Snecanus&#39;‘</span> <span class='ocrx_word' id='word_1_223' title='bbox 1020 1862 1154 1904; x_wconf 87' lang='lat' dir='ltr'>frisius,</span> <span class='ocrx_word' id='word_1_224' title='bbox 1181 1862 1399 1906; x_wconf 87' lang='lat' dir='ltr'>Theologiae</span> <span class='ocrx_word' id='word_1_225' title='bbox 1425 1863 1635 1898; x_wconf 84' lang='lat' dir='ltr'>licentiatus</span> <span class='ocrx_word' id='word_1_226' title='bbox 1661 1866 1698 1898; x_wconf 81' lang='lat' dir='ltr'>et</span> <span class='ocrx_word' id='word_1_227' title='bbox 1724 1876 1824 1909; x_wconf 79' lang='lat' dir='ltr'>gym-</span> 
     </span>
     <span class='ocr_line' id='line_1_26' title="bbox 59 1914 1825 1960; baseline 0.002 -13"><span class='ocrx_word' id='word_1_228' title='bbox 59 1915 151 1948; x_wconf 86' lang='lat' dir='ltr'>nasii</span> <span class='ocrx_word' id='word_1_229' title='bbox 185 1914 402 1948; x_wconf 85' lang='lat' dir='ltr'>laurentiani</span> <span class='ocrx_word' id='word_1_230' title='bbox 437 1925 577 1957; x_wconf 64' lang='lat' dir='ltr'>regem,</span> <span class='ocrx_word' id='word_1_231' title='bbox 615 1926 659 1948; x_wconf 85' lang='lat' dir='ltr'>ex</span> <span class='ocrx_word' id='word_1_232' title='bbox 695 1914 870 1949; x_wconf 83' lang='lat' dir='ltr'>facultate</span> <span class='ocrx_word' id='word_1_233' title='bbox 904 1915 1035 1949; x_wconf 88' lang='lat' dir='ltr'>artium</span> <span class='ocrx_word' id='word_1_234' title='bbox 1064 1915 1303 1959; x_wconf 74' lang='lat' dir='ltr'>(·³·³·Catalogus</span> <span class='ocrx_word' id='word_1_235' title='bbox 1330 1916 1523 1951; x_wconf 82' lang='lat' dir='ltr'>Rectorum</span> <span class='ocrx_word' id='word_1_236' title='bbox 1549 1917 1825 1960; x_wconf 81' lang='lat' dir='ltr'>Magnificorum</span> 
     </span>
     <span class='ocr_line' id='line_1_27' title="bbox 58 1967 1824 2010; baseline 0.002 -9"><span class='ocrx_word' id='word_1_237' title='bbox 58 1967 309 2001; x_wconf 85' lang='lat' dir='ltr'>universitatis</span> <span class='ocrx_word' id='word_1_238' title='bbox 335 1968 559 2007; x_wconf 74' lang='lat' dir='ltr'>coloniensis.</span> <span class='ocrx_word' id='word_1_239' title='bbox 592 1979 629 2010; x_wconf 80' lang='lat' dir='ltr'>⁷‚e</span> <span class='ocrx_word' id='word_1_240' title='bbox 655 1967 729 2002; x_wconf 89' lang='lat' dir='ltr'>MS.</span> <span class='ocrx_word' id='word_1_241' title='bbox 752 1968 867 2002; x_wconf 88' lang='lat' dir='ltr'>Exim.</span> <span class='ocrx_word' id='word_1_242' title='bbox 887 1969 929 2003; x_wconf 89' lang='lat' dir='ltr'>D.</span> <span class='ocrx_word' id='word_1_243' title='bbox 948 1968 1126 2003; x_wconf 81' lang='lat' dir='ltr'>Matthaei</span> <span class='ocrx_word' id='word_1_244' title='bbox 1146 1969 1246 2003; x_wconf 90' lang='lat' dir='ltr'>Hoen</span> <span class='ocrx_word' id='word_1_245' title='bbox 1273 1968 1308 2004; x_wconf 93' lang='lat' dir='ltr'>S.</span> <span class='ocrx_word' id='word_1_246' title='bbox 1327 1970 1493 2004; x_wconf 82' lang='lat' dir='ltr'>Andreae</span> <span class='ocrx_word' id='word_1_247' title='bbox 1512 1970 1665 2004; x_wconf 83' lang='lat' dir='ltr'>Decani“</span> <span class='ocrx_word' id='word_1_248' title='bbox 1688 1971 1824 2005; x_wconf 83' lang='lat' dir='ltr'>a.1652</span> 
     </span>
     <span class='ocr_line' id='line_1_28' title="bbox 58 2021 1819 2068; baseline 0.003 -15"><span class='ocrx_word' id='word_1_249' title='bbox 58 2021 262 2066; x_wconf 85' lang='lat' dir='ltr'>exscriptus</span> <span class='ocrx_word' id='word_1_250' title='bbox 281 2033 344 2066; x_wconf 87' lang='lat' dir='ltr'>per</span> <span class='ocrx_word' id='word_1_251' title='bbox 362 2022 434 2055; x_wconf 73' lang='lat' dir='ltr'>Iac.</span> <span class='ocrx_word' id='word_1_252' title='bbox 450 2022 644 2055; x_wconf 68' lang='lat' dir='ltr'>Kritzradt‘</span> <span class='ocrx_word' id='word_1_253' title='bbox 663 2021 696 2055; x_wconf 93' lang='lat' dir='ltr'>S.</span> <span class='ocrx_word' id='word_1_254' title='bbox 714 2021 757 2062; x_wconf 80' lang='lat' dir='ltr'>J.⁷</span> <span class='ocrx_word' id='word_1_255' title='bbox 784 2022 809 2055; x_wconf 82' lang='lat' dir='ltr'>f.</span> <span class='ocrx_word' id='word_1_256' title='bbox 830 2022 877 2063; x_wconf 74' lang='lat' dir='ltr'>lb,</span> <span class='ocrx_word' id='word_1_257' title='bbox 904 2022 938 2055; x_wconf 90' lang='lat' dir='ltr'>in</span> <span class='ocrx_word' id='word_1_258' title='bbox 959 2024 1140 2066; x_wconf 83' lang='lat' dir='ltr'>postrema</span> <span class='ocrx_word' id='word_1_259' title='bbox 1159 2024 1261 2067; x_wconf 89' lang='lat' dir='ltr'>parte</span> <span class='ocrx_word' id='word_1_260' title='bbox 1281 2022 1365 2057; x_wconf 86' lang='lat' dir='ltr'>Ood.</span> <span class='ocrx_word' id='word_1_261' title='bbox 1388 2023 1503 2066; x_wconf 87' lang='lat' dir='ltr'>„Hist.</span> <span class='ocrx_word' id='word_1_262' title='bbox 1522 2035 1644 2068; x_wconf 82' lang='lat' dir='ltr'>gymn.</span> <span class='ocrx_word' id='word_1_263' title='bbox 1664 2026 1708 2058; x_wconf 89' lang='lat' dir='ltr'>tr.</span> <span class='ocrx_word' id='word_1_264' title='bbox 1728 2026 1819 2058; x_wconf 60' lang='lat' dir='ltr'>corf</span> 
     </span>
     <span class='ocr_line' id='line_1_29' title="bbox 59 2073 1824 2120; baseline 0.002 -13"><span class='ocrx_word' id='word_1_265' title='bbox 59 2073 116 2118; x_wconf 88' lang='lat' dir='ltr'>[de</span> <span class='ocrx_word' id='word_1_266' title='bbox 143 2086 211 2118; x_wconf 89' lang='lat' dir='ltr'>quo</span> <span class='ocrx_word' id='word_1_267' title='bbox 241 2075 327 2108; x_wconf 80' lang='lat' dir='ltr'>Can.</span> <span class='ocrx_word' id='word_1_268' title='bbox 356 2075 370 2108; x_wconf 91' lang='lat' dir='ltr'>I</span> <span class='ocrx_word' id='word_1_269' title='bbox 397 2074 503 2118; x_wconf 80' lang='lat' dir='ltr'>le]).</span> <span class='ocrx_word' id='word_1_270' title='bbox 556 2073 729 2108; x_wconf 84' lang='lat' dir='ltr'>Consules</span> <span class='ocrx_word' id='word_1_271' title='bbox 765 2077 884 2109; x_wconf 87' lang='lat' dir='ltr'>autem</span> <span class='ocrx_word' id='word_1_272' title='bbox 920 2087 994 2109; x_wconf 86' lang='lat' dir='ltr'>rem</span> <span class='ocrx_word' id='word_1_273' title='bbox 1031 2075 1211 2120; x_wconf 88' lang='lat' dir='ltr'>publicam</span> <span class='ocrx_word' id='word_1_274' title='bbox 1247 2076 1381 2110; x_wconf 86' lang='lat' dir='ltr'>liberae</span> <span class='ocrx_word' id='word_1_275' title='bbox 1417 2077 1578 2110; x_wconf 87' lang='lat' dir='ltr'>civitatis</span> <span class='ocrx_word' id='word_1_276' title='bbox 1608 2077 1824 2112; x_wconf 89' lang='lat' dir='ltr'>coloniensis</span> 
     </span>
     <span class='ocr_line' id='line_1_30' title="bbox 58 2127 1823 2171; baseline 0.002 -11"><span class='ocrx_word' id='word_1_277' title='bbox 58 2129 227 2170; x_wconf 81' lang='lat' dir='ltr'>gerentes</span> <span class='ocrx_word' id='word_1_278' title='bbox 255 2127 480 2170; x_wconf 83' lang='lat' dir='ltr'>(regierende</span> <span class='ocrx_word' id='word_1_279' title='bbox 506 2127 811 2171; x_wconf 76' lang='lat' dir='ltr'>Burgermeister)</span> <span class='ocrx_word' id='word_1_280' title='bbox 841 2140 862 2162; x_wconf 86' lang='lat' dir='ltr'>a</span> <span class='ocrx_word' id='word_1_281' title='bbox 888 2129 920 2163; x_wconf 87' lang='lat' dir='ltr'>d.</span> <span class='ocrx_word' id='word_1_282' title='bbox 948 2128 1004 2162; x_wconf 91' lang='grc'>24.</span> <span class='ocrx_word' id='word_1_283' title='bbox 1032 2129 1124 2162; x_wconf 90' lang='lat' dir='ltr'>Iunii</span> <span class='ocrx_word' id='word_1_284' title='bbox 1154 2129 1242 2163; x_wconf 89' lang='lat'>1565</span> <span class='ocrx_word' id='word_1_285' title='bbox 1270 2129 1314 2163; x_wconf 91' lang='lat' dir='ltr'>ad</span> <span class='ocrx_word' id='word_1_286' title='bbox 1341 2129 1372 2163; x_wconf 89' lang='lat' dir='ltr'>d.</span> <span class='ocrx_word' id='word_1_287' title='bbox 1401 2129 1457 2165; x_wconf 83' lang='lat'>24.</span> <span class='ocrx_word' id='word_1_288' title='bbox 1486 2130 1575 2163; x_wconf 90' lang='lat' dir='ltr'>Iunii</span> <span class='ocrx_word' id='word_1_289' title='bbox 1604 2130 1693 2164; x_wconf 89' lang='lat'>1566</span> <span class='ocrx_word' id='word_1_290' title='bbox 1721 2133 1823 2164; x_wconf 85' lang='lat' dir='ltr'>erant</span> 
     </span>
     <span class='ocr_line' id='line_1_31' title="bbox 58 2180 1822 2225; baseline 0.002 -11"><span class='ocrx_word' id='word_1_291' title='bbox 58 2180 287 2214; x_wconf 84' lang='lat' dir='ltr'>Hermannus</span> <span class='ocrx_word' id='word_1_292' title='bbox 313 2181 534 2215; x_wconf 86' lang='lat' dir='ltr'>Sudermann</span> <span class='ocrx_word' id='word_1_293' title='bbox 572 2183 608 2214; x_wconf 88' lang='lat' dir='ltr'>et</span> <span class='ocrx_word' id='word_1_294' title='bbox 633 2180 852 2215; x_wconf 87' lang='lat' dir='ltr'>Bertholdus</span> <span class='ocrx_word' id='word_1_295' title='bbox 886 2182 930 2215; x_wconf 90' lang='lat' dir='ltr'>de</span> <span class='ocrx_word' id='word_1_296' title='bbox 956 2181 1155 2216; x_wconf 89' lang='lat' dir='ltr'>Heimbach</span> <span class='ocrx_word' id='word_1_297' title='bbox 1185 2182 1246 2225; x_wconf 85' lang='lat' dir='ltr'>(ex</span> <span class='ocrx_word' id='word_1_298' title='bbox 1272 2183 1370 2217; x_wconf 86' lang='lat' dir='ltr'>urbis</span> <span class='ocrx_word' id='word_1_299' title='bbox 1405 2182 1620 2217; x_wconf 88' lang='lat' dir='ltr'>coloniensis</span> <span class='ocrx_word' id='word_1_300' title='bbox 1645 2182 1662 2201; x_wconf 89' lang='lat'><em>*</em></span> <span class='ocrx_word' id='word_1_301' title='bbox 1679 2184 1822 2217; x_wconf 76' lang='lat' dir='ltr'>Tabulis</span> 
     </span>
     <span class='ocr_line' id='line_1_32' title="bbox 56 2233 1823 2279; baseline 0.002 -12"><span class='ocrx_word' id='word_1_302' title='bbox 56 2233 221 2277; x_wconf 88' lang='lat' dir='ltr'>publicis,</span> <span class='ocrx_word' id='word_1_303' title='bbox 258 2245 349 2278; x_wconf 88' lang='lat' dir='ltr'>quae</span> <span class='ocrx_word' id='word_1_304' title='bbox 385 2236 530 2268; x_wconf 80' lang='lat' dir='ltr'>exstant</span> <span class='ocrx_word' id='word_1_305' title='bbox 564 2234 694 2268; x_wconf 87' lang='lat' dir='ltr'>ibidem</span> <span class='ocrx_word' id='word_1_306' title='bbox 730 2234 766 2268; x_wconf 93' lang='lat' dir='ltr'>in</span> <span class='ocrx_word' id='word_1_307' title='bbox 793 2234 940 2269; x_wconf 87' lang='lat' dir='ltr'>archivo</span> <span class='ocrx_word' id='word_1_308' title='bbox 967 2234 1138 2269; x_wconf 87' lang='lat' dir='ltr'>historico</span> <span class='ocrx_word' id='word_1_309' title='bbox 1164 2235 1293 2279; x_wconf 88' lang='lat' dir='ltr'>urbis).</span> <span class='ocrx_word' id='word_1_310' title='bbox 1344 2235 1573 2270; x_wconf 85' lang='lat' dir='ltr'>Hermannus</span> <span class='ocrx_word' id='word_1_311' title='bbox 1600 2236 1823 2270; x_wconf 85' lang='lat' dir='ltr'>Sudermann</span> 
     </span>
     <span class='ocr_line' id='line_1_33' title="bbox 56 2287 1820 2332; baseline 0.002 -12"><span class='ocrx_word' id='word_1_312' title='bbox 56 2287 127 2320; x_wconf 85' lang='lat' dir='ltr'>iam</span> <span class='ocrx_word' id='word_1_313' title='bbox 163 2287 244 2321; x_wconf 86' lang='lat' dir='ltr'>inde</span> <span class='ocrx_word' id='word_1_314' title='bbox 279 2299 299 2321; x_wconf 89' lang='lat' dir='ltr'>a</span> <span class='ocrx_word' id='word_1_315' title='bbox 334 2287 458 2321; x_wconf 84' lang='lat' dir='ltr'>multis</span> <span class='ocrx_word' id='word_1_316' title='bbox 494 2287 596 2321; x_wconf 87' lang='lat' dir='ltr'>annis</span> <span class='ocrx_word' id='word_1_317' title='bbox 632 2287 815 2321; x_wconf 89' lang='lat' dir='ltr'>Sociorum</span> <span class='ocrx_word' id='word_1_318' title='bbox 851 2288 971 2322; x_wconf 85' lang='lat' dir='ltr'>fautor</span> <span class='ocrx_word' id='word_1_319' title='bbox 1001 2288 1198 2331; x_wconf 84' lang='lat' dir='ltr'>singularis</span> <span class='ocrx_word' id='word_1_320' title='bbox 1234 2291 1312 2322; x_wconf 84' lang='lat' dir='ltr'>erat</span> <span class='ocrx_word' id='word_1_321' title='bbox 1349 2289 1512 2332; x_wconf 65' lang='lat' dir='ltr'>(Hans-en</span> <span class='ocrx_word' id='word_1_322' title='bbox 1538 2289 1561 2322; x_wconf 91' lang='lat' dir='ltr'>l.</span> <span class='ocrx_word' id='word_1_323' title='bbox 1589 2301 1618 2323; x_wconf 88' lang='lat' dir='ltr'>c.</span> <span class='ocrx_word' id='word_1_324' title='bbox 1645 2289 1713 2324; x_wconf 88' lang='grc'>209</span> <span class='ocrx_word' id='word_1_325' title='bbox 1740 2290 1820 2325; x_wconf 80' lang='lat'>279.</span> 
     </span>
     <span class='ocr_line' id='line_1_34' title="bbox 59 2340 1354 2385; baseline 0.002 -12"><span class='ocrx_word' id='word_1_326' title='bbox 59 2341 246 2384; x_wconf 78' lang='lat' dir='ltr'>Polancus,</span> <span class='ocrx_word' id='word_1_327' title='bbox 273 2340 473 2374; x_wconf 86' lang='lat' dir='ltr'>Chronicon</span> <span class='ocrx_word' id='word_1_328' title='bbox 503 2340 599 2384; x_wconf 84' lang='lat' dir='ltr'>[vide</span> <span class='ocrx_word' id='word_1_329' title='bbox 625 2352 734 2385; x_wconf 87' lang='lat' dir='ltr'>supra</span> <span class='ocrx_word' id='word_1_330' title='bbox 761 2352 794 2385; x_wconf 89' lang='lat' dir='ltr'>p.</span> <span class='ocrx_word' id='word_1_331' title='bbox 821 2341 879 2383; x_wconf 77' lang='lat'>48]</span> <span class='ocrx_word' id='word_1_332' title='bbox 908 2341 942 2374; x_wconf 87' lang='grc' dir='ltr'>ΙΙ</span> <span class='ocrx_word' id='word_1_333' title='bbox 968 2341 1056 2382; x_wconf 86' lang='grc'>582;</span> <span class='ocrx_word' id='word_1_334' title='bbox 1083 2341 1133 2375; x_wconf 85' lang='lat' dir='ltr'>VI</span> <span class='ocrx_word' id='word_1_335' title='bbox 1159 2342 1228 2375; x_wconf 88' lang='grc'>415</span> <span class='ocrx_word' id='word_1_336' title='bbox 1256 2342 1354 2384; x_wconf 79' lang='lat'>417).</span> 
     </span>
    </p>

    <p class='ocr_par' dir='ltr' id='par_1_7' title="bbox 55 2392 1822 2534">
     <span class='ocr_line' id='line_1_35' title="bbox 176 2392 1822 2430; baseline 0.001 -3"><span class='ocrx_word' id='word_1_337' title='bbox 176 2393 341 2428; x_wconf 88' lang='lat' dir='ltr'>Canisius</span> <span class='ocrx_word' id='word_1_338' title='bbox 379 2393 446 2427; x_wconf 91' lang='lat' dir='ltr'>hoc</span> <span class='ocrx_word' id='word_1_339' title='bbox 484 2393 600 2427; x_wconf 86' lang='lat' dir='ltr'>Breve</span> <span class='ocrx_word' id='word_1_340' title='bbox 636 2392 802 2427; x_wconf 86' lang='lat' dir='ltr'>Coloniae</span> <span class='ocrx_word' id='word_1_341' title='bbox 841 2395 893 2428; x_wconf 89' lang='lat'>14.</span> <span class='ocrx_word' id='word_1_342' title='bbox 921 2394 1077 2428; x_wconf 84' lang='lat' dir='ltr'>Ianuarii</span> <span class='ocrx_word' id='word_1_343' title='bbox 1105 2395 1196 2429; x_wconf 85' lang='lat'>1566</span> <span class='ocrx_word' id='word_1_344' title='bbox 1237 2394 1387 2429; x_wconf 85' lang='lat' dir='ltr'>delectis</span> <span class='ocrx_word' id='word_1_345' title='bbox 1425 2407 1469 2429; x_wconf 87' lang='lat' dir='ltr'>ex</span> <span class='ocrx_word' id='word_1_346' title='bbox 1507 2395 1747 2430; x_wconf 81' lang='lat' dir='ltr'>universitate</span> <span class='ocrx_word' id='word_1_347' title='bbox 1787 2397 1822 2430; x_wconf 86' lang='lat' dir='ltr'>et</span> 
     </span>
     <span class='ocr_line' id='line_1_36' title="bbox 55 2446 1819 2490; baseline 0.002 -11"><span class='ocrx_word' id='word_1_348' title='bbox 55 2448 183 2480; x_wconf 83' lang='lat' dir='ltr'>senatu</span> <span class='ocrx_word' id='word_1_349' title='bbox 208 2446 344 2480; x_wconf 84' lang='lat' dir='ltr'>urbano</span> <span class='ocrx_word' id='word_1_350' title='bbox 370 2446 459 2480; x_wconf 83' lang='lat' dir='ltr'>viris</span> <span class='ocrx_word' id='word_1_351' title='bbox 485 2446 651 2486; x_wconf 80' lang='lat' dir='ltr'>tradidit3</span> <span class='ocrx_word' id='word_1_352' title='bbox 689 2447 782 2490; x_wconf 88' lang='lat' dir='ltr'>quod</span> <span class='ocrx_word' id='word_1_353' title='bbox 819 2447 940 2481; x_wconf 88' lang='lat' dir='ltr'>eodem</span> <span class='ocrx_word' id='word_1_354' title='bbox 969 2447 1025 2481; x_wconf 87' lang='lat' dir='ltr'>die</span> <span class='ocrx_word' id='word_1_355' title='bbox 1059 2448 1094 2481; x_wconf 90' lang='lat' dir='ltr'>in</span> <span class='ocrx_word' id='word_1_356' title='bbox 1130 2450 1257 2482; x_wconf 86' lang='lat' dir='ltr'>senatu</span> <span class='ocrx_word' id='word_1_357' title='bbox 1284 2448 1382 2482; x_wconf 85' lang='lat' dir='ltr'>urbis</span> <span class='ocrx_word' id='word_1_358' title='bbox 1408 2448 1600 2482; x_wconf 87' lang='lat' dir='ltr'>recitatum</span> <span class='ocrx_word' id='word_1_359' title='bbox 1627 2451 1701 2489; x_wconf 86' lang='lat' dir='ltr'>est;</span> <span class='ocrx_word' id='word_1_360' title='bbox 1738 2448 1819 2484; x_wconf 85' lang='lat' dir='ltr'>vide</span> 
     </span>
     <span class='ocr_line' id='line_1_37' title="bbox 55 2499 493 2534; baseline 0 -1"><span class='ocrx_word' id='word_1_361' title='bbox 55 2500 150 2534; x_wconf 86' lang='lat' dir='ltr'>infra</span> <span class='ocrx_word' id='word_1_362' title='bbox 176 2511 268 2534; x_wconf 90' lang='lat' dir='ltr'>mon.</span> <span class='ocrx_word' id='word_1_363' title='bbox 297 2499 493 2533; x_wconf 81' lang='lat'>753—755.</span> 
     </span>
    </p>
   </div>
   <div class='ocr_carea' id='block_1_7' title="bbox 56 2620 1817 2775">
    <p class='ocr_par' dir='ltr' id='par_1_8' title="bbox 56 2620 1817 2775">
     <span class='ocr_line' id='line_1_38' title="bbox 56 2620 1817 2668; baseline 0.001 -11"><span class='ocrx_word' id='word_1_364' title='bbox 56 2620 160 2657; x_wconf 71' lang='grc'>732</span> <span class='ocrx_word' id='word_1_365' title='bbox 187 2622 264 2656; x_wconf 87' lang='lat' dir='ltr'>sive</span> <span class='ocrx_word' id='word_1_366' title='bbox 292 2631 459 2666; x_wconf 77' lang='lat' dir='ltr'>germ.</span> <span class='ocrx_word' id='word_1_367' title='bbox 479 2620 515 2656; x_wconf 86' lang='lat' dir='ltr'>l.</span> <span class='ocrx_word' id='word_1_368' title='bbox 536 2621 636 2666; x_wconf 77' lang='grc'><strong>(7).</strong></span> <span class='ocrx_word' id='word_1_369' title='bbox 722 2621 881 2658; x_wconf 83' lang='lat' dir='ltr'>PIUS</span> <span class='ocrx_word' id='word_1_370' title='bbox 917 2621 1027 2665; x_wconf 67' lang='lat' dir='ltr'>lv„</span> <span class='ocrx_word' id='word_1_371' title='bbox 1064 2624 1226 2668; x_wconf 84' lang='lat' dir='ltr'>pontifex</span> <span class='ocrx_word' id='word_1_372' title='bbox 1262 2625 1459 2665; x_wconf 85' lang='lat' dir='ltr'>maximus,</span> <span class='ocrx_word' id='word_1_373' title='bbox 1497 2624 1750 2659; x_wconf 74' lang='lat' dir='ltr'>FRIDERICO</span> <span class='ocrx_word' id='word_1_374' title='bbox 1787 2626 1817 2659; x_wconf 87' lang='lat' dir='ltr'><strong>A</strong></span> 
     </span>
     <span class='ocr_line' id='line_1_39' title="bbox 244 2674 1559 2721; baseline 0.002 -12"><span class='ocrx_word' id='word_1_375' title='bbox 244 2674 510 2717; x_wconf 73' lang='lat' dir='ltr'><strong>WfflSBERG,</strong></span> <span class='ocrx_word' id='word_1_376' title='bbox 538 2675 703 2720; x_wconf 87' lang='lat' dir='ltr'>episcopo</span> <span class='ocrx_word' id='word_1_377' title='bbox 730 2675 970 2721; x_wconf 85' lang='lat' dir='ltr'>herbipolensi</span> <span class='ocrx_word' id='word_1_378' title='bbox 997 2679 1033 2710; x_wconf 88' lang='lat' dir='ltr'>et</span> <span class='ocrx_word' id='word_1_379' title='bbox 1059 2677 1231 2711; x_wconf 87' lang='lat' dir='ltr'>Franciae</span> <span class='ocrx_word' id='word_1_380' title='bbox 1258 2677 1443 2712; x_wconf 86' lang='lat' dir='ltr'>orientalis</span> <span class='ocrx_word' id='word_1_381' title='bbox 1469 2678 1559 2712; x_wconf 90' lang='lat' dir='ltr'>duci.</span> 
     </span>
     <span class='ocr_line' id='line_1_40' title="bbox 1195 2730 1769 2775; baseline 0.003 -11"><span class='ocrx_word' id='word_1_382' title='bbox 1195 2730 1308 2765; x_wconf 87' lang='lat' dir='ltr'>Roma</span> <span class='ocrx_word' id='word_1_383' title='bbox 1334 2731 1390 2765; x_wconf 82' lang='lat'>20.</span> <span class='ocrx_word' id='word_1_384' title='bbox 1418 2731 1638 2775; x_wconf 86' lang='lat' dir='ltr'>Septembris</span> <span class='ocrx_word' id='word_1_385' title='bbox 1668 2732 1769 2767; x_wconf 87' lang='grc'>1565.</span> 
     </span>
    </p>
   </div>
   <div class='ocr_carea' id='block_1_8' title="bbox 54 2792 1814 2893">
    <p class='ocr_par' dir='ltr' id='par_1_9' title="bbox 54 2792 1814 2893">
     <span class='ocr_line' id='line_1_41' title="bbox 173 2792 1813 2839; baseline 0.003 -13"><span class='ocrx_word' id='word_1_386' title='bbox 173 2792 229 2827; x_wconf 79' lang='lat' dir='ltr'>Ex</span> <span class='ocrx_word' id='word_1_387' title='bbox 265 2792 473 2838; x_wconf 85' lang='lat' dir='ltr'>apographo</span> <span class='ocrx_word' id='word_1_388' title='bbox 510 2792 572 2837; x_wconf 89' lang='lat' dir='ltr'>(A)</span> <span class='ocrx_word' id='word_1_389' title='bbox 610 2792 754 2827; x_wconf 85' lang='lat' dir='ltr'>saeculo</span> <span class='ocrx_word' id='word_1_390' title='bbox 781 2792 911 2827; x_wconf 87' lang='lat' dir='ltr'><strong>XVIII.</strong></span> <span class='ocrx_word' id='word_1_391' title='bbox 948 2794 1092 2838; x_wconf 79' lang='lat' dir='ltr'>scripto,</span> <span class='ocrx_word' id='word_1_392' title='bbox 1132 2795 1225 2838; x_wconf 83' lang='lat' dir='ltr'>quod</span> <span class='ocrx_word' id='word_1_393' title='bbox 1265 2807 1345 2829; x_wconf 90' lang='lat' dir='ltr'>cum</span> <span class='ocrx_word' id='word_1_394' title='bbox 1386 2807 1490 2837; x_wconf 86' lang='lat' dir='ltr'>„vero</span> <span class='ocrx_word' id='word_1_395' title='bbox 1525 2807 1589 2830; x_wconf 87' lang='lat' dir='ltr'>suo</span> <span class='ocrx_word' id='word_1_396' title='bbox 1615 2795 1813 2839; x_wconf 77' lang='lat' dir='ltr'>Originali“</span> 
     </span>
     <span class='ocr_line' id='line_1_42' title="bbox 54 2845 1814 2893; baseline 0.003 -13"><span class='ocrx_word' id='word_1_397' title='bbox 54 2845 226 2880; x_wconf 87' lang='lat' dir='ltr'>collatum</span> <span class='ocrx_word' id='word_1_398' title='bbox 262 2858 341 2881; x_wconf 87' lang='lat' dir='ltr'>esse</span> <span class='ocrx_word' id='word_1_399' title='bbox 376 2858 455 2881; x_wconf 89' lang='lat' dir='ltr'>cum</span> <span class='ocrx_word' id='word_1_400' title='bbox 493 2857 605 2890; x_wconf 87' lang='lat' dir='ltr'>eoque</span> <span class='ocrx_word' id='word_1_401' title='bbox 640 2857 838 2889; x_wconf 86' lang='lat' dir='ltr'>congruere</span> <span class='ocrx_word' id='word_1_402' title='bbox 873 2845 1108 2881; x_wconf 86' lang='lat' dir='ltr'>Sebastianus</span> <span class='ocrx_word' id='word_1_403' title='bbox 1144 2848 1263 2882; x_wconf 82' lang='lat' dir='ltr'>Gotha</span> <span class='ocrx_word' id='word_1_404' title='bbox 1292 2850 1437 2893; x_wconf 77' lang='lat' dir='ltr'>„Apost.</span> <span class='ocrx_word' id='word_1_405' title='bbox 1473 2852 1509 2882; x_wconf 84' lang='lat' dir='ltr'>et</span> <span class='ocrx_word' id='word_1_406' title='bbox 1535 2850 1657 2884; x_wconf 67' lang='lat' dir='ltr'>Caes:</span> <span class='ocrx_word' id='word_1_407' title='bbox 1685 2850 1814 2885; x_wconf 69' lang='lat' dir='ltr'>Auth.‘</span> 
     </span>
    </p>
   </div>
   <div class='ocr_carea' id='block_1_9' title="bbox 53 2921 1817 3040">
    <p class='ocr_par' dir='ltr' id='par_1_10' title="bbox 53 2921 1817 3040">
     <span class='ocr_line' id='line_1_43' title="bbox 173 2921 1816 2958; baseline 0.003 -11"><span class='ocrx_word' id='word_1_408' title='bbox 173 2922 202 2952; x_wconf 80' lang='lat' dir='ltr'>a)</span> <span class='ocrx_word' id='word_1_409' title='bbox 222 2921 400 2955; x_wconf 82' lang='lat' dir='ltr'>supplicatis</span> <span class='ocrx_word' id='word_1_410' title='bbox 420 2923 483 2947; x_wconf 79' lang='lat' dir='ltr'>Rei.</span> <span class='ocrx_word' id='word_1_411' title='bbox 571 2921 600 2954; x_wconf 88' lang='lat' dir='ltr'>b)</span> <span class='ocrx_word' id='word_1_412' title='bbox 621 2921 824 2948; x_wconf 71' lang='lat' dir='ltr'>adsumantur</span> <span class='ocrx_word' id='word_1_413' title='bbox 844 2923 876 2947; x_wconf 91' lang='lat' dir='ltr'>L.</span> <span class='ocrx_word' id='word_1_414' title='bbox 891 2926 940 2953; x_wconf 69' lang='lat' dir='ltr'>Qu.</span> <span class='ocrx_word' id='word_1_415' title='bbox 962 2927 987 2947; x_wconf 75' lang='lat' dir='ltr'>ee</span> <span class='ocrx_word' id='word_1_416' title='bbox 1008 2924 1070 2949; x_wconf 77' lang='lat' dir='ltr'>Rei.</span> <span class='ocrx_word' id='word_1_417' title='bbox 1158 2924 1183 2955; x_wconf 84' lang='lat' dir='ltr'>c)</span> <span class='ocrx_word' id='word_1_418' title='bbox 1213 2923 1319 2949; x_wconf 75' lang='lat' dir='ltr'>inclusi</span> <span class='ocrx_word' id='word_1_419' title='bbox 1340 2926 1435 2955; x_wconf 71' lang='grc' dir='ltr'>1.,ῳιι.</span> <span class='ocrx_word' id='word_1_420' title='bbox 1456 2928 1480 2949; x_wconf 70' lang='lat' dir='ltr'>et</span> <span class='ocrx_word' id='word_1_421' title='bbox 1502 2926 1564 2950; x_wconf 76' lang='lat' dir='ltr'>Rei.</span> <span class='ocrx_word' id='word_1_422' title='bbox 1651 2925 1681 2958; x_wconf 85' lang='lat' dir='ltr'>d)</span> <span class='ocrx_word' id='word_1_423' title='bbox 1711 2925 1816 2952; x_wconf 80' lang='lat' dir='ltr'>haberi</span> 
     </span>
     <span class='ocr_line' id='line_1_44' title="bbox 53 2963 1817 2999; baseline 0.003 -11"><span class='ocrx_word' id='word_1_424' title='bbox 53 2964 86 2988; x_wconf 90' lang='lat' dir='ltr'>L.</span> <span class='ocrx_word' id='word_1_425' title='bbox 97 2964 147 2994; x_wconf 79' lang='lat' dir='ltr'>Qu.</span> <span class='ocrx_word' id='word_1_426' title='bbox 167 2967 193 2989; x_wconf 78' lang='lat' dir='ltr'>et</span> <span class='ocrx_word' id='word_1_427' title='bbox 212 2965 275 2989; x_wconf 83' lang='lat' dir='ltr'>Rei.</span> <span class='ocrx_word' id='word_1_428' title='bbox 343 2966 369 2993; x_wconf 85' lang='lat' dir='ltr'>e)</span> <span class='ocrx_word' id='word_1_429' title='bbox 390 2963 459 2990; x_wconf 84' lang='lat' dir='ltr'>Dat.</span> <span class='ocrx_word' id='word_1_430' title='bbox 478 2964 541 2989; x_wconf 80' lang='lat' dir='ltr'>Rei.</span> <span class='ocrx_word' id='word_1_431' title='bbox 606 2963 636 2995; x_wconf 83' lang='lat' dir='ltr'>f)</span> <span class='ocrx_word' id='word_1_432' title='bbox 656 2963 685 2989; x_wconf 83' lang='lat' dir='ltr'>S.</span> <span class='ocrx_word' id='word_1_433' title='bbox 706 2963 848 2989; x_wconf 82' lang='lat' dir='ltr'>Marcum.</span> <span class='ocrx_word' id='word_1_434' title='bbox 867 2964 925 2989; x_wconf 79' lang='lat' dir='ltr'>etc.</span> <span class='ocrx_word' id='word_1_435' title='bbox 941 2965 974 2989; x_wconf 84' lang='lat' dir='ltr'>L.</span> <span class='ocrx_word' id='word_1_436' title='bbox 985 2966 1035 2995; x_wconf 77' lang='lat' dir='ltr'>Qu.</span> <span class='ocrx_word' id='word_1_437' title='bbox 1098 2966 1127 2996; x_wconf 82' lang='lat' dir='ltr'>g)</span> <span class='ocrx_word' id='word_1_438' title='bbox 1149 2965 1179 2990; x_wconf 84' lang='lat' dir='ltr'>S.</span> <span class='ocrx_word' id='word_1_439' title='bbox 1194 2964 1337 2993; x_wconf 86' lang='lat' dir='ltr'>Marcum,</span> <span class='ocrx_word' id='word_1_440' title='bbox 1358 2965 1405 2991; x_wconf 82' lang='lat' dir='ltr'>(lic</span> <span class='ocrx_word' id='word_1_441' title='bbox 1427 2965 1475 2991; x_wconf 84' lang='lat' dir='ltr'>IV.</span> <span class='ocrx_word' id='word_1_442' title='bbox 1495 2966 1578 2998; x_wconf 71' lang='lat' dir='ltr'>Sept.</span> <span class='ocrx_word' id='word_1_443' title='bbox 1598 2968 1660 2992; x_wconf 82' lang='lat' dir='ltr'>Rei.</span> <span class='ocrx_word' id='word_1_444' title='bbox 1728 2967 1760 2999; x_wconf 94' lang='lat' dir='ltr'>h)</span> <span class='ocrx_word' id='word_1_445' title='bbox 1783 2969 1817 2993; x_wconf 81' lang='lat' dir='ltr'>In</span> 
     </span>
     <span class='ocr_line' id='line_1_45' title="bbox 53 3003 1816 3040; baseline 0.003 -11"><span class='ocrx_word' id='word_1_446' title='bbox 53 3005 85 3029; x_wconf 88' lang='lat' dir='ltr'>L.</span> <span class='ocrx_word' id='word_1_447' title='bbox 97 3005 147 3035; x_wconf 80' lang='lat' dir='ltr'>Qu.</span> <span class='ocrx_word' id='word_1_448' title='bbox 166 3007 184 3030; x_wconf 81' lang='lat'><em>2</em></span> <span class='ocrx_word' id='word_1_449' title='bbox 205 3013 246 3030; x_wconf 84' lang='lat' dir='ltr'>vv.</span> <span class='ocrx_word' id='word_1_450' title='bbox 265 3013 324 3037; x_wconf 76' lang='lat' dir='ltr'>sqq.</span> <span class='ocrx_word' id='word_1_451' title='bbox 344 3006 456 3030; x_wconf 78' lang='lat' dir='ltr'>desunt.</span> <span class='ocrx_word' id='word_1_452' title='bbox 542 3003 562 3034; x_wconf 89' lang='lat' dir='ltr'>i)</span> <span class='ocrx_word' id='word_1_453' title='bbox 584 3005 672 3036; x_wconf 74' lang='lat' dir='ltr'>Apud</span> <span class='ocrx_word' id='word_1_454' title='bbox 692 3006 754 3030; x_wconf 75' lang='lat' dir='ltr'>Rei.</span> <span class='ocrx_word' id='word_1_455' title='bbox 778 3013 800 3031; x_wconf 77' lang='lat' dir='ltr'>v.</span> <span class='ocrx_word' id='word_1_456' title='bbox 821 3013 942 3037; x_wconf 78' lang='lat' dir='ltr'>sequens</span> <span class='ocrx_word' id='word_1_457' title='bbox 962 3006 1049 3031; x_wconf 76' lang='lat' dir='ltr'>deest.</span> <span class='ocrx_word' id='word_1_458' title='bbox 1133 3005 1164 3037; x_wconf 88' lang='lat' dir='ltr'>k)</span> <span class='ocrx_word' id='word_1_459' title='bbox 1185 3006 1298 3031; x_wconf 80' lang='lat' dir='ltr'>Anton.</span> <span class='ocrx_word' id='word_1_460' title='bbox 1320 3008 1381 3032; x_wconf 73' lang='lat' dir='ltr'>Rei.</span> <span class='ocrx_word' id='word_1_461' title='bbox 1463 3006 1484 3037; x_wconf 93' lang='lat' dir='ltr'>l)</span> <span class='ocrx_word' id='word_1_462' title='bbox 1513 3006 1682 3034; x_wconf 83' lang='lat' dir='ltr'>Jauellinus</span> <span class='ocrx_word' id='word_1_463' title='bbox 1703 3010 1735 3034; x_wconf 88' lang='lat' dir='ltr'>L.</span> <span class='ocrx_word' id='word_1_464' title='bbox 1747 3013 1816 3040; x_wconf 56' lang='grc' dir='ltr'>(μα,-</span> 
     </span>
    </p>
   </div>
   <div class='ocr_carea' id='block_1_10' title="bbox 51 3045 1690 3082">
    <p class='ocr_par' dir='ltr' id='par_1_11' title="bbox 51 3045 1690 3082">
     <span class='ocr_line' id='line_1_46' title="bbox 51 3045 1690 3082; baseline 0.002 -11"><span class='ocrx_word' id='word_1_465' title='bbox 51 3045 223 3072; x_wconf 80' lang='lat' dir='ltr'>Jovauinus</span> <span class='ocrx_word' id='word_1_466' title='bbox 243 3047 306 3071; x_wconf 79' lang='lat' dir='ltr'>Rei.</span> <span class='ocrx_word' id='word_1_467' title='bbox 346 3048 389 3078; x_wconf 75' lang='lat' dir='ltr'>Cf.</span> <span class='ocrx_word' id='word_1_468' title='bbox 411 3048 480 3071; x_wconf 83' lang='lat' dir='ltr'>Can.</span> <span class='ocrx_word' id='word_1_469' title='bbox 501 3047 553 3070; x_wconf 88' lang='lat' dir='ltr'>III</span> <span class='ocrx_word' id='word_1_470' title='bbox 569 3048 602 3071; x_wconf 80' lang='lat'>65</span> <span class='ocrx_word' id='word_1_471' title='bbox 623 3047 693 3078; x_wconf 70' lang='lat'>804;</span> <span class='ocrx_word' id='word_1_472' title='bbox 713 3047 756 3071; x_wconf 80' lang='lat' dir='ltr'>IV</span> <span class='ocrx_word' id='word_1_473' title='bbox 772 3048 825 3071; x_wconf 71' lang='grc'>263</span> <span class='ocrx_word' id='word_1_474' title='bbox 844 3048 897 3071; x_wconf 70' lang='grc'>906</span> <span class='ocrx_word' id='word_1_475' title='bbox 916 3049 942 3071; x_wconf 80' lang='lat' dir='ltr'>et</span> <span class='ocrx_word' id='word_1_476' title='bbox 961 3055 1054 3078; x_wconf 70' lang='lat' dir='ltr'>snpra</span> <span class='ocrx_word' id='word_1_477' title='bbox 1073 3056 1102 3079; x_wconf 78' lang='lat' dir='ltr'>p.</span> <span class='ocrx_word' id='word_1_478' title='bbox 1123 3049 1175 3072; x_wconf 60' lang='lat' dir='ltr'>(ill</span> <span class='ocrx_word' id='word_1_479' title='bbox 1195 3047 1256 3072; x_wconf 64' lang='grc'>642.</span> <span class='ocrx_word' id='word_1_480' title='bbox 1332 3049 1370 3079; x_wconf 82' lang='lat' dir='ltr'>ni)</span> <span class='ocrx_word' id='word_1_481' title='bbox 1393 3047 1582 3074; x_wconf 78' lang='lat' dir='ltr'>Coloniensis</span> <span class='ocrx_word' id='word_1_482' title='bbox 1605 3051 1690 3082; x_wconf 71' lang='lat' dir='ltr'>Rei&#39;ff.</span> 
     </span>
    </p>
   </div>
   <div class='ocr_carea' id='block_1_11' title="bbox 58 3117 176 3122">
    <p class='ocr_par' dir='ltr' id='par_1_12' title="bbox 58 3117 176 3122">
     <span class='ocr_line' id='line_1_47' title="bbox 58 3117 176 3122; baseline 0 0"><span class='ocrx_word' id='word_1_483' title='bbox 58 3117 176 3122; x_wconf 95' lang='lat' dir='ltr'> </span> 
     </span>
    </p>
   </div>
   <div class='ocr_carea' id='block_1_12' title="bbox 181 3119 337 3121">
    <p class='ocr_par' dir='ltr' id='par_1_13' title="bbox 181 3119 337 3121">
     <span class='ocr_line' id='line_1_48' title="bbox 181 3119 337 3121; baseline 0 0"><span class='ocrx_word' id='word_1_484' title='bbox 181 3119 337 3121; x_wconf 95' lang='lat' dir='ltr'> </span> 
     </span>
    </p>
   </div>
   <div class='ocr_carea' id='block_1_13' title="bbox 338 3119 468 3122">
    <p class='ocr_par' dir='ltr' id='par_1_14' title="bbox 338 3119 468 3122">
     <span class='ocr_line' id='line_1_49' title="bbox 338 3119 468 3122; baseline 0 0"><span class='ocrx_word' id='word_1_485' title='bbox 338 3119 468 3122; x_wconf 95' lang='lat' dir='ltr'> </span> 
     </span>
    </p>
   </div>
   <div class='ocr_carea' id='block_1_14' title="bbox 172 3163 1363 3261">
    <p class='ocr_par' dir='ltr' id='par_1_15' title="bbox 172 3163 1363 3261">
     <span class='ocr_line' id='line_1_50' title="bbox 172 3163 1363 3210; baseline 0.003 -13"><span class='ocrx_word' id='word_1_486' title='bbox 172 3165 182 3184; x_wconf 93' lang='lat'>¹</span> <span class='ocrx_word' id='word_1_487' title='bbox 210 3163 393 3198; x_wconf 78' lang='lat' dir='ltr'>indultum</span> <span class='ocrx_word' id='word_1_488' title='bbox 423 3163 572 3206; x_wconf 82' lang='lat' dir='ltr'>„tertiae</span> <span class='ocrx_word' id='word_1_489' title='bbox 598 3163 781 3207; x_wconf 75' lang='lat' dir='ltr'>gratiae“;</span> <span class='ocrx_word' id='word_1_490' title='bbox 810 3164 852 3198; x_wconf 88' lang='lat' dir='ltr'>de</span> <span class='ocrx_word' id='word_1_491' title='bbox 879 3176 948 3209; x_wconf 88' lang='lat' dir='ltr'>quo</span> <span class='ocrx_word' id='word_1_492' title='bbox 975 3176 1084 3210; x_wconf 86' lang='lat' dir='ltr'>supra</span> <span class='ocrx_word' id='word_1_493' title='bbox 1110 3177 1143 3210; x_wconf 91' lang='lat' dir='ltr'>p.</span> <span class='ocrx_word' id='word_1_494' title='bbox 1166 3166 1363 3200; x_wconf 76' lang='lat'>116—117.</span> 
     </span>
     <span class='ocr_line' id='line_1_51' title="bbox 172 3216 673 3261; baseline 0.002 -11"><span class='ocrx_word' id='word_1_495' title='bbox 172 3217 185 3237; x_wconf 83' lang='lat'><strong>²</strong></span> <span class='ocrx_word' id='word_1_496' title='bbox 210 3216 300 3250; x_wconf 89' lang='lat' dir='ltr'>Vide</span> <span class='ocrx_word' id='word_1_497' title='bbox 327 3228 436 3261; x_wconf 86' lang='lat' dir='ltr'>supra</span> <span class='ocrx_word' id='word_1_498' title='bbox 462 3228 494 3261; x_wconf 92' lang='lat' dir='ltr'>p.</span> <span class='ocrx_word' id='word_1_499' title='bbox 522 3216 567 3250; x_wconf 85' lang='grc'>23</span> <span class='ocrx_word' id='word_1_500' title='bbox 596 3218 673 3251; x_wconf 87' lang='grc'>171.</span> 
     </span>
    </p>
   </div>
  </div>
 </body>
</html>
