2045 3471
502 208 648 253 Dilinga
672 209 778 254 paulo
804 211 886 243 ante
911 209 1066 243 medium
1093 220 1139 242 m.
1157 207 1285 242 Iulium
1314 208 1415 243 1566.
1750 210 1831 250 281

195 327 401 378 Tertium,
445 327 523 376 Qui
565 330 665 370 sunt
705 328 803 370 libri
843 328 1007 370 Romae
1052 327 1165 381 apud
1208 327 1389 368 Paulum
1431 326 1672 369 Manutium
1718 326 1836 377 editi,

76 393 182 435 utile
223 395 338 435 esset
378 392 573 446 inprimis
615 407 689 435 eos
731 393 862 435 etiam
903 407 928 434 a
969 391 1200 435 Catholicis
1232 391 1535 446 Typographis
1579 391 1752 434 selectis
1792 391 1837 433 in

78 457 309 500 Germania
340 457 496 499 excudi
536 471 676 511 posse.
731 458 787 499 Hi
819 460 997 512 propter
1033 470 1155 499 suam
1187 455 1395 510 pietatem
1430 458 1474 498 et
1505 455 1837 510 prohibitionem

77 522 238 565 Summi
270 521 502 572 Pontificis‚
537 522 771 564 obseruant
804 522 975 575 quidem
1008 521 1299 571 interdictum,
1333 534 1387 562 ne
1420 520 1586 574 possint
1607 520 1707 563 Aldi
1739 521 1837 562 libri

76 588 171 641 alijs
211 587 254 629 in
296 587 402 629 locis
443 587 619 637 excudi,
664 587 739 629 sed
779 587 953 629 interim
985 586 1193 629 haeretici
1233 585 1544 639 impraessores
1586 589 1836 640 contempta

74 652 229 695 summi
250 651 470 694 Pontificis
492 654 726 706 potestate,
750 651 848 693 illos
870 651 986 706 ipsos
1008 651 1168 706 passim
1191 650 1437 704 imprimere
1460 664 1545 691 non
1563 654 1792 693 verentura
1807 653 1834 693 ¹.

194 717 416 767 Quartum,
451 716 493 758 Si
518 716 703 769 aliquem
726 716 881 758 librum
904 720 980 759 aut
1001 717 1147 770 plures
1173 715 1459 757 bibliothecae
1481 715 1721 757 Vaticanae
1744 715 1835 757 siue

75 796 129 824 ex
161 781 423 824 bibliotheca
443 781 739 824 Jllustrissimi
761 781 1001 823 Cardinalis
1025 781 1185 835 Syrleti
1217 780 1377 822 habere
1409 794 1633 834 possemus
1662 794 1736 822 eos
1768 780 1835 821 fa-

74 847 154 889 cile
177 849 222 889 et
244 860 349 901 pure
372 860 620 888 curaremus
642 846 686 888 in
709 846 941 888 Germania
962 846 1170 900 imprimi:
1193 845 1450 900 praesertim
1472 845 1543 898 qui
1566 844 1834 898 Religionem

74 911 364 954 Catholicamb
386 924 642 965 promouere
664 914 708 953 et
730 911 940 953 aduersus
971 911 1214 953 haereticos
1246 910 1405 952 habere
1427 909 1514 951 uim
1540 909 1793 952 uiderentur
1805 911 1833 954 2.

194 986 260 1020 His
286 985 428 1028 litteris,
456 998 547 1031 quae
574 988 671 1020 certe
698 988 824 1020 notatu
852 986 980 1030 dignae
1007 988 1102 1027 sunt,
1129 985 1250 1030 aliqua
1276 985 1409 1020 iuverit
1434 985 1626 1019 adnotare:

194 1040 224 1074 1.
252 1038 409 1080 Quando,
445 1051 466 1074 a
492 1051 571 1083 quo,
606 1040 651 1073 ad
679 1051 794 1083 quem,
830 1039 923 1073 unde
958 1039 1025 1073 hae
1060 1039 1203 1073 litterae
1230 1039 1336 1073 datae
1362 1039 1444 1079 sint,
1482 1038 1514 1071 in
1555 1038 1729 1083 exemplo,
1766 1050 1836 1082 quo

72 1104 160 1127 usus
186 1104 276 1134 sum,
303 1105 372 1126 non
398 1092 633 1136 significatur.
673 1093 826 1126 Aliunde
853 1095 973 1126 autem
994 1091 1089 1136 [vide
1108 1092 1202 1126 infra
1220 1103 1312 1126 mon.
1333 1091 1392 1126 dil.
1415 1091 1505 1134 (15)]
1534 1091 1623 1125 haec
1650 1093 1835 1126 constant:

73 1145 184 1180 Iulius
210 1146 385 1180 Pavesius
411 1146 489 1180 sive
507 1145 639 1180 Pavesi
669 1146 703 1186 (†
725 1145 831 1188 1571)
860 1145 900 1179 O.
921 1145 1057 1186 Praed„
1086 1145 1377 1190 archiepiscopus
1403 1144 1629 1178 surrentinus
1651 1144 1835 1187 (Son-ento

73 1199 108 1232 in
134 1211 245 1243 regno
280 1199 537 1244 neapolitano),
573 1210 593 1233 a
621 1198 655 1233 S.
674 1199 737 1232 Pio
766 1199 808 1233 V.
836 1199 870 1232 in
897 1198 1062 1241 Belgium
1098 1198 1241 1239 missus,
1276 1200 1317 1232 ut
1342 1198 1578 1241 Margaritam
1605 1198 1834 1232 Austriacam

75 1251 336 1295 (Parmensem)
364 1251 568 1296 provincias
594 1251 675 1285 illas
702 1252 915 1286 auctoritate
941 1251 1098 1296 Philippi
1124 1252 1166 1285 II.
1195 1251 1505 1286 administrantem
1532 1250 1696 1285 laudaret
1732 1253 1767 1284 et
1799 1251 1834 1284 in

71 1304 255 1349 religionis
281 1305 398 1339 studio
425 1305 652 1339 confirmaret
680 1304 930 1348 (Laslerehius,
966 1304 1124 1338 Annales
1160 1304 1407 1345 ecclesiastici,
1444 1304 1479 1338 in
1506 1315 1536 1338 a.
1568 1304 1657 1338 1566
1692 1316 1725 1337 n.
1753 1304 1833 1338 465.

72 1359 174 1393 Fam.
196 1359 329 1392 Strada
356 1358 389 1392 S.
410 1358 453 1398 J..
480 1358 532 1392 De
558 1358 652 1392 bello
678 1358 816 1401 belgico
842 1358 959 1392 Decas
986 1358 1010 1398 I,
1038 1358 1258 1402 Antverpiae
1287 1358 1388 1398 1649,
1416 1357 1513 1401 234),
1541 1368 1620 1391 cum
1647 1369 1692 1391 ex
1719 1369 1760 1391 ea
1787 1357 1834 1391 le-

73 1411 216 1454 gatione
250 1411 400 1446 Romam
434 1411 577 1449 rediret.
614 1411 719 1456 paulo
755 1413 837 1445 ante
874 1411 1027 1445 medium
1063 1423 1108 1444 m.
1128 1411 1257 1445 Iulium
1283 1422 1315 1445 a.
1337 1411 1426 1445 1566
1452 1410 1544 1444 4-5
1572 1410 1648 1444 dies
1674 1412 1834 1444 moratus

73 1467 128 1498 est
153 1463 330 1508 Dilingae,
365 1464 426 1498 ubi
460 1464 530 1498 PP.
558 1464 700 1499 Natalis
736 1467 771 1498 et
798 1464 964 1499 Canisius
999 1464 1241 1498 morabantur.
1292 1463 1339 1497 Hi
1374 1475 1453 1498 cum
1490 1463 1642 1497 Pavesio
1677 1463 1720 1497 de
1747 1462 1832 1497 Ger-

71 1518 191 1551 mania
216 1517 371 1552 iuvanda
397 1517 622 1551 familiariter
648 1520 799 1561 egerunt
826 1520 862 1552 et
887 1518 1020 1562 scripto
1048 1517 1165 1562 capita
1192 1517 1338 1561 aliquot,
1365 1528 1457 1561 quae
1482 1516 1551 1561 ipsi
1569 1528 1648 1550 cum
1667 1516 1833 1561 pontifice

71 1571 260 1605 tractanda
287 1574 418 1611 essent,
444 1571 681 1605 tradiderunt.
724 1571 943 1605 Nominatim
961 1571 1138 1605 Pavesins
1164 1570 1230 1604 hoc
1255 1571 1291 1604 in
1318 1582 1356 1605 se
1374 1569 1534 1614 suscepit
1560 1569 1766 1609 curandum,
1792 1572 1834 1603 ut

71 1624 233 1668 pontifex
259 1623 427 1658 societati
455 1624 611 1669 amplam
637 1624 855 1669 probationis
882 1624 1024 1658 domum
1050 1624 1084 1657 in
1113 1623 1304 1658 Germania
1331 1623 1510 1658 conderet.
1553 1622 1685 1667 Scripti
1711 1624 1832 1656 autem

70 1677 224 1711 Pavesio
242 1677 366 1711 traditi
385 1678 631 1722 apographum
651 1689 671 1712 a
689 1677 818 1712 Natale
838 1677 986 1711 Romam
1009 1677 1053 1712 ad
1071 1677 1240 1721 Borgiam
1266 1677 1416 1711 missum
1443 1679 1499 1711 est
1519 1676 1623 1721 (Epp.
1643 1677 1764 1710 Nadal
1782 1676 1831 1709 III

73 1731 259 1766 193—194
285 1731 371 1771 209;
399 1731 449 1765 IV
476 1731 574 1775 215).
611 1731 645 1765 Si
665 1731 752 1765 haec
772 1731 985 1776 expenderis
1003 1733 1049 1771 et,
1069 1742 1159 1775 quae
1179 1730 1220 1764 de
1240 1730 1395 1773 exempli
1413 1741 1434 1764 a
1451 1742 1507 1763 me
1526 1729 1675 1764 adhibiti
1694 1729 1832 1763 ratione

72 1783 155 1824 dixi,
175 1784 471 1825 consideraveris,
494 1796 563 1818 non
583 1785 772 1825 dubitabis,
800 1785 885 1828 quin
903 1784 1056 1818 Pavesio
1073 1783 1229 1818 traditae
1247 1784 1319 1817 sint
1337 1783 1436 1828 ipsae
1454 1783 1537 1817 illae
1563 1783 1716 1822 litterae,
1743 1793 1833 1826 quas

71 1837 174 1871 modo
209 1837 322 1882 posui.
372 1837 487 1871 Datae
523 1840 642 1871 autem
668 1840 753 1871 sunt
779 1840 815 1871 et
849 1837 1074 1882 subscriptae
1100 1837 1159 1871 vel
1185 1848 1205 1870 a
1231 1836 1360 1870 Natale
1387 1836 1495 1870 simul
1520 1839 1555 1870 et
1583 1836 1736 1875 Canisio,
1774 1836 1831 1870 vel

71 1890 200 1924 saltem
227 1902 247 1924 a
273 1890 402 1924 Natale
436 1902 505 1924 non
533 1903 596 1924 suo
627 1891 752 1931 solum,
788 1891 851 1924 sed
879 1890 1010 1924 Canisii
1048 1890 1156 1924 etiam
1190 1891 1331 1924 nomine
1359 1889 1576 1932 (,.oramus“,
1616 1889 1832 1932 „cogimur“,

76 1944 321 1985 „curaren1us“
351 1943 457 1985 etc.);
485 1943 650 1978 Canisins
676 1946 772 1977 certe
798 1943 1033 1978 necessitates
1053 1943 1275 1984 Germaniae,
1302 1945 1342 1977 ut
1367 1954 1469 1976 nemo
1495 1942 1634 1983 melius,
1661 1945 1831 1983 noverat;

72 1997 148 2041 ipse
175 2008 255 2031 cum
281 1997 387 2031 sociis
414 2001 450 2030 et
475 1997 600 2030 amicis
628 1997 768 2030 codices
794 2008 958 2031 romanos
985 1997 1019 2030 in
1048 1996 1240 2030 Germania
1267 1996 1496 2030 excudendos
1526 2007 1651 2029 curare
1679 1994 1833 2035 volebat,

71 2061 140 2084 non
166 2049 317 2091 Natalis,
345 2049 405 2094 qui
431 2062 500 2084 non
526 2050 560 2083 in
589 2049 781 2084 Germania
807 2050 947 2090 morari,
974 2050 1036 2084 sed
1063 2049 1230 2083 visitator
1256 2061 1319 2094 per
1346 2060 1424 2083 eam
1450 2049 1603 2082 transire
1630 2048 1784 2082 volebat.

191 2103 223 2138 2.
259 2101 420 2143 Quantas
456 2103 690 2136 difficultates
725 2103 825 2137 initio
860 2102 994 2137 saeculi
1020 2102 1114 2136 XVI.
1151 2103 1186 2136 in
1214 2102 1406 2136 Germania
1441 2102 1633 2145 scriptores
1669 2100 1834 2134 catholici

73 2156 211 2201 experti
247 2156 328 2196 sint,
365 2155 546 2199 colligitur
593 2168 638 2190 ex
671 2155 803 2190 litteris
838 2156 955 2190 Misna
993 2157 1045 2190 19.
1073 2155 1194 2189 Martii
1233 2156 1323 2190 1538
1359 2167 1380 2189 a
1415 2157 1549 2189 Ioanne
1587 2155 1753 2187 Cochlaeo
1789 2153 1833 2187 ad

71 2209 239 2242 Ioannem
266 2209 452 2242 Moronum
479 2209 592 2249 clatis;
618 2209 654 2242 in
681 2209 810 2253 quibus
835 2209 914 2243 ille:
946 2210 1116 2252 „Antea“.
1144 2209 1270 2253 inquit,
1305 2208 1384 2251 „ubi
1412 2219 1519 2251 aegre
1547 2207 1834 2251 comparavimus

72 2273 153 2296 aere
179 2263 301 2296 nostro
327 2261 593 2306 typographum
621 2261 682 2306 qui
708 2265 830 2296 nostra
855 2263 974 2307 precio
1002 2262 1205 2301 excuderet,
1243 2273 1312 2295 non
1347 2260 1568 2295 habebamus
1603 2260 1663 2303 qui
1700 2271 1834 2293 excusa

73 2315 246 2349 venderet
271 2317 378 2358 atque
413 2315 448 2348 in
484 2315 603 2349 orbem
640 2315 881 2360 dispergeret;
919 2318 1023 2350 erant
1058 2315 1151 2349 enim
1187 2326 1310 2349 omnes
1346 2313 1543 2348 Lutherani
1579 2325 1647 2346 uuo
1683 2315 1834 2357 excepto

73 2367 285 2409 Coloniensi,
312 2368 373 2411 qui
400 2370 519 2401 tamen
546 2368 713 2402 mendose
740 2368 916 2402 excudere
943 2368 1053 2403 solet“
1087 2368 1236 2411 (Walter
1258 2368 1533 2410 Frz'edensbmy,
1560 2366 1727 2408 Beitragc
1754 2377 1834 2399 zum

72 2421 328 2454 Briefwechsel
364 2421 426 2454 der
460 2420 710 2455 katholischen
738 2421 931 2455 Gelehrten
958 2421 1224 2455 Deutschlands
1254 2421 1301 2454 im
1328 2419 1769 2458 Reformationszeitalter‚
1797 2418 1833 2452 in

76 2474 303 2516 „Zeitschrift
328 2474 386 2507 fiir
410 2473 814 2517 Ki1·chengeschichte“‚
842 2474 1056 2518 herausgeg.
1076 2487 1108 2508 v.
1134 2475 1196 2508 Th.
1219 2475 1364 2517 Brieqer
1389 2485 1422 2507 u.
1449 2473 1581 2506 Bernh.
1602 2473 1685 2505 Bess
1702 2470 1832 2512 XVIII,

74 2527 192 2561 Gotha
220 2527 321 2567 1898,
349 2527 447 2570 283).
492 2527 623 2561 Postea
649 2527 956 2572 typographorum
982 2527 1238 2561 catholicorum
1265 2537 1435 2560 numerus
1461 2525 1683 2569 aliquantum
1710 2523 1834 2568 ampli-

72 2580 202 2614 ficatus
229 2582 294 2614 est.
346 2579 417 2614 Sub
444 2591 474 2614 a.
496 2580 728 2614 1566-1569
756 2580 958 2614 huiusmodi
985 2580 1148 2614 officinas
1174 2579 1355 2614 habebant
1382 2577 1560 2612 Monachii
1587 2577 1700 2611 Adam
1728 2577 1833 2620 Berg,

72 2633 283 2676 lngolstadii
311 2633 516 2667 Alexander
530 2633 812 2677 WVeyssenhorm
839 2633 1047 2677 Moguntiae
1073 2633 1286 2667 Franciscus
1312 2631 1454 2672 Bebem,
1474 2631 1640 2674 Dilingae
1659 2629 1833 2665 Sebaldus

74 2686 209 2731 Mayer,
237 2686 404 2720 Coloniae
422 2686 608 2720 Maternus
628 2686 807 2728 Cholinus,
836 2686 1015 2720 Ger-vinus
1034 2686 1211 2727 Calenius,
1239 2686 1390 2719 Ioannes
1418 2684 1625 2729 Gymnicus.
1652 2682 1833 2717 Arnoldus

72 2739 277 2779 Birckman,
304 2740 376 2774 alii.
427 2739 550 2783 Neque
577 2742 694 2773 tamen
722 2739 757 2773 hi
784 2751 906 2773 omnes
933 2739 1058 2784 opibus
1084 2739 1277 2778 florebant;
1306 2739 1356 2772 ita
1384 2750 1416 2772 v.
1443 2749 1476 2779 g.
1505 2736 1678 2771 Sebaldus
1704 2736 1833 2780 Mayer

73 2791 140 2826 hoc
165 2795 324 2837 tempore
351 2793 561 2827 conductam
588 2794 727 2826 tantum
756 2792 911 2826 habebat
937 2792 1116 2826 officinam
1145 2792 1383 2834 dilinganam;
1419 2801 1500 2824 nam
1536 2801 1567 2823 a.
1597 2789 1687 2823 1560
1713 2800 1830 2822 rerum

73 2856 218 2879 suarum
245 2845 458 2880 difficultate
484 2846 528 2879 ad
555 2857 632 2879 eam
660 2845 830 2879 cardinali
849 2845 1048 2879 Truchsess
1066 2845 1288 2879 vendendam
1316 2846 1463 2877 coactus
1489 2846 1567 2876 erat
1594 2843 1734 2886 (spec-let
1760 2842 1781 2876 l.
1803 2854 1832 2876 c.

77 2897 123 2942 [v.
142 2910 251 2943 supra
269 2911 302 2944 p.
324 2898 396 2943 14⁶]
417 2899 472 2933 67.
516 2898 569 2932 Cf.
589 2899 696 2932 etiam
716 2899 826 2932 Mart.
847 2899 980 2941 Spahn,
1009 2898 1182 2931 Iohannes
1202 2896 1400 2931 Cochlaeus
1419 2896 1488 2929 und
1513 2895 1568 2929 die
1587 2895 1752 2939 Anfange
1771 2895 1833 2929 der

73 2951 321 2986 katholischen
336 2951 776 2995 Verlagsbuchdruckerei
791 2952 825 2984 in
840 2949 1094 2990 Deutschland,
1114 2950 1148 2983 in
1169 2949 1379 2991 „Katholik“
1400 2948 1598 2982 LXXV111¹
1615 2948 1832 2990 464—467).

193 3016 220 3047 a)
241 3017 287 3040 Ita
309 3017 426 3041 Natalis
445 3023 498 3041 sua
520 3023 607 3040 manu
628 3015 754 3039 com-emit
770 3023 806 3039 ez·
826 3013 998 3046 imprimere
1013 3012 1152 3046 possunt,
1172 3021 1244 3044 quae
1258 3014 1387 3037 Jimene:
1401 3012 1571 3043 scripserat.
1645 3011 1674 3043 b)
1696 3013 1835 3044 Sequitur

75 3055 122 3086 ad,
142 3057 346 3082 oblitteratum.

197 3145 205 3164 ¹
231 3144 332 3185 Vide,
360 3156 451 3189 quae
477 3145 520 3178 de
546 3144 613 3178 hoc
639 3144 755 3188 capite
781 3142 847 3176 sub
874 3142 970 3186 ipsas
997 3141 1062 3175 has
1088 3141 1229 3175 litteras
1255 3141 1428 3182 dicentur,
1455 3141 1489 3174 in
1517 3152 1549 3175 n.
1577 3141 1608 3175 3.

194 3197 206 3217 ²
231 3196 332 3238 Vide,
359 3209 450 3241 quae
475 3197 540 3231 sub
566 3197 632 3231 has
657 3196 798 3230 litteras
824 3195 996 3235 dicentur,
1023 3195 1058 3228 in
1084 3206 1118 3228 n.
1136 3195 1169 3228 4.
