2077 3461
214 210 336 240 XXXII
763 208 806 243 ΙΙ.
834 208 1058 243 Prooemium
1085 207 1278 242 voluminis
1301 207 1430 252 quinti.

214 327 247 362 id
283 330 426 372 tempus
460 328 496 362 in
531 339 572 362 ea
608 328 780 362 usitatam
816 327 1006 361 immutare
1040 325 1154 368 (487).
1204 325 1429 360 Videbantur
1463 328 1583 359 tamen
1619 327 1743 370 portae
1777 334 1976 369 superesse,

214 392 277 426 per
302 392 392 425 quas
419 380 580 415 Societas
617 381 797 426 pontificis
831 379 1040 414 mandatum
1067 380 1224 423 effugere
1259 380 1400 423 posset;
1436 389 1518 412 cum
1552 378 1644 412 enim
1679 390 1724 412 ex
1758 377 1872 423 ipsius
1897 389 1976 411 con—

212 433 461 468 stitutionibus
481 433 594 468 Sociis
621 436 704 468 ante
729 433 857 467 ultima
883 435 968 467 vota
994 432 1086 467 bona
1112 443 1178 466 sua
1204 431 1386 476 possidere
1407 431 1542 474 (eorum
1570 431 1878 466 administratione
1896 430 1977 465 aliis

213 486 403 531 permissa)
432 489 541 530 atque
568 487 676 521 etiam
703 486 876 521 beneficia
902 485 1150 520 ecclesiastica
1169 485 1323 519 retinere
1347 484 1484 526 liceret,
1514 484 1640 528 „titulo
1666 483 1888 529 patrimonii‘
1918 482 1978 517 vel

218 539 342 581 „titulo
368 539 551 574 beneficii“
573 540 616 573 ad
644 540 786 574 ordines
812 550 934 573 sacros
961 538 1161 583 promoveri
1188 549 1293 582 posse
1312 537 1544 577 videbantur3
1573 539 1759 582 praeterea
1785 536 1978 571 cardinalis

214 594 449 636 Augustanus
474 594 641 637 paratum
659 604 698 627 se
716 604 796 627 esse
823 592 1094 636 significaverat
1118 591 1163 625 ad
1186 590 1351 633 „titulum
1368 590 1532 625 mensa&
1555 590 1667 625 Sociis
1693 589 1976 625 concedendumz

213 647 356 690 poterat
390 646 498 680 etiarn
525 645 686 680 Societas
720 646 800 691 ipsa
825 657 864 679 se
890 645 1092 688 astringere
1127 645 1161 677 in
1193 655 1297 685 suos,
1333 645 1441 678 etiam
1467 646 1659 688 postquam
1685 642 1821 678 dimissi
1847 645 1977 679 essent.

213 698 491 739 sustentandos;
535 698 686 742 Borgias
728 698 839 742 igitur
877 698 1042 741 gravium
1082 696 1274 731 Societatis
1314 697 1469 730 virorum
1513 696 1728 732 sententiam
1770 695 1977 740 exquisivit.

214 751 379 786 canisius
422 752 624 797 respondit:
673 751 911 796 „Simpliciter
955 751 1163 795 pareamus“
1211 750 1369 794 pontifici
1413 750 1467 791 „in
1512 749 1763 794 promovendis
1801 749 1977 784 duntaxat

213 804 354 839 clericis
391 805 524 839 nostris
562 807 644 850 post
681 805 814 838 factam
850 804 1006 848 ipsorum
1042 802 1312 848 professionem.
1342 829 1350 837 .
1378 829 1385 838 .
1415 830 1422 836 .
1472 802 1552 838 Non
1589 802 1721 837 desunt
1756 800 1978 836 incommoda

213 857 400 902 quaedam.
451 857 626 903 Pei-pauci
652 857 923 896 ordinabuntur,
958 859 1079 891 tamen
1105 856 1200 890 hunc
1224 856 1382 891 fructum
1409 855 1490 890 inde
1516 855 1755 899 colligendum
1781 864 1978 900 speramus,

213 913 254 945 ut
279 923 343 945 suo
369 914 528 956 tempore
554 910 612 944 vel
642 909 748 944 huius
774 909 986 954 praesentis,
1022 908 1257 944 velvalterius
1283 909 1468 953 sequentis
1493 908 1672 954 pontificis
1698 909 1849 948 animus,
1883 909 1978 953 post·

214 975 321 1008 quam
348 964 437 998 haec
462 963 685 997 incommoda
710 965 808 997 certo
834 962 1127 1007 deprehenderit,
1163 962 1304 997 facilius
1338 962 1440 996 nobis
1466 961 1675 999 concilietur
1706 964 1742 996 et
1767 961 1811 996 ad
1837 961 1873 995 id
1899 971 1978 995 con-

215 1017 411 1052 cedendum
437 1020 701 1061 permoveatur,
727 1016 821 1060 quod
847 1015 1022 1049 hactenus
1040 1015 1084 1049 ab
1111 1015 1191 1050 aliis
1209 1015 1437 1060 pontificibus
1456 1026 1664 1050 concessum
1691 1017 1727 1049 et
1745 1015 1781 1049 in
1800 1014 1979 1048 Societate

215 1072 338 1104 nostra
376 1070 551 1104 usitatum
589 1069 678 1103 fuit“
710 1068 824 1112 (529).
875 1067 981 1113 Spem
1007 1079 1079 1102 non
1111 1068 1244 1102 fefellit
1269 1070 1421 1103 eventus
1439 1069 1458 1103 ¹.
1513 1068 1737 1111 „Pontifex“,
1771 1067 1888 1112 inquit
1913 1066 1977 1101 Po-

216 1122 342 1158 lancus
369 1123 510 1157 Canisio
535 1122 707 1163 scribens,
739 1121 877 1166 „diligit
902 1133 967 1156 vos
993 1123 1029 1156 et
1054 1121 1132 1156 fidit
1157 1121 1280 1156 vobis“
1313 1121 1425 1166 (183).

336 1175 434 1210 Haec
471 1176 513 1210 de
552 1176 722 1210 universa
760 1175 950 1210 Societate.
1006 1175 1060 1209 Ad
1099 1174 1241 1210 sodales
1278 1175 1314 1209 in
1351 1174 1543 1210 Germania
1581 1175 1754 1218 degentes
1791 1173 1978 1208 descendo,

216 1229 522 1273 Frequentissima
548 1229 583 1263 in
609 1228 666 1263 his
691 1228 824 1262 litteris
849 1227 983 1262 mentio
1009 1228 1050 1262 fit
1076 1228 1115 1264 P.
1142 1228 1353 1273 Hieronymi
1378 1227 1583 1262 Natalis
1623 1227 1690 1262 Hic
1715 1227 1810 1262 enim
1835 1238 1867 1261 a.
1888 1226 1977 1260 1566

218 1286 254 1316 et
281 1283 370 1318 1567
407 1294 529 1317 omnes
556 1282 770 1316 Germaniae
803 1281 1006 1326 provincias
1033 1281 1155 1316 Sancti
1181 1281 1208 1315 F
1211 1282 1363 1316 rancisci
1388 1281 1541 1324 Borgiae
1575 1280 1769 1326 praepositi
1800 1279 1979 1323 generalis

218 1336 432 1370 auctoritate
458 1335 634 1372 visitavit.
686 1335 776 1369 Eum
802 1334 1016 1369 Germaniae
1042 1335 1238 1379 superioris
1264 1334 1377 1369 Sociis
1402 1334 1594 1376 hortando,
1631 1333 1864 1373 consulendo,
1899 1344 1978 1367 con-

218 1389 383 1430 solando,
422 1388 609 1423 scribendo
647 1388 839 1433 plurimum
876 1387 1047 1422 utilitatis
1081 1387 1248 1422 attulisse
1283 1387 1449 1422 Canisius
1486 1387 1711 1432 praepositus
1748 1385 1980 1431 provincialis

218 1442 334 1487 planis
360 1442 480 1476 verbis
506 1454 576 1476 non
601 1441 713 1476 semel
737 1443 896 1476 testatur
923 1441 1008 1484 (276
1026 1441 1095 1476 300
1122 1441 1339 1483 345—346).
1373 1440 1526 1482 Natalis,
1551 1442 1694 1485 praeter
1719 1439 1800 1481 alia,
1827 1439 1979 1482 coguitis

218 1495 449 1539 collegiorum
476 1495 660 1535 reditibus,
692 1497 780 1539 quot
806 1494 897 1528 Socii
925 1494 960 1528 in
986 1494 1139 1537 singulis
1166 1493 1328 1528 domibus
1354 1493 1472 1528 alendi
1499 1495 1629 1535 essent,
1665 1492 1842 1533 definivit;
1875 1492 1978 1533 idem,

216 1548 380 1582 tirocinio
405 1549 441 1582 in
468 1548 617 1591 collegio
644 1547 849 1582 monacensi
874 1547 1059 1589 instituto,
1095 1547 1179 1591 quid
1214 1547 1358 1590 singula
1384 1547 1536 1590 collegia
1570 1547 1613 1580 ad
1648 1546 1808 1580 novicios
1833 1545 1979 1579 alendos

218 1602 443 1636 contribuere
470 1601 651 1642 deberent,
677 1601 790 1635 edixit
817 1601 939 1644 (842);
976 1600 1069 1645 apud
1097 1600 1130 1635 S.
1158 1600 1386 1635 Franciscum
1414 1600 1582 1643 Borgiam
1612 1599 1753 1634 Natalis
1778 1599 1870 1634 hanc
1896 1610 1978 1642 quo-

218 1667 287 1699 que
312 1654 425 1688 movit
451 1654 707 1698 quaestionem,
733 1656 854 1688 utrum
881 1653 1082 1688 consultum
1111 1655 1207 1688 esset
1232 1653 1354 1687 Socios
1380 1664 1569 1697 germanos
1595 1653 1702 1687 etiam
1729 1653 1765 1686 in
1788 1654 1981 1697 posterum,

218 1711 259 1742 ut
283 1719 397 1752 usque
424 1708 468 1742 ad
494 1708 528 1741 id
555 1710 698 1751 tempus
724 1707 906 1747 fecissent,
942 1709 1081 1741 vestem
1107 1706 1205 1740 illam
1237 1706 1380 1749 longam
1407 1706 1634 1740 sacerdotum
1660 1705 1838 1748 italorum,
1874 1715 1981 1748 quam

218 1763 396 1795 sottanam
424 1763 566 1802 vocant,
592 1772 672 1795 cum
699 1760 792 1805 pileo
818 1760 994 1805 quadrato
1021 1761 1088 1793 etc.
1115 1762 1269 1802 gestare,
1297 1771 1341 1793 an
1367 1762 1569 1804 praestaret
1595 1770 1655 1793 eos
1675 1758 1726 1801 (id
1753 1758 1847 1802 quod
1865 1757 1981 1792 Socie—

217 1814 305 1849 tatis
331 1814 537 1848 institutum
563 1813 686 1856 habet)
709 1813 743 1847 in
763 1813 898 1847 vestitu
925 1824 1058 1849 morem
1085 1813 1311 1847 sacerdotum
1337 1812 1567 1852 honestorum
1594 1823 1680 1846 suae
1697 1812 1854 1854 regionis
1879 1810 1980 1854 sequi

221 1867 334 1911 (422).
374 1867 478 1900 Hunc
503 1878 637 1900 morem
664 1869 704 1900 ut
730 1866 823 1900 Socii
849 1868 1095 1909 sequerentur,
1122 1866 1265 1900 Natalis
1291 1866 1467 1900 suadebat
1493 1864 1611 1909 (423);
1638 1865 1688 1899 ita
1714 1864 1835 1899 Socios
1861 1863 1979 1898 catho-

218 1920 298 1955 licis
324 1921 499 1964 gratiores
534 1920 610 1953 fore
645 1922 681 1953 et
715 1919 831 1953 minus
867 1918 1091 1953 difficultatis
1127 1922 1339 1963 experturos
1365 1930 1445 1954 esse
1472 1919 1637 1953 Canisius
1663 1917 1833 1952 censebat
1861 1916 1978 1961 (441);

218 1977 343 2019 postea
378 1976 497 2008 autem
523 1972 674 2015 Borgias
704 1972 811 2006 etiam
838 1972 1000 2015 singulos
1027 1972 1258 2015 collegiorum
1293 1972 1579 2015 germanicorum
1604 1974 1763 2006 rectores
1788 1973 1978 2005 rectorum·

219 2038 287 2070 que
323 2026 545 2061 consultores
582 2026 797 2060 sententiam
833 2025 950 2059 dicere
994 2025 1099 2059 iussit
1135 2025 1254 2068 (463);
1289 2028 1398 2069 atque
1435 2025 1562 2059 horum
1599 2024 1777 2065 nonnulli,
1813 2023 1848 2057 id
1886 2023 1979 2067 quod

217 2080 373 2114 nondum
391 2082 512 2114 notum
532 2081 598 2120 est,
623 2082 747 2113 contra
765 2078 986 2119 sentiebant;
1014 2078 1226 2122 aliquorum,
1254 2080 1293 2112 ut
1310 2079 1460 2113 rectoris
1478 2078 1660 2123 spirensis,
1688 2077 1799 2111 verba
1816 2088 1880 2111 suo
1903 2076 1979 2111 loco

218 2145 345 2178 ponam
374 2133 489 2175 (499).
540 2132 691 2175 Borgias
717 2131 806 2165 nihil
832 2131 972 2166 censuit
999 2143 1078 2165 esse
1104 2131 1376 2166 immutandum.

339 2186 546 2229 Singulares
573 2184 805 2219 difficultates
832 2185 995 2227 Borgiae,
1021 2184 1154 2225 Natali,
1181 2183 1323 2218 Canisio
1345 2185 1380 2218 in
1414 2184 1546 2218 litteris
1572 2183 1790 2218 fundationis
1815 2182 1979 2225 collegio-

217 2251 293 2273 rum
327 2239 500 2282 dilingani
536 2240 572 2272 et
597 2237 858 2282 herbipolensis
885 2237 1138 2271 concinnandis
1165 2238 1387 2282 superanda-e
1414 2238 1524 2272 fuere.
1575 2236 1754 2271 Cardinali
1780 2235 1978 2270 Truchsess

218 2293 449 2327 vehementer
484 2291 634 2326 instanti
669 2294 705 2325 et
732 2291 843 2324 multa
879 2291 1101 2335 promittenti
1130 2291 1189 2333 (15
1216 2291 1277 2334 46)
1306 2302 1337 2325 a.
1367 2291 1457 2325 1563
1483 2290 1576 2324 Socii
1602 2290 1713 2324 Roma
1739 2289 1838 2323 missi
1865 2291 1977 2327 erant,

217 2347 276 2389 qui
300 2345 465 2389 Dilingae
501 2348 537 2379 et
570 2346 604 2379 in
632 2345 745 2389 ipsius
780 2344 1016 2378 universitate
1052 2344 1231 2385 docerent,
1265 2347 1301 2377 et
1327 2345 1496 2378 iuvenum
1529 2343 1799 2377 contubernium
1830 2342 1874 2376 ab
1899 2342 1976 2386 ipso

217 2399 397 2434 conditum
423 2401 601 2442 regerent.
630 2398 762 2432 Verum
782 2409 873 2431 anno
895 2398 984 2432 1565
1005 2396 1137 2430 Romae
1164 2397 1321 2431 secunda
1339 2397 1527 2432 Societatis
1545 2397 1776 2440 congregatio
1799 2395 1978 2439 generalis

215 2453 276 2492 sic,
301 2454 440 2486 secreto
466 2454 598 2491 tamen,
625 2450 804 2485 decrevit:
833 2450 1042 2494 Praeposito
1061 2449 1220 2491 generali
1248 2452 1409 2494 potestas
1436 2453 1512 2484 esto
1535 2449 1725 2492 collegium
1744 2448 1975 2492 dilinganum,

216 2506 283 2539 nisi
319 2505 512 2539 cardinalis
549 2505 646 2538 certo
681 2506 840 2548 tempore
868 2502 1051 2547 promissis
1083 2503 1235 2542 steterit,
1272 2503 1491 2537 dissolvendi
1518 2506 1554 2536 et
1579 2503 1699 2537 Socios
1725 2501 1869 2545 Dilinga
1894 2512 1975 2535 avo-

216 2559 319 2592 candi
350 2559 461 2600 (757).
501 2559 669 2591 Attamen
696 2568 726 2591 a.
750 2557 838 2591 1566
865 2567 922 2590 res
950 2568 990 2589 eo
1013 2555 1165 2589 deducta
1192 2559 1257 2596 est,
1283 2558 1324 2590 ut
1350 2555 1514 2599 Dilingae
1543 2556 1584 2589 de
1602 2555 1733 2589 litteris
1758 2554 1976 2589 fundationis

216 2612 274 2655 agi
307 2616 427 2655 posset
462 2611 576 2652 (276).
627 2610 665 2644 l'.
693 2610 732 2644 P.
759 2609 881 2643 Natali
909 2613 944 2642 et
971 2608 1113 2643 Canisio
1148 2620 1210 2653 per
1246 2609 1320 2643 dies
1356 2609 1491 2652 aliquot
1526 2620 1606 2642 cum
1641 2607 1810 2642 cardinali
1846 2607 1976 2641 acriter

217 2665 467 2708 disputandum
494 2666 530 2697 et
556 2663 838 2697 contendendum
860 2662 928 2695 fuit
947 2662 1030 2700 (³257
1058 2661 1155 2703 620),
1183 2664 1221 2695 ut
1241 2661 1410 2695 Societati
1429 2673 1494 2695 sua
1520 2663 1555 2695 in
1574 2661 1810 2695 universitate
1833 2662 1869 2694 et
1895 2672 1973 2694 con-

217 2717 378 2751 tubernio
398 2716 689 2750 administrandis
707 2715 854 2750 libertas
873 2717 1069 2750 constaret:
1094 2714 1153 2748 ille
1173 2714 1279 2747 etiam
1299 2714 1426 2748 nimios
1445 2716 1665 2759 professores
1683 2713 1852 2757 exigebat
1873 2712 1972 2755 (622)

217 2777 251 2804 et
284 2770 363 2814 plus
398 2781 579 2803 sacrarum
617 2769 931 2807 caerimoniarum,
971 2779 1076 2812 quam
1116 2767 1274 2810 reliquae
1312 2767 1564 2811 occupationes
1599 2767 1735 2800 ferrent
1772 2766 1831 2808 (65
1867 2765 1972 2807 349);

215 2827 391 2857 statutum
411 2823 562 2866 denique
589 2826 654 2862 est,
683 2826 722 2855 ut
740 2822 899 2856 Societas
915 2821 1185 2855 universitatem
1206 2824 1317 2853 totam
1337 2823 1489 2860 curaret,
1516 2819 1578 2854 sed
1605 2830 1710 2853 curae
1734 2818 1785 2852 illi
1811 2819 1972 2862 integrae

216 2888 282 2911 non
318 2876 537 2919 obligaretur
572 2879 762 2919 antequam
800 2875 933 2908 dotatio
973 2877 1069 2908 esset
1103 2873 1285 2913 absoluta;
1324 2874 1465 2906 interim
1504 2876 1622 2907 autem
1661 2872 1853 2915 magistros
1889 2872 1972 2906 dare

338 2983 345 3001 ¹
373 2983 578 3015 firm-ardus
607 2982 752 3015 Gollwiu
784 2980 963 3023 (lgnatius
1000 2990 1067 3013 von
1103 2978 1233 3023 Loyola
1268 2978 1338 3012 und
1375 2978 1430 3011 die
1457 2975 1830 3020 Gegeureformation,
1867 2975 1970 3009 Halle

221 3035 318 3073 1395,
350 3035 436 3076 469)
473 3034 506 3067 S.
536 3034 637 3067 l'iuni
658 3033 698 3067 V.
727 3045 746 3067 a
773 3033 950 3067 Societate
984 3032 1064 3066 lesu
1100 3031 1254 3065 alienum
1280 3032 1392 3065 fuisse
1418 3030 1622 3064 denuntiat:
1663 3029 1753 3070 „Der
1780 3028 1971 3072 inquisitor

219 3087 368 3121 nichele
395 3087 562 3121 tiliislieri
591 3098 664 3119 war
691 3086 771 3119 kcin
800 3086 938 3119 Freund
966 3085 1027 3119 der
1046 3083 1288 3118 Gesellschaft
1306 3103 1348 3107 ——
1368 3083 1471 3117 dasiir
1497 3093 1570 3115 war
1596 3093 1633 3115 er
1659 3081 1767 3115 sehon
1795 3081 1851 3114 ein
1877 3081 1968 3115 allzu

217 3140 422 3182 einseitiger
450 3140 702 3173 Dominikaner
729 3159 772 3162 —
804 3140 873 3172 und
911 3139 955 3172 ist
992 3151 1029 3171 es
1064 3137 1155 3171 auch
1190 3137 1243 3171 als
1279 3138 1388 3181 Papst
1424 3136 1508 3170 Pius
1536 3135 1577 3169 V.
1614 3134 1711 3168 nicht
1745 3134 1965 3177 geu'oi·de11.“

219 3194 314 3226 Haec
343 3192 435 3226 haud
463 3194 513 3226 ita
539 3196 634 3226 recte
661 3192 728 3225 dici
757 3195 856 3236 patet
882 3204 925 3225 ex
953 3191 1005 3231 iis,
1033 3202 1123 3234 quae
1149 3190 1251 3223 modo
1278 3190 1388 3234 posui.
