2045 3471
203 179 286 220 738
571 176 664 210 Mon.
685 176 753 211 s10
779 175 856 210 sive
882 175 920 210 it.
943 175 1032 219 (17).
1071 176 1238 210 21.1unii
1265 176 1308 210 ad
1335 176 1368 210 3.
1386 175 1467 210 Iulii
1488 176 1588 210 1565.

199 297 352 349 utpote
383 295 425 336 in
459 308 584 348 quem
617 295 846 349 plusquam
879 297 971 337 tres
1002 294 1137 338 totius
1171 297 1412 337 conuentus
1445 298 1629 347 quartae
1670 297 1819 350 partes
1859 309 1961 336 con-

200 361 459 402 senserunt1
507 357 635 412 quam
685 359 726 400 in
774 373 865 401 rem
909 374 1003 402 cum
1047 362 1091 403 et
1135 359 1299 402 coeteri
1340 359 1542 402 lubenter
1586 360 1752 402 assensi
1800 362 1960 409 essent,

200 425 376 467 tandem
409 424 600 467 vniuersi
632 438 710 479 pro
739 424 913 468 constit.
947 427 1195 466 nostrarum
1228 424 1500 478 praescripto
1533 424 1742 479 singulari
1776 424 1961 477 quadam

200 489 333 532 animi
365 489 661 532 consolatione
694 492 826 542 atque
859 489 1091 532 alacritate
1123 489 1185 531 illi
1218 503 1393 531 manum
1426 489 1665 531 deosculati
1697 490 1835 531 sunt2.
1880 488 1961 530 His

200 568 256 596 ex
296 554 424 596 rebus
465 568 550 596 non
591 554 733 596 minus
773 554 994 596 laetitiae²
1035 569 1085 596 ac
1126 553 1394 607 hyllaritatis
1435 556 1718 608 reportarunt
1750 555 1962 607 quotquot

199 619 269 660 uel
301 632 356 660 ex
388 619 492 673 ipsis
525 619 687 661 nostris
720 619 912 660 Aedibus
943 619 1014 661 uel
1047 633 1102 661 ex
1135 618 1338 672 Collegijs
1371 619 1556 661 aderant
1569 620 1598 669 3,
1642 619 1714 672 qui
1746 632 1832 660 una
1865 631 1962 659 cum

200 684 364 726 exteris
403 684 620 738 plerisque
661 686 780 726 totas
821 683 957 738 peneb
989 684 1132 725 Aedes
1171 684 1445 738 occupabant
1482 684 1552 726 uel
1585 684 1640 726 ad
1673 697 1771 725 eum
1803 687 1961 736 usque⁰

198 749 338 791 locum
370 749 415 790 in
447 763 529 802 quo
563 749 716 791 electio
750 749 971 791 celebrata
1013 752 1101 791 est:
1147 748 1211 791 ita
1255 752 1304 790 ut
1344 749 1387 790 id
1429 749 1472 790 in
1515 763 1647 791 causa
1688 748 1834 799 fuerit,
1877 761 1962 800 quo

200 814 329 867 paulo
362 814 501 855 serius
526 814 680 856 Patres
703 827 757 855 ex
781 827 831 855 eo
853 814 947 855 loco
970 813 1209 868 prodierint
1241 813 1295 855 ad
1328 813 1571 855 habendam
1603 812 1960 867 supplicationem

201 882 246 922 et
277 879 445 932 gratias
477 879 529 920 de
561 892 679 920 more
702 878 886 921 Domino
919 878 1012 920 Deo
1045 878 1252 932 agendas.
1307 878 1364 920 Et
1396 879 1440 919 in
1472 879 1722 920 vniuersum
1755 878 1846 919 siue
1879 890 1961 930 quo

199 947 395 997 tempore
418 944 572 986 Patres
595 943 821 997 Templum
853 943 1086 997 petierunt,
1121 943 1406 985 decantantes
1428 943 1634 997 hymnum
1658 941 1919 984 Benedictus
1933 942 1961 992 4,

200 1008 292 1050 siue
325 1023 407 1062 quo
440 1009 483 1050 in
514 1009 677 1062 templo
710 1009 771 1050 Te
803 1009 941 1050 Deum
973 1008 1200 1050 laudamus
1233 1007 1496 1059 cecinerunt,
1538 1008 1630 1050 siue
1663 1006 1847 1060 denique
1878 1020 1961 1059 quo

201 1087 295 1116 sese
326 1074 425 1115 inde
459 1074 631 1115 domum
664 1076 923 1127 receperunt
956 1072 1028 1126 (ad
1062 1086 1190 1126 quam
1222 1073 1361 1114 nostri
1395 1087 1544 1115 omnes
1586 1075 1631 1115 et
1670 1072 1874 1114 vniuersa
1907 1085 1962 1113 ex

201 1139 430 1181 seminario
464 1142 509 1181 et
540 1139 789 1191 germanico
812 1138 1003 1191 Collegio
1023 1138 1230 1192 juuentus
1253 1139 1307 1180 ad
1330 1138 1608 1180 salutandum
1631 1138 1677 1180 P.
1704 1137 1959 1180 Generalem

201 1204 514 1257 conuenerant)
537 1204 699 1258 passim
723 1217 871 1246 omnes
894 1203 1060 1256 ingenti
1084 1203 1241 1257 gaudio
1271 1217 1322 1245 ac
1354 1203 1610 1257 hyllaritate
1642 1203 1806 1257 perfusi
1835 1204 1960 1244 sunt:

201 1269 298 1311 Jmo
341 1268 489 1324 (prout
529 1272 597 1311 est
637 1268 761 1311 nobis
802 1269 1008 1321 relatum)
1040 1269 1123 1310 toti
1162 1268 1338 1311 Ciuitati
1371 1268 1594 1310 Romanae
1627 1268 1749 1310 Haec
1781 1268 1962 1309 Patrum

202 1334 355 1376 electio
387 1333 567 1375 mirifice
600 1336 782 1388 accepta
814 1334 1084 1388 probataque
1118 1337 1197 1375 est.
1261 1334 1324 1374 Eo
1356 1334 1450 1387 ipso
1485 1333 1552 1374 die
1586 1347 1612 1374 a
1642 1332 1824 1387 prandio
1857 1332 1961 1374 Cum

202 1400 334 1442 Pater
357 1399 580 1442 Generalis
603 1413 689 1441 una
713 1413 808 1441 cum
841 1399 907 1452 ijs,
943 1399 1014 1451 qui
1049 1398 1378 1452 congregationi
1410 1398 1715 1448 interfuerant,
1749 1411 1962 1439 summum

202 1464 361 1507 Pontif.
395 1464 614 1517 salutandj
656 1464 801 1517 gratia
842 1464 1038 1506 aditurus
1081 1467 1211 1513 esset,
1254 1463 1505 1506 Jnteruenit
1545 1463 1679 1515 Regis
1711 1461 1963 1505 Lusitaniae

203 1530 395 1583 Legatus
408 1530 436 1579 5,
471 1529 542 1582 qui
575 1543 670 1570 eum
704 1543 789 1570 una
822 1529 1118 1570 comitaretur.
1164 1529 1325 1581 Jtaque
1358 1528 1485 1569 simul
1519 1542 1666 1570 omnes
1688 1528 1822 1569 Aram
1846 1526 1960 1580 Coelj

200 1594 416 1649 petijmuS,
459 1608 541 1647 quo
574 1593 779 1635 Pontifex
820 1607 870 1635 eo
911 1594 1004 1647 ipso
1043 1593 1111 1635 die
1143 1607 1198 1635 ex
1230 1596 1381 1635 sancto
1416 1594 1545 1635 Petro
1587 1593 1840 1646 migra1·at⁶.
1904 1591 1963 1633 Et

200 1659 365 1714 primus
397 1659 567 1712 quidem
602 1659 732 1701 Pater
764 1659 982 1712 generalis
1015 1673 1110 1700 culn
1144 1659 1310 1711 aliquot
1343 1658 1440 1712 alijs
1472 1658 1708 1711 ingressus,
1743 1656 1962 1700 Pontificis

199 1724 331 1778 pedes
372 1723 593 1766 osculatus
635 1726 701 1766 est
743 1723 856 1776 (sese
898 1724 1072 1765 interim
1114 1723 1175 1777 illj
1218 1726 1444 1776 totamque
1483 1723 1737 1766 societatem
1770 1722 1962 1764 officiose

201 1789 419 1831 deuouens
452 1804 502 1831 ac
533 1789 721 1831 uicissim
754 1789 834 1830 sibi
865 1788 991 1830 simul
1025 1792 1069 1831 et
1091 1788 1291 1830 societati
1314 1802 1480 1830 sacram
1506 1788 1597 1830 eius
1619 1787 1961 1830 benedictionem

201 1854 385 1908 supplex
416 1854 697 1907 efflagitans).
754 1854 879 1895 Hunc
911 1866 1014 1895 uero
1042 1853 1246 1896 Pontifex
1278 1853 1373 1907 pari
1405 1853 1709 1895 beneuolentia
1741 1855 1785 1894 et
1816 1865 1960 1893 rerum

202 1918 389 1961 omnium
431 1934 598 1961 summa
638 1919 951 1973 approbatione
992 1918 1186 1972 excepit,
1233 1918 1378 1960 dicens
1422 1918 1594 1960 interim
1636 1918 1774 1959 multa
1815 1930 1960 1958 coram

201 1984 408 2026 Lusitano
441 1985 620 2037 Legato,
654 1984 820 2037 quibus,
855 1984 954 2036 quid
988 1984 1039 2025 de
1062 1984 1194 2025 Patre
1226 1986 1375 2026 nostro
1408 1983 1497 2037 spei
1533 1983 1813 2036 concepisset,
1846 1981 1963 2023 haud

203 2050 383 2091 obscure
415 2050 683 2092 testabatur:
717 2049 793 2091 sed
814 2049 929 2091 inter
951 2049 1036 2090 alia
1058 2049 1165 2090 haec
1187 2048 1440 2102 praecipue:
1475 2048 1575 2090 Non
1596 2048 1789 2102 potuisse
1812 2060 1960 2099 quem-

203 2128 332 2167 quam
363 2114 445 2156 sibi
476 2114 713 2168 gratiorem
746 2114 801 2156 ad
824 2127 919 2156 eam
942 2114 1264 2167 praefecturam
1292 2113 1498 2167 cooptari,
1533 2115 1609 2154 aut
1632 2126 1687 2154 ex
1710 2126 1792 2165 quo
1816 2112 1959 2153 diuino

203 2179 337 2221 cultui
377 2182 421 2220 et
462 2179 595 2232 (illius
636 2181 685 2220 ut
727 2179 868 2220 uerbis
909 2179 1026 2230 utar)
1068 2178 1327 2220 exaltationi
1367 2177 1589 2220 societatis
1626 2177 1722 2230 plus
1754 2176 1960 2218 momenti

204 2257 476 2285 accessurum
509 2247 719 2297 speraret.
785 2243 890 2284 Post
931 2243 1084 2284 deinde
1125 2242 1311 2295 ingressi
1352 2242 1514 2284 caeteri
1547 2242 1701 2284 Patres
1733 2242 1824 2283 eius
1855 2241 1960 2282 item

203 2308 334 2362 pedes
383 2308 585 2361 religiose
628 2307 811 2349 osculati
853 2310 976 2357 sunt,
1022 2307 1175 2360 quibus
1214 2307 1287 2349 ille
1328 2306 1670 2348 benedictionem
1708 2305 1962 2360 jmpartitus

203 2386 288 2414 non
319 2373 578 2414 mediocrem
610 2372 906 2426 hyllaritatem
939 2385 1045 2426 prae
1077 2386 1124 2413 se
1156 2372 1270 2415 tulit.
1335 2372 1460 2413 Certe
1492 2371 1606 2413 inter
1637 2370 1723 2413 alia
1755 2371 1810 2412 ad
1836 2369 1960 2411 Lusi-

203 2437 348 2478 taniae
381 2437 592 2490 Legatum
627 2450 873 2487 conuersus,
916 2437 958 2490 hj
994 2436 1168 2490 (inquit)
1212 2436 1291 2478 viri
1333 2436 1432 2478 boni
1470 2439 1584 2486 sunt,
1625 2435 1668 2477 hi
1710 2435 1844 2477 nostri
1878 2435 1959 2476 Mi-

203 2501 300 2543 lites
334 2504 416 2543 etc.

322 2586 348 2611 a)
370 2583 507 2614 Sequitur
528 2589 619 2614 quam
639 2581 668 2613 h,
688 2590 705 2606 a
726 2583 792 2607 libr.
812 2583 901 2607 omitt.
977 2580 1005 2613 b)
1028 2583 1087 2606 Hoc
1108 2590 1130 2606 r.
1151 2590 1243 2613 supra
1266 2590 1378 2607 rer-snm
1398 2582 1539 2613 scriptum
1559 2585 1609 2605 cst.
1691 2581 1717 2612 c)
1737 2579 1856 2613 busque
1876 2588 1922 2612 ap.

325 2688 336 2707 ¹
365 2686 452 2729 „Qui
478 2688 558 2732 plus
577 2699 682 2732 quam
708 2688 862 2722 mediam
888 2690 1028 2732 partem
1055 2688 1306 2731 suffragiorum
1326 2687 1501 2727 habuerit,
1528 2687 1576 2721 sit
1593 2686 1824 2731 Praepositus
1847 2685 1959 2720 Gene-

205 2739 333 2773 ralis“:
365 2741 634 2775 Constitzctiones
659 2741 698 2775 P.
718 2740 749 2781 8,
777 2753 806 2775 c.
826 2742 856 2782 6,
884 2753 917 2775 n.
938 2741 969 2775 6.

324 2792 336 2812 2
366 2792 518 2833 „Omnes
546 2821 552 2827 .
574 2821 607 2828 ..
642 2794 736 2828 flexo
762 2796 914 2837 utroque
940 2805 1046 2836 genu,
1081 2805 1225 2827 manum
1253 2794 1329 2827 eius
1355 2793 1562 2827 osculentur
1589 2820 1596 2826 .
1617 2821 1622 2826 .
1644 2820 1651 2827 .
1693 2792 1828 2826 Deinde
1853 2791 1960 2826 simul

206 2855 327 2877 onmes
354 2845 473 2878 dicant
500 2846 570 2887 ‚Te,
597 2846 722 2888 Deum,
749 2846 991 2880 laudamus‘“:
1022 2847 1294 2880 Constitutiones
1319 2846 1343 2880 l.
1370 2858 1400 2880 c.
1426 2858 1458 2880 n.
1488 2847 1520 2880 6.

326 2897 337 2915 ³
362 2896 417 2930 Ex
444 2898 545 2932 domo
571 2899 744 2943 professa,
771 2899 933 2941 collegiis
959 2911 1104 2933 romano
1131 2902 1166 2933 et
1192 2899 1406 2942 germanico,
1434 2898 1625 2932 seminario
1651 2908 1805 2931 romano.

326 2950 337 2967 ⁴
364 2949 416 2982 Cf.
445 2950 492 2983 Lc
521 2952 549 2991 1,
577 2952 728 2986 68—79.

325 3002 337 3019 ⁵
365 3002 520 3036 Alvarus
539 3003 712 3044 Castrius,
730 3007 826 3048 puto.
862 3004 967 3037 Hunc
993 3007 1089 3038 certe
1115 3016 1155 3038 eo
1181 3015 1273 3038 anno
1292 3004 1494 3038 Sebastiani
1512 3003 1717 3037 Lusitaniae
1742 3002 1838 3045 regis
1865 3002 1958 3045 lega-

207 3051 339 3085 tionem
365 3052 497 3088 Romae
524 3055 641 3090 obisse
668 3059 886 3100 compertum
913 3059 987 3097 est3
1024 3058 1106 3091 vide
1134 3058 1359 3101 Sacchinum,
1386 3057 1480 3091 Hist.
1508 3056 1541 3090 S.
1558 3057 1590 3090 J.
1618 3056 1679 3096 III,
1710 3055 1733 3090 1.
1762 3056 1790 3096 1,
1817 3067 1850 3089 11.
1881 3055 1956 3089 129.

207 3156 218 3188 l
327 3106 339 3124 ⁶
366 3105 420 3191 {³11
430 3106 604 3202 {egicano
622 3108 658 3141 in
677 3110 784 3143 aedes
802 3109 882 3143 illas
900 3109 1219 3144 Franciscanorum
1233 3113 1382 3143 venerat
1400 3110 1519 3153 ibique
1537 3109 1729 3154 pranderat
1746 3108 1959 3152 (Saccleimcs

224 3183 229 3189 .
258 3168 286 3190 o.
312 3168 346 3190 n.
374 3160 380 3168 “
444 3180 450 3187 -
509 3185 515 3193 .
