2045 3471
191 204 275 246 840
657 201 751 235 Mon.
771 199 840 235 900
865 199 942 234 sive
968 210 1043 233 var.
1065 197 1154 242 (20).
1197 197 1254 232 20.
1272 196 1354 231 Iulii
1382 196 1485 233 1566.

312 319 429 353 Etiam
469 320 547 365 ipse
587 318 750 355 Canisius
789 317 1004 352 Germaniae
1041 314 1235 361 superioris
1276 314 1503 360 praepositus
1544 313 1776 359 provincialis
1817 313 1949 348 litteris

192 374 223 408 6.
242 372 324 407 Iulii
352 373 442 407 1566
468 373 513 407 ad
540 372 707 415 Borgiam
735 371 827 405 datis
853 371 973 404 fassus
1000 373 1066 411 est,
1092 368 1298 414 provinciae
1324 368 1537 402 detrimento
1563 367 1687 409 fuisse,
1714 367 1807 411 quod
1833 378 1949 412 neque

190 425 268 471 ipse
293 425 535 470 provincialis,
561 436 676 468 neque
705 424 802 465 (cum
827 435 848 457 a
874 435 919 457 m.
938 422 1032 457 Maio
1061 423 1150 457 1565
1177 421 1222 455 ad
1247 420 1479 455 Februarium
1508 420 1599 455 1566
1624 420 1701 465 ipse
1726 420 1878 465 primum
1905 419 1949 454 ob

192 478 382 513 Societatis
409 477 721 522 congregationem
749 475 964 520 generalem,
991 476 1117 509 deinde
1143 475 1186 508 ob
1213 473 1432 519 pontificiam
1450 473 1496 508 ad
1513 474 1699 518 episcopos
1724 475 1760 507 et
1784 484 1949 518 proceres

190 531 407 575 legationem
432 531 617 576 provincia
642 530 768 564 abesse
787 529 945 571 deberet)
967 528 1006 563 P.
1026 528 1268 562 Theodoricus
1287 526 1452 561 Canisius
1472 526 1782 571 viceprovincialis
1799 525 1951 569 collegia

191 585 282 619 satis
306 585 514 628 frequenter
539 583 689 618 visitare
714 582 935 627 potuissent;
962 593 1000 616 se
1027 582 1121 615 enim
1147 581 1351 615 contionum
1378 580 1565 624 Augustae
1591 581 1627 614 in
1653 579 1806 614 ecclesia
1831 579 1950 613 cathe-

193 637 283 672 drali
318 637 559 672 habendarum
587 636 715 676 officio,
750 635 899 669 fratrem
934 634 1185 668 universitatis
1219 633 1434 678 collegiique
1468 633 1643 677 dilingani
1677 632 1951 667 administrandi

192 702 340 725 munere
366 691 540 724 distentos
567 701 664 730 esse;
692 701 725 723 v.
753 699 861 732 supra
888 700 921 733 p.
940 688 1019 723 276.

195 812 305 848 ooo
333 813 410 847 sive
436 820 550 847 var.
571 809 710 856 (20).
784 807 946 845 20.1uiii
972 807 1067 845 1566.

313 883 368 917 Ex
393 883 594 917 litterarum
620 880 841 915 fundationis
867 880 1073 925 apographo
1099 879 1160 923 (A)
1192 880 1313 914 eodem
1340 881 1500 924 tempore
1525 879 1670 924 scripto,
1705 878 1749 912 ab
1775 878 1852 923 ipso
1878 889 1952 912 car-

195 936 303 971 dinali
329 935 526 970 Truchsess
561 934 754 977 recognito,
789 933 934 976 Dilinga
962 934 1111 967 Romam
1142 933 1187 967 ad
1214 933 1248 967 S.
1271 933 1503 967 Franciscum
1537 932 1580 966 de
1607 932 1738 976 Borgia
1763 930 1954 966 Societatis

194 990 435 1034 praepositum
463 988 668 1031 generalem
694 987 822 1027 misso3
863 986 1003 1029 „Germ.
1023 986 1107 1031 Sup.
1126 986 1238 1021 Fund.
1257 986 1291 1019 l“
1322 986 1346 1021 f.
1366 985 1598 1020 33312—3334.
1648 984 1782 1019 Eadem
1807 986 1954 1018 exstant

194 1043 230 1076 in
255 1041 511 1087 posterioribus
537 1040 607 1074 illis
633 1040 765 1074 litteris
790 1039 1020 1081 fundationis,
1047 1051 1137 1083 quas
1163 1039 1255 1073 idem
1275 1038 1468 1073 cardinalis
1486 1039 1598 1072 Roma
1625 1038 1681 1073 25.
1701 1037 1835 1082 Aprilis
1863 1037 1954 1071 1569

195 1095 310 1135 dedit3
347 1106 469 1128 earum
495 1093 739 1138 apographum
769 1093 828 1136 (B)
858 1093 930 1126 vidi
958 1092 1125 1136 Dilingae
1159 1092 1195 1126 in
1222 1092 1439 1126 bibliotheca
1473 1092 1584 1135 regia,
1619 1091 1654 1124 M
1675 1091 1697 1126 S
1716 1089 1876 1135 Stempfl.
1903 1089 1954 1123 III

197 1148 265 1191 (20)
293 1160 327 1182 n.
349 1148 400 1182 15.
418 1148 438 1182 ¹.
488 1147 705 1180 Litterarum
733 1148 870 1191 partem
900 1145 975 1190 (R),
1011 1157 1117 1190 quam
1152 1145 1245 1179 infra
1271 1157 1410 1190 ponam,
1445 1157 1558 1190 paene
1583 1147 1696 1178 totam
1727 1144 1955 1188 „excerptam

196 1213 241 1235 ex
266 1200 381 1234 literis
407 1199 626 1234 fundationis
645 1227 650 1234 .
671 1227 678 1234 .
698 1200 801 1233 Anno
829 1199 914 1234 Clo.
930 1199 986 1233 10.
1003 1198 1134 1232 LX1X“
1158 1198 1251 1232 datis
1271 1198 1437 1242 vulgavit
1455 1200 1632 1241 Raderus,
1651 1196 1735 1232 Can.
1758 1195 1954 1230 124—126.

196 1253 398 1287 Particulas
432 1255 648 1297 posuerunt:
686 1253 902 1296 Sat-chinus,
939 1251 1023 1286 Can.
1057 1252 1143 1292 205;
1185 1252 1319 1295 Spectat,
1354 1251 1483 1286 Gesch.
1512 1252 1543 1285 d.
1571 1251 1638 1285 Un.
1665 1249 1848 1293 Dillingen
1874 1249 1955 1289 56¹;

197 1309 370 1351 Doriqny,
399 1307 499 1340 Riess
524 1308 590 1340 etc.

318 1378 526 1412 cardinalis
557 1376 744 1410 Trnchsess
780 1378 817 1409 in
851 1376 978 1409 litteris
1011 1377 1237 1418 fundationis
1272 1376 1407 1418 collesyii
1431 1375 1612 1418 dilinyani
1643 1375 1876 1417 pronuntiat:
1911 1373 1956 1406 Se

197 1433 244 1465 (td
270 1443 346 1464 eam
369 1432 616 1472 fundationem
643 1431 835 1463 adductum
861 1441 929 1463 esse
955 1430 1102 1463 consilio
1130 1430 1167 1462 P.
1187 1429 1286 1462 Petri
1311 1430 1351 1462 de
1378 1429 1459 1462 Soto
1490 1429 1526 1462 Ο.
1546 1428 1608 1461 Pr.
1635 1432 1664 1460 et
1688 1428 1867 1470 frequenti
1891 1437 1956 1459 sua

198 1496 274 1518 omn
302 1485 483 1518 Socz'etccte's
509 1484 718 1524 hominibus,
747 1485 901 1515 maxime
928 1494 1005 1515 cuni
1032 1483 1101 1515 PP.
1122 1483 1201 1515 Iccio
1227 1487 1255 1514 et
1286 1481 1440 1525 Canisio,
1468 1481 1727 1514 consuetudine.
1773 1480 1957 1516 Canisiicm

198 1539 239 1571 de
263 1538 410 1570 dioecesi
434 1541 636 1579 aumas-tana
664 1537 850 1579 insiyniter
875 1537 1039 1569 meritum
1065 1546 1144 1569 esse.
1196 1536 1401 1569 Societatem
1429 1535 1554 1578 ubique
1579 1535 1737 1567 ecclesiae
1760 1534 1957 1576 plurimum

201 1592 365 1624 utilitatis
390 1591 531 1633 afferre.

320 1662 569 1703 Cardinalis
604 1661 693 1702 Otto
732 1661 958 1702 Truclzsess
1001 1660 1052 1701 de
1093 1660 1338 1714 Walclburq,
1383 1662 1596 1715 episcopus
1638 1659 1881 1700 albanensis
1922 1662 1958 1699 et

201 1731 476 1781 auqustanzcs,
519 1728 563 1768 in
605 1727 755 1767 litteris
793 1726 1067 1778 fundationis
1109 1730 1145 1767 et
1187 1726 1413 1766 dotationis
1451 1725 1609 1779 colteqii
1640 1724 1858 1765 Soeietatis
1891 1723 1957 1763 di-

199 1793 377 1847 Zingyani,
419 1792 598 1846 Dilinya
629 1794 700 1832 20.
724 1792 828 1832 Iulii
861 1792 977 1833 1566
1010 1791 1138 1843 datis,
1182 1805 1273 1831 cum
1317 1792 1530 1845 colleyiuni
1563 1791 1606 1831 S.
1630 1789 1884 1843 Hieronymi
1923 1792 1960 1829 et

205 1857 514 1898 universitatem
537 1857 740 1910 Dilinyae
772 1870 796 1896 α
830 1869 873 1897 se
905 1855 1074 1896 condita
1109 1869 1195 1896 esse
1227 1860 1461 1908 narrasset,
1495 1855 1596 1896 haec
1618 1854 1811 1895 addidit:
1843 1852 1960 1894 Usus

201 1920 376 1962 consilio
409 1921 669 1974 prudentum
702 1919 906 1967 uirorum,
941 1921 985 1961 et
1017 1919 1199 1972 singulis
1231 1922 1386 1961 exacte
1419 1917 1718 1968 consideratis,
1751 1918 1842 1958 Deo
1867 1916 1960 1969 qui-

203 1985 297 2026 dem
329 1985 582 2039 inspirante,
615 1987 660 2026 et
691 1984 902 2026 suadente
925 1983 1057 2025 etiam
1089 1983 1169 2025 hoc
1191 1984 1414 2037 praedicto
1437 1983 1569 2025 Patre
1591 1983 1721 2025 Petro
1753 1981 1805 2023 de
1827 1981 1961 2024 Soto2

202 2050 312 2101 (sine
344 2064 426 2102 quo
449 2063 667 2102 nunquam
690 2048 952 2103 potuissem²³
973 2051 1142 2091 tantum
1172 2062 1278 2102 opus
1309 2047 1553 2095 inchoareb,
1587 2050 1631 2090 et
1664 2060 1853 2099 eousque
1884 2059 1961 2100 per

204 2115 358 2156 ducere
369 2114 398 2167 ⁰)
422 2114 520 2155 veni
542 2114 718 2156 tandem
739 2113 783 2155 in
805 2113 915 2155 hanc
937 2113 1213 2162 sententiam,
1248 2113 1366 2154 nulla
1387 2112 1612 2163 stabiliori,
1646 2114 1777 2165 atque
1799 2110 1961 2154 utiliori

204 2179 287 2225 uia,
313 2213 320 2221 .
347 2213 355 2221 .
382 2214 389 2222 .
413 2178 601 2233 prospici
622 2192 762 2232 posse,
798 2192 926 2231 quam
959 2178 994 2219 si
1023 2178 1208 2219 nouumd
1240 2178 1356 2220 aliud
1379 2177 1614 2230 Collegium
1637 2191 1714 2230 pro
1737 2175 1961 2218 Patribuse

205 2243 426 2286 societatis
458 2243 555 2285 Iesu
587 2243 829 2296 Delingae‘,
864 2257 958 2284 cum
991 2242 1249 2296 necessarijs
1281 2243 1520 2284 redditibus
1548 2241 1802 2295 erigeretur,
1836 2240 1961 2283 dota-

204 2312 338 2358 retur,
361 2311 492 2361 atque
513 2308 690 2362 ijsdemg
711 2308 921 2362 patribus,
944 2310 1153 2361 tanquam
1176 2307 1242 2348 his
1264 2308 1425 2349 nostris
1443 2306 1734 2349 calamitosish
1755 2305 1961 2360 tempori-

206 2373 285 2414 bus
318 2373 373 2414 ad
404 2387 558 2414 munus
591 2373 784 2423 docendi,
826 2375 870 2414 et
911 2386 1053 2414 mores
1093 2372 1187 2426 pios
1228 2375 1359 2425 atque
1401 2371 1668 2414 Christianos
1707 2370 1960 2413 instituendi

207 2437 485 2489 singulariter
516 2452 542 2479 a
574 2437 664 2479 Deo
698 2437 860 2480 dotatis
892 2439 987 2479 tota
1019 2451 1122 2478 cura
1154 2436 1554 2491 superintendentia
1591 2435 1866 2489 guberniumi
1897 2435 1962 2477 in-

207 2502 376 2544 stitutio
420 2504 551 2555 atque
595 2501 789 2555 regimen
833 2502 1143 2552 alumnorumk,
1189 2504 1234 2544 et
1275 2502 1569 2544 conuictorum
1602 2501 1779 2554 Collegij
1821 2500 1962 2543 sancti

208 2566 475 2620 Hieronymi,
519 2569 562 2608 et
602 2567 738 2609 totius
780 2566 1077 2609 uniuersitatis
1117 2567 1265 2617 libere,
1308 2569 1352 2609 et
1392 2566 1561 2619 integre
1603 2565 1959 2608 committeretur.

210 2631 277 2671 Ad
308 2630 389 2672 hoc
422 2631 554 2672 etiam
585 2631 828 2672 faciendum
861 2631 1089 2685 plurimum
1114 2632 1303 2674 animum
1335 2645 1476 2673 meum
1509 2634 1737 2673 mouerunt
1759 2630 1963 2672 diuturna

211 2694 397 2747 cognitio
421 2695 488 2736 ac¹
508 2696 784 2744 consuetudo,
809 2699 853 2738 et
870 2696 1152 2750 experientia,
1177 2710 1304 2748 quam
1326 2695 1456 2738 habui
1480 2709 1574 2737 cum
1597 2695 1744 2738 multis
1761 2695 1962 2736 Patribus

330 2774 357 2804 a)
378 2774 530 2806 potuisset
549 2776 584 2800 R.
658 2774 688 2803 b)
708 2775 844 2800 inchoari
864 2777 899 2800 R.
983 2778 1007 2802 ci
1029 2775 1157 2808 produci
1177 2777 1211 2801 B.
1295 2775 1324 2805 d)
1345 2777 1405 2800 Hoc
1424 2783 1449 2800 v.
1469 2783 1525 2800 non
1545 2778 1586 2799 est
1605 2775 1685 2806 apud
1705 2776 1753 2806 Sp.
1832 2774 1859 2805 e)
1881 2773 1963 2806 quod

211 2812 339 2884 lfJatpugn
359 2816 392 2839 R.
480 2815 507 2846 f)
527 2815 665 2848 Dilingae
686 2817 712 2841 R
732 2818 779 2849 Sp.
867 2823 898 2847 g>
919 2816 950 2847 h)
971 2817 991 2848 i)
1012 2819 1073 2842 Hoc
1094 2825 1117 2842 υ.
1136 2825 1191 2841 non
1213 2820 1255 2842 est
1273 2817 1353 2848 αμα]
1373 2817 1407 2841 R.
1488 2816 1518 2847 k)
1539 2815 1675 2848 regimen
1696 2815 1777 2841 aliud
1797 2822 1910 2841 nouum
1930 2816 1964 2841 R.

254 2862 268 2880 e
332 2875 337 2880 .

334 2961 343 2979 ¹
369 2960 450 2994 Alia
476 2962 682 3006 apographa
717 2966 949 2997 recensentur
975 2975 995 2997 a
1023 2965 1145 3007 Speeht
1172 2963 1193 2998 l.
1214 2976 1242 2998 c.
1270 2963 1342 2998 61¹.
1393 2963 1438 2997 Et
1472 2963 1630 3008 priorum
1657 2966 1691 2997 et
1726 2963 1962 3008 posteriorum

214 3010 413 3046 litterarum
441 3015 638 3059 archetypa
663 3016 799 3059 perisse
827 3016 1004 3050 videntur.

333 3064 346 3084 2
372 3065 607 3100 Doctissimus
642 3068 696 3101 vir
730 3068 861 3102 Petrus
898 3069 940 3102 de
978 3069 1062 3103 Soto
1097 3069 1137 3103 O.
1165 3069 1223 3103 Pr.
1262 3068 1298 3111 (†
1327 3068 1430 3112 1563)
1473 3081 1517 3102 ex
1554 3069 1678 3113 primis
1714 3068 1964 3102 universitatis

216 3116 417 3202 dblinggmae
453 3120 712 3162 professoribus
746 3120 967 3164 summisque
1001 3122 1159 3155 eiusdem
1195 3122 1412 3156 ornamentis
1447 3121 1583 3162 fuerat;
1616 3121 1697 3155 vide
1724 3122 1849 3164 specht
1883 3121 1905 3155 l.
1933 3132 1963 3154 c.

271 3188 300 3192 —
335 3171 353 3202 :3
380 3171 436 3204 49,
