2045 3471
692 201 879 236 Monachio
905 201 962 235 21.
989 201 1075 236 Maii
1104 202 1204 237 1567.
1558 232 1561 234 -
1738 203 1819 244 471

62 318 318 372 praesertim
351 320 399 361 ut
431 319 618 361 sciamus
651 320 751 372 quid
784 319 1015 374 Oeniponti
1048 323 1092 362 et
1124 319 1338 373 Monachij
1381 319 1439 363 sit
1478 319 1820 374 respondendum

62 382 240 436 Reginis
263 386 307 426 et
329 383 522 425 Ducissis
537 385 564 435 1,
598 399 692 426 cum
716 385 947 438 aliquando
970 384 1152 437 collegia
1174 385 1244 426 uel
1276 384 1425 427 hortos
1448 385 1599 427 uolunt
1621 384 1820 433 inuisere,

62 461 141 489 nec
174 448 227 490 ab
261 447 502 502 Ordinarijs
534 451 693 491 norunt
730 463 887 491 nouam
927 449 1038 491 hanc
1069 448 1290 491 Pontificis
1331 449 1675 503 prohibitionem,
1718 448 1823 490 nisia

63 513 243 554 eandem
275 512 359 554 illis
392 527 469 555 nos
502 514 779 567 promulgare
813 514 1057 556 debeamus,
1122 513 1330 567 Quicquid
1371 516 1518 556 autem
1550 513 1822 568 responderit

63 578 108 620 P.
133 577 179 620 T.
204 591 282 619 nos
315 577 424 620 citra
458 577 688 620 discrimen
719 593 1001 632 personarum
1034 578 1279 620 executioni
1312 578 1679 621 demandabimus.

181 641 403 684 Admoniti
446 656 615 693 sumus,
660 657 713 684 ne
760 646 863 685 ante
906 643 1150 697 proximum
1197 645 1451 685 autumnum
1496 643 1551 684 ad
1595 642 1822 695 collegium

63 706 366 749 Germanicum
398 706 584 760 aliquem
617 707 900 751 mitteremus.
964 707 1090 749 Nunc
1123 707 1296 760 quidam
1329 706 1492 761 egregij
1527 707 1824 749 adolescentes

63 785 112 813 eo
144 771 259 814 mitti
292 772 431 813 adhuc
472 772 718 825 postulant;
762 775 867 825 quot
900 774 1045 814 autem
1077 772 1133 813 ali
1166 771 1334 826 possint
1365 785 1450 813 non
1482 771 1584 823 suis,
1628 771 1704 813 sed
1736 771 1823 813 col-

61 836 163 890 legij
206 836 460 890 sumptibus,
504 850 554 878 ac
586 836 768 879 Romam
810 851 937 891 porro
979 836 1094 879 mitti
1130 836 1327 878 autumni
1366 840 1573 890 tempore,
1616 836 1740 890 cupio
1781 835 1822 877 id

62 901 184 943 nobis
217 901 438 955 explicari.

181 965 302 1016 Quod
343 966 397 1008 ad
439 966 668 1020 collegium
711 966 1058 1020 Oenipontanum
1103 966 1276 1016 attinet,
1321 965 1429 1008 satis
1473 966 1634 1008 multas
1677 965 1822 1007 audiui

63 1030 261 1083 querelas
293 1033 384 1072 tum
419 1030 616 1073 Hectoris
648 1031 693 1073 P.
718 1031 870 1084 Lanoy
903 1034 1054 1073 contra
1085 1031 1261 1081 fratres,
1304 1033 1397 1073 tum
1429 1030 1581 1072 horum
1614 1030 1822 1072 aduersus

63 1096 294 1138 Rectorem
326 1096 521 1138 eundem.
575 1095 739 1137 Redibo
773 1096 828 1138 ad
859 1096 957 1138 illos
989 1096 1189 1138 absoluta
1230 1096 1395 1150 synodo
1428 1096 1699 1149 Augustam,
1742 1094 1823 1137 nisi

63 1160 178 1202 aliud
210 1160 428 1214 impediat,
463 1174 514 1202 ac
546 1159 864 1202 uisitationemb
886 1160 1153 1213 singulorum
1176 1160 1454 1214 collegiorum
1478 1159 1622 1202 ordiar
1653 1160 1706 1201 in
1737 1173 1822 1201 no—

62 1225 202 1267 mine
234 1225 490 1268 Domini2.
544 1224 671 1266 Nunc
703 1227 879 1278 gustum
912 1223 1132 1280 coepi⁰[P]
1156 1227 1327 1267 tantum
1360 1225 1412 1267 de
1444 1224 1672 1279 principali
1703 1226 1822 1266 statu

62 1304 219 1340 rerum,
253 1290 325 1343 qui
357 1293 424 1332 est
458 1289 690 1344 Oeniponti
723 1290 906 1343 quidem,
950 1304 1078 1343 quam
1111 1289 1225 1340 alibi,
1268 1290 1574 1343 perturbatior.
1638 1289 1821 1331 Causam

63 1369 143 1409 ego
184 1354 405 1397 meliorem
447 1355 550 1397 dare
591 1369 675 1396 non
717 1369 905 1409 possum,
948 1355 1030 1396 nisi
1063 1354 1176 1408 quod
1207 1354 1463 1407 gubernatio
1495 1354 1620 1396 huius
1653 1353 1821 1408 collegij

63 1420 141 1461 sub
173 1420 316 1474 priore
348 1420 535 1462 Rectore
566 1419 709 1461 Dirsio
742 1420 885 1461 laxior
915 1419 1062 1469 fuerit,
1104 1419 1183 1461 sub
1214 1419 1294 1461 hoc
1327 1422 1473 1461 autem
1505 1418 1697 1461 seuerior
1728 1432 1822 1460 esse

63 1485 266 1538 coeperit.
321 1485 651 1538 Conqueruntur
684 1498 786 1538 ergo
811 1484 1008 1534 ministri,
1042 1498 1088 1526 se
1110 1498 1195 1526 non
1217 1497 1345 1538 posse
1376 1483 1475 1525 huic
1496 1483 1671 1526 Rectori
1695 1483 1823 1526 satis-

61 1549 208 1591 facere
231 1550 484 1603 :ingratum
516 1563 611 1591 esse
644 1549 845 1602 quicquid
876 1549 959 1603 ipsi
991 1549 1215 1598 tentarint,
1250 1563 1296 1591 se
1329 1548 1548 1602 obiurgari
1581 1548 1740 1599 durius,
1779 1551 1822 1590 et

61 1614 222 1656 fratres
255 1628 402 1656 omnes
434 1629 519 1656 non
551 1628 651 1656 raro
685 1614 880 1668 asperius
912 1613 1071 1664 taxari,
1106 1614 1217 1667 quod
1240 1613 1327 1656 sint
1349 1613 1539 1664 iuuenes,
1573 1613 1714 1663 aulici,
1749 1613 1822 1655 de-

61 1679 193 1730 licati,
236 1680 447 1722 carnales.
520 1680 752 1721 Rectorem
794 1679 977 1721 eundem
1017 1678 1297 1733 impatienter
1334 1682 1378 1721 et
1419 1678 1634 1721 concitate
1676 1692 1820 1731 agere,

62 1745 199 1787 multa
231 1758 360 1798 saepe
392 1748 575 1793 mutare,
609 1747 658 1787 ut
689 1758 735 1786 se
767 1744 961 1797 aliosque
992 1744 1230 1797 perturbet,
1265 1743 1326 1785 sic
1356 1743 1500 1785 timeri
1531 1743 1671 1796 magis
1693 1757 1820 1796 quam

180 1826 207 1856 a)
229 1826 368 1857 Sequitur
387 1824 472 1856 hanc,
492 1833 509 1849 α
531 1826 559 1849 C.
580 1825 785 1849 oblitteratum.
857 1823 886 1856 b)
907 1824 1045 1855 Sequitur
1064 1824 1104 1855 et,
1124 1832 1142 1849 α
1162 1824 1191 1849 0.
1211 1824 1300 1849 omitt.
1368 1824 1394 1855 c)
1416 1824 1480 1855 Sic,·
1502 1825 1530 1849 C.
1550 1824 1677 1849 scribere
1698 1824 1820 1849 voluisse

61 1867 194 1892 videtur:
212 1867 286 1900 cepi.

61 1966 415 2006 Mal-chionissarum,
443 1968 509 2000 etc.
537 1978 617 2000 cum
643 1967 678 1999 in
705 1966 776 2000 illis
802 1966 913 2000 maior
939 1966 987 2000 sit
1013 1966 1104 2000 ratio
1131 1965 1326 2006 dubitandi,
1354 1977 1460 2010 quam
1487 1966 1522 1999 in
1548 1966 1659 1999 istis.“
1706 1964 1819 1999 Simul

61 2022 182 2053 tamen
209 2019 330 2060 refert,
356 2031 419 2063 per
446 2018 659 2062 Gregorium
678 2019 775 2053 XIII.
797 2019 1064 2063 (1572—1585)
1092 2018 1260 2062 religioso
1287 2018 1428 2053 cuidam
1455 2018 1531 2053 viro
1558 2018 1691 2052 ordinis
1717 2018 1820 2052 Mini-

61 2084 208 2114 morum,
249 2073 445 2116 quaerenti,
482 2084 566 2106 num
606 2084 668 2117 per
707 2083 783 2106 eam
824 2072 1115 2106 constitutionem
1151 2074 1248 2106 esset
1286 2071 1519 2115 „derogatum
1553 2083 1639 2105 suae
1673 2070 1819 2114 regulae

61 2125 293 2167 concessioni,
320 2128 361 2159 vt
386 2125 550 2169 singulae
575 2125 748 2159 Dominae
775 2125 816 2158 de
843 2125 956 2170 stirpe
975 2125 1090 2168 Regia
1115 2127 1335 2170 procreatae,
1363 2136 1405 2159 ac
1432 2125 1539 2158 etiam
1566 2135 1688 2158 omnes
1713 2123 1819 2158 huius

61 2179 195 2213 ordinis
230 2179 472 2212 fundatrice&
511 2179 729 2212 monasteria
764 2178 898 2212 ordinis
929 2179 1097 2221 „visitare
1135 2177 1410 2218 tolera1·entu1·“,
1447 2189 1492 2211 ex
1526 2177 1705 2211 sententia
1731 2176 1819 2211 Con-

61 2232 283 2275 gregationis
322 2231 468 2266 Concilii
506 2231 704 2265 Tridentini
742 2242 954 2276 responsum
992 2243 1090 2266 esse:
1138 2231 1235 2274 „Non
1277 2231 1416 2265 censeri
1455 2231 1664 2273 derogatum
1703 2230 1818 2273 quoad

61 2284 228 2328 Reginas,
263 2285 322 2319 vel
357 2284 578 2319 fundatrices
605 2284 800 2319 duntaxat“
834 2288 908 2328 (qu.
935 2285 992 2326 48,
1019 2287 1085 2319 art.
1116 2286 1145 2325 1,
1171 2296 1205 2318 n.
1236 2284 1282 2327 1).
1333 2284 1454 2328 Atque
1486 2284 1636 2317 Thomas·
1663 2283 1820 2317 Sanchez

64 2340 100 2381 (†
129 2338 234 2380 1610)
264 2337 298 2372 S.
325 2338 356 2372 J.
384 2337 573 2382 theologus
608 2338 815 2382 praeclarus
851 2337 990 2372 censuit
1027 2349 1071 2371 ne
1106 2337 1200 2372 filias
1237 2337 1379 2381 quidem
1415 2337 1620 2379 reginarum
1656 2347 1696 2369 ea
1732 2335 1819 2370 Gre-

61 2392 151 2435 gorii
177 2391 272 2425 XIII.
299 2392 478 2425 sententia
504 2390 692 2436 prohiberi,
721 2391 909 2435 quominus
935 2390 1153 2425 monasteria
1179 2391 1371 2429 int1·arent;
1407 2400 1468 2423 eas
1494 2389 1585 2422 enim
1613 2389 1817 2432 reginarum

61 2444 201 2479 nomine
234 2444 483 2489 comprehendi
522 2443 637 2489 (Opus
671 2444 805 2478 morale
840 2445 875 2477 in
911 2444 1110 2488 Praecepta
1145 2442 1315 2486 Decalogi
1353 2442 1375 2476 l.
1413 2442 1452 2483 6,
1489 2453 1516 2476 c.
1548 2443 1600 2483 17,
1639 2454 1672 2476 n.
1705 2442 1743 2482 5;
1783 2442 1818 2475 in

61 2498 215 2532 editione
241 2497 406 2541 Lugduni
434 2497 521 2532 1621
550 2498 647 2531 facta
674 2497 705 2531 II
733 2498 829 2539 235).
880 2497 932 2531 De
968 2496 1256 2541 imperatricibus
1291 2497 1410 2529 autem
1447 2506 1639 2538 earumque
1675 2494 1818 2530 filiabus

61 2551 154 2585 idem
193 2553 228 2585 et
269 2563 289 2584 a
330 2550 454 2585 multis
491 2551 585 2584 tradi
621 2553 657 2584 et
694 2551 737 2585 ab
777 2550 940 2584 omnibus
978 2550 1115 2584 servari
1156 2549 1267 2583 refert
1305 2550 1392 2582 Luc.
1430 2548 1602 2581 Fer-raris
1636 2547 1678 2581 Ο.
1704 2547 1740 2581 F.
1769 2547 1817 2582 M.

64 2605 101 2647 (†
126 2603 191 2638 sub
218 2603 372 2637 medium
399 2615 492 2638 saec.
519 2603 676 2646 XV111);
705 2605 764 2647 qui
792 2604 900 2637 etiam
927 2603 1045 2637 addit:
1083 2602 1161 2645 „Sic
1188 2602 1295 2635 etiam
1323 2601 1445 2645 praxis
1471 2600 1614 2633 videtur
1640 2600 1818 2634 contraria

61 2657 104 2691 de
122 2657 285 2691 Ducissis
312 2668 478 2701 suprema
497 2656 723 2697 auctoritate,
747 2656 997 2701 jurisdictione
1016 2655 1267 2699 gaudentibus,
1296 2656 1331 2688 et
1352 2654 1393 2687 de
1412 2652 1696 2693 Fundatricibus,
1723 2653 1818 2697 apud

61 2710 192 2755 plures,
228 2709 311 2753 quia
336 2709 428 2744 tales
454 2709 627 2744 Ducissae
659 2709 694 2743 in
721 2709 796 2743 suis
823 2709 1016 2743 ditionibus
1042 2708 1322 2752 aequiparantur
1348 2705 1507 2748 Reginis,
1543 2716 1623 2739 cum
1658 2706 1693 2739 in
1729 2705 1818 2750 ipsis

60 2774 227 2808 suprema
253 2762 434 2805 gaudeant
460 2762 683 2803 auctoritate,
711 2767 747 2796 et
769 2762 1028 2807 jurisdictione,
1068 2773 1108 2795 ac
1136 2761 1233 2805 ipsae
1260 2760 1439 2802 Reginae*
1472 2759 1659 2802 (l'rompta
1686 2758 1814 2792 Biblio-

61 2815 165 2850 theca
192 2815 362 2850 canoniea
388 2818 467 2856 ete„
493 2816 528 2849 in
555 2827 589 2849 v.
613 2815 861 2857 „Conventus“
892 2818 958 2848 art.
985 2815 1017 2855 3,
1044 2826 1076 2847 n.
1104 2812 1263 2852 20—22;
1296 2812 1331 2845 in
1358 2811 1511 2845 editione
1538 2823 1558 2844 a
1584 2812 1612 2844 Ι.
1633 2812 1672 2844 1².
1699 2812 1818 2855 Missne

62 2871 185 2903 curata
211 2868 320 2910 T.11,
359 2868 509 2911 Parisiis
543 2868 644 2909 1861,
682 2867 944 2910 1505-1506).
996 2869 1113 2910 Atque
1149 2865 1238 2899 haec
1276 2865 1318 2898 de
1355 2865 1579 2908 superiorum
1618 2866 1816 2908 temporum

62 2920 268 2966 disciplina;
305 2932 420 2965 neque
447 2922 540 2955 enim
566 2921 608 2955 de
634 2921 815 2966 praesenti
851 2922 970 2954 aetate
997 2920 1192 2963 quidquam
1218 2918 1378 2962 proferre
1405 2916 1524 2950 velim.
1575 2916 1651 2951 Hoc
1676 2918 1816 2951 tantum

61 2974 170 3008 addo:
210 2973 431 3008 Sententiam
457 2973 597 3008 Natalis
630 2973 782 3016 collegia
809 2971 1000 3006 Societatis
1035 2971 1076 3005 de
1104 2971 1272 3005 clausura
1298 2969 1428 3015 papali,
1456 2980 1562 3013 quain
1589 2972 1730 3011 vocant,
1758 2981 1815 3004 ex-

62 3026 205 3061 imentis
239 3026 316 3071 ipso
352 3027 422 3061 iam
454 3026 597 3061 saeculo
624 3026 719 3059 XVI.
755 3025 934 3060 sententia
969 3024 1148 3058 contraria
1183 3023 1270 3057 vicit
1305 3022 1560 3067 superavitque
1597 3022 1815 3066 (Ins-titutum

63 3078 98 3115 S.
117 3080 149 3114 J.
177 3080 191 3112 l
218 3079 315 3123 539).

183 3133 192 3151 ²
218 3131 270 3166 De
296 3132 449 3166 ducissis
476 3131 749 3165 monacensibus
777 3130 858 3164 vide
885 3141 992 3174 supra
1019 3141 1052 3174 p.
1080 3129 1166 3163 353¹
1190 3129 1271 3162 441.

181 3184 194 3204 ²
221 3184 275 3217 Ex
302 3185 357 3226 33,
386 3185 439 3219 19.
492 3184 539 3218 l's
566 3184 643 3225 117,
676 3184 716 3217 10
746 3184 783 3217 11
816 3183 857 3216 12
884 3183 938 3216 25.
991 3184 1059 3216 Act
1084 3183 1116 3221 4,
1145 3182 1206 3221 10;
1235 3182 1266 3222 9,
1294 3181 1350 3216 28.
1404 3181 1418 3215 1
1453 3180 1520 3215 Cor
1546 3181 1578 3222 5,
1605 3181 1627 3215 4
1654 3184 1719 3216 etc.
