2045 3471
702 197 849 240 Dilinga
874 196 929 231 23.
956 196 1037 231 Iulii
1065 197 1166 232 1567.
1734 199 1818 239 519

54 316 128 370 qui
160 319 371 370 superest,
413 315 654 358 huiusmodi
695 316 916 370 asperiora
952 314 1336 370 medicamen[ta]‘³
1376 315 1492 358 ferre
1523 330 1608 358 non
1640 315 1817 370 possitb,

53 385 146 423 tum
180 380 280 434 quia
311 381 398 424 sint
425 381 506 423 hac
528 381 697 423 ratione
718 381 857 435 magis
879 380 1152 423 aduersarios
1174 380 1399 430 irritaturi,
1434 395 1613 434 quorum
1647 380 1817 434 quidem

54 445 244 497 insidias,
286 445 424 488 minas
466 449 510 489 et
543 446 823 500 cupiditatem
856 445 1002 488 multis
1040 445 1177 487 modis
1210 445 1510 488 extimescunt.
1562 446 1709 504 *Deest
1741 460 1818 500 pa-

54 510 243 553 storibus
283 511 444 553 nostris
485 512 628 553 nescio
670 525 752 564 quo
784 514 926 565 pacto,
969 510 1126 553 mentis
1165 511 1322 552 fiducia
1363 513 1408 552 et
1439 511 1662 562 fortitudo,
1706 511 1819 563 quod

54 590 146 618 rem
187 575 541 618 Ecclesiasticam
582 576 675 618 fere
715 576 759 617 in
802 575 1034 618 Germania
1074 575 1349 630 desperatam
1393 577 1569 629 putent,
1619 576 1819 629 quodque

53 654 214 695 paucos
247 642 322 682 aut
353 641 518 682 nullos⁶
557 655 580 682 e
612 641 902 695 principibusd
941 640 1004 682 rei
1037 640 1283 682 Catholicae
1324 642 1593 694 protectores
1626 641 1817 691 uideant,

54 705 207 758 quibus
238 708 334 747 tuto
364 705 523 755 fidant,
558 706 670 759 quod
701 709 930 760 praeterea
961 707 1029 748 tot
1059 705 1350 759 Episcopatus
1381 719 1466 746 non
1498 706 1636 746 solum
1668 719 1694 747 a
1725 719 1819 747 sec-

53 770 179 824 tarijs
210 770 384 823 indigne
405 770 601 821 tractari,
634 771 709 812 sed
732 771 864 813 etiam
895 785 1071 825 prorsus
1094 770 1277 824 opprimi
1298 770 1415 811 nullo
1437 770 1523 812 iam
1546 773 1818 824 repugnante

50 828 282 878 sentiant&
346 835 469 877 Vnde
509 850 711 889 magnam
759 839 804 878 et
851 839 1015 878 certam
1062 835 1160 889 alijs
1201 835 1534 890 Episcopatibus
1581 835 1814 889 perniciem

52 900 235 942 credunt
270 900 507 950 imminere,
550 901 807 954 praesertim
850 915 944 942 cum
987 901 1332 942 aduersariorum
1375 899 1588 954 cupiditas
1620 900 1673 942 ad
1707 900 1819 942 Cleri

53 965 166 1007 bona
192 967 236 1007 et
258 965 505 1007 Catholicae
526 965 764 1018 Religionis
787 965 880 1007 iura
903 965 1097 1016 delenda,
1131 965 1296 1018 sibique
1328 979 1504 1019 prorsus
1527 965 1818 1019 adiungenda,

53 1029 325 1084 inexplebilis
357 1044 452 1071 esse
484 1030 697 1073 uideatur.
752 1030 860 1080 Quid
891 1030 1059 1073 multa?
1112 1030 1378 1073 Laboramus
1410 1032 1454 1072 et
1486 1030 1681 1083 grauiter
1713 1044 1818 1072 sane

52 1094 96 1136 in
137 1095 218 1137 hac
258 1109 426 1137 summa
465 1097 557 1137 tum
598 1095 849 1149 Religionis,
891 1098 984 1138 tum
1023 1095 1204 1149 Jmperij
1249 1095 1598 1149 perturbatione:
1644 1096 1817 1137 morbos

51 1160 135 1214 ipsi
155 1163 328 1203 nostros
351 1160 510 1203 diutius
532 1160 647 1202 ferre
670 1175 754 1202 non
777 1174 1016 1214 possumus,
1050 1174 1128 1203 nec
1150 1161 1420 1203 admittimus
1448 1163 1597 1203 tamen
1628 1161 1818 1203 medica-

51 1228 211 1269 menta.
283 1225 428 1278 Egent
467 1225 709 1279 plaerique‘
748 1225 981 1268 Antistites
1022 1225 1338 1277 consolatione,
1380 1227 1429 1267 ut
1470 1225 1679 1276 arbitror,
1721 1240 1816 1268 cum

50 1291 172 1332 uelut
211 1290 401 1345 imperiti
440 1290 596 1332 Medici
635 1290 679 1332 in
718 1291 798 1332 hos
838 1290 1034 1333 insolitos
1075 1291 1247 1333 morbos
1287 1291 1498 1342 incidant,
1542 1293 1586 1333 et
1629 1291 1817 1333 humana

52 1355 232 1397 consilia
273 1355 569 1409 subsidiaque,
612 1355 692 1396 sibi
734 1356 884 1397 deesse
924 1358 1078 1409 putent
1117 1356 1162 1397 in
1200 1356 1282 1397 hac
1323 1355 1493 1409 publica
1536 1355 1731 1397 ordinum
1772 1358 1817 1398 et

53 1423 245 1463 statuum
288 1420 476 1462 omnium
517 1420 857 1475 perturbatione.
921 1421 1004 1463 Sed
1045 1421 1169 1462 uideo
1210 1420 1386 1463 tandem
1420 1434 1487 1462 me
1518 1420 1690 1473 longius
1722 1435 1818 1462 esse

49 1500 342 1540 progressum,
376 1489 420 1528 et
452 1486 658 1528 nonnulla
690 1485 877 1528 fortasse
908 1485 1084 1527 liberius
1117 1486 1330 1528 effudisse.
1393 1485 1551 1527 Precor
1583 1485 1728 1539 igitur,
1769 1489 1818 1528 ut

50 1565 162 1603 quae
203 1551 313 1592 bono
353 1554 421 1593 etg
461 1550 642 1605 simplici
684 1565 710 1593 a
741 1565 809 1592 me
842 1551 984 1593 animo
1026 1551 1081 1593 ad
1121 1565 1189 1592 res
1224 1550 1504 1593 Germanicas
1536 1551 1818 1605 explicandas

49 1616 186 1658 allata
218 1618 332 1667 sunt,
365 1615 409 1657 in
440 1617 597 1657 bonam
629 1619 798 1669 partem
831 1617 884 1658 ab
917 1615 1113 1657 omnibus
1136 1615 1416 1670 accipiantur.
1460 1616 1600 1657 Audio
1631 1615 1816 1658 Galliam

50 1695 220 1734 quoque
253 1681 461 1723 similibus
491 1681 818 1723 difficultatibus
839 1680 1092 1735 implicitam
1114 1695 1221 1724 esse.
1265 1680 1487 1735 Respiciat
1508 1681 1625 1723 Deus
1647 1682 1818 1723 uineam

50 1747 215 1796 suam1,
264 1748 309 1788 et
349 1746 554 1788 restituat
595 1760 688 1788 eam
731 1745 914 1800 pristino
956 1746 1098 1800 decorj
1143 1746 1426 1800 publicaeque
1466 1743 1816 1799 tranquillitatih.

52 1811 259 1865 Superest
300 1812 484 1861 demum,
526 1813 574 1853 ut
614 1825 682 1852 me
724 1825 774 1853 ac
808 1811 1083 1853 Germaniam
1123 1813 1318 1853 nostram
1360 1825 1529 1853 omnem
1569 1811 1613 1852 in
1646 1812 1815 1853 Christo

51 1876 344 1918 commendem
378 1876 599 1930 sacrificijs
632 1879 676 1918 et
707 1876 904 1930 precibus
936 1878 1039 1918 tuae
1062 1874 1408 1931 Paternitat[is]¹
1440 1890 1491 1918 ac
1523 1876 1649 1917 simul
1681 1877 1816 1918 totius

50 1944 226 1984 nostrae
257 1941 494 1984 societatis.
557 1941 765 1983 Dominus
797 1939 1103 1996 nobiscu[1n.]k
1150 1941 1350 1995 Dilingae
1384 1943 1438 1984 23
1471 1941 1574 1995 Julij
1611 1943 1739 1984 1567.

1015 2013 1175 2055 Seruus
1207 2012 1249 2054 in
1283 2013 1451 2055 Christo
1485 2012 1693 2055 Canisius.

168 2084 197 2136 †
229 2083 471 2125 Admodum
501 2083 754 2125 Reuerendo
786 2083 828 2124 in
852 2083 1021 2126 Christo
1045 2083 1163 2126 Patri
1186 2084 1417 2126 Francisco
1450 2098 1476 2126 a
1498 2084 1659 2137 Borgia
1681 2084 1815 2126 Prae-

50 2148 191 2203 posito
225 2148 425 2191 Generali
459 2148 689 2191 Societatis
720 2148 874 2191 JESV.
936 2148 1113 2191 Romae.

171 2231 466 2275 Layomczrsinzts,
502 2241 581 2264 cum
617 2229 730 2274 ipsius
766 2229 929 2274 exemplo
964 2241 1030 2264 nec
1057 2241 1126 2274 quo
1152 2241 1244 2264 anno
1280 2241 1345 2264 nec
1371 2230 1414 2264 ad
1442 2241 1548 2274 quem
1578 2229 1645 2264 hae
1671 2229 1813 2264 litterae

50 2284 156 2318 datae
175 2285 305 2323 essent,
323 2283 519 2327 ascriptum
538 2285 644 2323 esset,
665 2294 746 2316 cum
765 2283 985 2317 dubitatione
1005 2284 1159 2327 quadam
1180 2283 1260 2328 („ut
1278 2284 1440 2328 opinor“)
1462 2283 1668 2323 affirmavit,
1688 2294 1749 2317 eas
1767 2283 1813 2317 ad

51 2336 268 2371 cardinalem
288 2336 590 2370 Commendonum
616 2335 694 2369 sive
712 2347 742 2370 a.
758 2336 848 2370 1568
874 2336 950 2370 sive
977 2348 1022 2370 ex
1047 2337 1210 2381 proxime
1236 2336 1479 2381 superioribus
1505 2336 1609 2370 annis
1636 2336 1704 2370 alio
1732 2339 1814 2381 post

51 2390 191 2424 concilii
225 2389 410 2423 tridentini
435 2389 756 2433 promulgationem
783 2390 886 2423 datas
913 2401 992 2424 esse
1022 2390 1059 2433 (l.
1087 2402 1117 2425 c.
1143 2390 1242 2431 406).
1293 2389 1439 2430 Deinde,
1475 2390 1551 2423 sine
1578 2389 1810 2431 dubitatione,

51 2444 273 2487 Reiffenbery
302 2443 338 2485 (l.
366 2454 394 2476 c.
422 2443 483 2484 44)
512 2444 558 2483 et,
584 2443 679 2476 hunc
704 2447 859 2484 secutus,
892 2444 1043 2477 Gothein
1072 2443 1110 2486 (l.
1130 2455 1159 2477 c.
1188 2443 1271 2486 765)
1300 2454 1361 2476 eas
1388 2454 1418 2476 a.
1440 2443 1529 2477 1568
1556 2443 1600 2476 ad
1628 2442 1812 2477 Commen-

52 2497 181 2530 donum
217 2496 319 2530 datas
354 2507 431 2529 esse
466 2498 710 2530 asseruerunt.
759 2497 935 2529 Reimann
963 2507 1103 2541 quoque
1139 2497 1178 2539 (l.
1206 2508 1235 2530 c.
1263 2497 1338 2539 35³)
1377 2507 1438 2529 eas
1465 2495 1726 2529 Commendono
1762 2496 1809 2529 in-

51 2550 205 2594 scriptas
232 2560 311 2583 esse
336 2548 472 2582 scribit.
528 2550 646 2592 Atque
682 2549 748 2583 hoc
784 2549 929 2583 dubium
964 2560 1044 2583 esse
1079 2549 1143 2583 vix
1178 2551 1308 2593 potest,
1344 2549 1428 2592 quin
1458 2548 1719 2582 Commendono
1753 2549 1812 2583 vel

51 2603 225 2637 suadente
251 2601 309 2636 vel
334 2601 462 2635 saltem
489 2601 625 2635 sciente
651 2604 687 2635 et
712 2603 858 2636 favente
877 2602 1140 2636 S.F1·anciscus
1160 2602 1309 2645 Borgias
1329 2601 1507 2635 Canisium
1536 2601 1580 2635 ad
1605 2602 1811 2647 episcopum

51 2656 381 2698 argentoratensem
408 2654 585 2699 proficisci
611 2655 756 2688 iusserit
785 2655 835 2698 (v.
862 2667 970 2700 supra
997 2667 1029 2699 p.
1049 2654 1267 2697 421—422).
1318 2654 1406 2688 Cum
1433 2657 1553 2688 autem
1579 2654 1647 2688 hae
1674 2655 1807 2689 Canisii

51 2708 194 2743 litterae
211 2708 364 2750 Borgiae
386 2707 623 2749 traderentur,
651 2708 935 2742 Commendonus
955 2708 1084 2742 Gualdi
1105 2707 1271 2751 (Gualdo,
1298 2707 1466 2741 Umbriae
1493 2708 1672 2752 oppidum,
1698 2708 1808 2743 tridui

51 2761 164 2795 ferme
182 2761 309 2795 itinere
327 2760 439 2794 Roma
465 2760 617 2802 distans)
647 2760 871 2801 versabatur,
898 2773 967 2804 quo
993 2772 1220 2795 romanorum
1247 2763 1410 2794 aestuum
1438 2760 1663 2794 vitandorum
1690 2763 1808 2804 gratia

51 2816 202 2849 venerat
229 2814 398 2857 (Poyiamss
416 2813 597 2858 Epistolae
616 2813 665 2847 IV
692 2814 756 2848 301
787 2814 853 2848 302
881 2814 978 2857 313).
1023 2813 1137 2855 Quare
1159 2814 1308 2857 Borgias
1334 2813 1475 2847 litteras
1501 2814 1536 2847 in
1557 2813 1809 2849 Commendoni

51 2878 155 2902 usum
181 2867 473 2901 transcribendas
499 2866 650 2906 curavit,
686 2866 736 2901 ita
761 2870 893 2908 tamen,
929 2869 968 2900 ut
1003 2879 1124 2900 earum
1159 2869 1235 2900 tum
1262 2866 1447 2900 exordium
1476 2868 1604 2910 (usque
1639 2868 1683 2902 ad
1715 2869 1809 2910 „fere

171 2936 198 2969 a)
219 2937 358 2968 Supplevi
377 2944 413 2961 ez·
432 2937 499 2961 BL.
567 2935 596 2963 b)
618 2937 651 2960 In
672 2937 751 2961 arch.
771 2939 929 2961 correctum
949 2944 984 2961 ex
1004 2936 1134 2968 possint.
1206 2938 1232 2968 c)
1253 2938 1299 2961 Ita
1320 2939 1349 2961 ut
1369 2944 1405 2960 ea·
1424 2935 1546 2968 multos,
1565 2938 1639 2969 quod
1661 2938 1690 2962 in
1710 2939 1809 2963 arche-

54 2979 121 3008 typo
140 2980 191 3008 est,
209 2979 386 3009 corriyatur,
406 2986 452 3001 res
474 2978 537 3008 ipsa
557 2977 672 3008 emigret-3
694 2977 765 3001 mihi
784 2978 898 3008 quidem
919 2978 1033 3002 omnino
1056 2978 1177 3002 ridetur.
1210 2979 1302 3009 Atque
1323 2978 1363 3002 ita
1385 2979 1437 3002 (¹1.
1457 2986 1564 3009 quoque
1584 2979 1696 3005 habent.
1722 2981 1748 3005 B
1768 2980 1810 3005 sie

54 3019 197 3043 correxit:
224 3025 284 3044 non
304 3018 435 3049 multos,·
466 3019 494 3043 icl
515 3019 588 3049 quod
610 3019 655 3042 illi
675 3018 727 3042 aut
743 3027 851 3049 parum
872 3019 1012 3050 consp-uit.
1107 3018 1135 3046 d)
1158 3019 1243 3050 Reiff.
1260 3027 1436 3050 perperam:
1462 3018 1629 3045 Princibus.
1720 3021 1747 3050 e)
1775 3022 1810 3046 In

52 3059 133 3084 arch.
152 3063 309 3085 correctum
329 3068 365 3085 ex
384 3060 530 3084 sensiant.
598 3060 624 3091 s)
645 3059 781 3092 plerique
801 3060 834 3084 L.
907 3062 936 3091 g)
957 3066 991 3084 ac
1006 3061 1037 3086 L.
1105 3060 1135 3092 h)
1159 3061 1272 3091 Omnia,
1291 3068 1363 3092 qnae
1382 3063 1553 3092 sequuntur,
1572 3062 1602 3086 in
1625 3063 1676 3086 CL
1697 3063 1809 3087 desunt.

55 3098 75 3131 i)
95 3100 233 3132 Supplevi
253 3109 288 3126 ex
308 3103 341 3126 Β.
412 3100 443 3133 k)
465 3102 603 3133 Suppleri
623 3109 658 3125 ea·
678 3102 714 3125 B.

176 3193 187 3212 ¹
214 3193 267 3227 Cf.
295 3194 342 3228 Ps
369 3195 423 3235 79,
452 3195 506 3229 15.
