2045 3471
216 194 302 236 434
424 190 525 224 1424.
554 188 717 224 Canisius
744 187 777 222 S.
797 187 988 222 Francisco
1014 185 1057 220 de
1082 184 1226 228 Borgia.
1270 183 1415 226 Dilinga
1444 183 1497 217 17.
1518 181 1652 227 Aprilis
1672 181 1773 215 1567.

216 324 311 353 esse
343 307 570 363 oportebit.
624 306 833 348 Dominus
864 319 942 360 pro
975 318 1054 346 sua
1084 304 1296 345 immensa
1325 300 1521 343 bonitate
1542 300 1623 343 hoc
1644 299 1831 342 medium
1854 298 1976 341 nobis

215 371 486 428 largiatu[r,]
528 375 576 414 ut
616 385 757 425 neque
798 370 970 413 omnino
1013 368 1201 411 desimus
1233 365 1611 409 Reuerendissimo
1654 367 1699 407 et
1737 364 1852 406 illius
1893 364 1976 406 Ec-

217 439 374 482 clesiae
405 436 670 487 necessitati,
709 449 848 489 neque
880 432 1019 489 plu[s]
1054 432 1196 475 oneris
1228 432 1271 473 in
1303 431 1504 473 humeros
1536 430 1817 472 sustollamus
1849 442 1977 481 quam

217 506 367 546 nostra
397 502 513 545 ferre
543 501 816 544 imbecillitas
848 497 1043 554 possi[t.]
1109 498 1202 539 Hoc
1244 495 1393 549 negari
1426 508 1510 536 non
1543 496 1703 549 potest,
1745 493 1781 535 si
1816 495 1868 534 12
1902 494 1979 535 aut

220 571 272 611 15
315 582 365 610 00
406 567 698 616 mitterentur,
740 565 848 607 satis
888 564 974 606 illis
1015 562 1190 617 hospitij
1233 564 1277 603 et
1314 559 1596 602 habitationis
1628 558 1878 601 commodae
1909 557 1978 599 fu—

216 637 361 677 turum
403 646 510 675 esse.
583 631 731 684 Jgitur
771 632 950 684 accepto
992 626 1278 670 Paternitatis
1321 628 1425 668 tuae
1466 637 1673 678 responso
1714 622 1884 666 mittam
1927 635 1977 664 eo

217 698 407 742 fortasse
440 698 487 741 P.
510 694 791 738 Raibenstein
806 696 834 744 1,
868 696 917 736 ut
949 693 1021 746 qui
1053 689 1248 746 gra[tus]
1284 692 1350 732 est
1382 687 1773 737 Reuerendissimo,
1807 689 1855 728 ut
1887 700 1977 728 rem

218 777 386 806 omnem
420 776 474 804 ex
505 760 774 816 praescripto
805 758 1037 811 transigat,
1071 770 1125 799 ne
1157 755 1329 798 omnino
1362 767 1595 808 suspensos
1626 753 1836 795 bonorum
1865 751 1979 805 apud

218 829 464 870 Francones
497 825 663 869 animos
695 828 935 867 teneamus

339 893 474 935 Orent
507 905 667 945 quaeso
690 890 844 932 Patres
877 891 921 930 et
948 888 1126 929 Fratres
1148 900 1224 940 pro
1249 885 1454 927 defuncto
1486 884 1598 925 bono
1631 881 1769 924 amico
1802 882 1979 922 nostrae

220 958 449 1001 Societatis
472 955 713 1009 Oeniponti,
747 967 873 1007 quem
906 953 951 995 P.
976 951 1190 993 Polancus
1223 950 1355 1004 probe
1387 947 1522 998 nouit,
1556 946 1756 988 nimirum
1777 946 1829 988 D.
1848 945 1979 987 Petro

219 1022 426 1064 Merenda
457 1020 721 1074 Reginarum
764 1019 808 1060 et
840 1016 1017 1069 Collegij
1060 1014 1197 1057 nostri
1229 1014 1409 1063 Medico,
1453 1012 1525 1065 qui
1558 1011 1767 1065 Reginam
1800 1012 1979 1052 sanctae

220 1087 453 1129 memoriae
494 1086 810 1138 Margaretam,
852 1095 929 1137 pro
972 1081 1091 1123 cuius
1133 1080 1278 1122 anima
1318 1079 1404 1121 iam
1446 1079 1620 1120 nostros
1663 1075 1790 1118 isthic
1832 1088 1979 1116 orasse

220 1155 435 1207 putamus,
470 1149 589 1192 breui
622 1152 689 1191 est
720 1148 940 1189 insecutus
953 1147 981 1187 2.
1045 1145 1336 1198 Requiescant
1367 1143 1410 1184 in
1442 1145 1596 1185 sancta
1627 1155 1745 1195 pace.

339 1215 696 1258 Commendamus
728 1227 807 1254 nos
847 1211 1077 1266 plurimum
1117 1209 1338 1261 sacrificijs
1382 1210 1425 1250 et
1466 1207 1663 1261 precibus
1696 1204 1981 1247 Paternitatis

220 1284 323 1325 tuae
367 1295 418 1323 ac
461 1280 596 1323 totius
641 1277 872 1321 Societatis
916 1276 959 1317 in
1004 1275 1172 1317 Christo
1217 1273 1357 1316 JESV
1401 1271 1584 1314 Domino
1628 1273 1790 1313 nostro.
1859 1269 1981 1311 Haec

223 1346 382 1390 dictaui
443 1345 521 1388 sub
582 1343 779 1386 manibus
839 1341 1104 1384 Medicorum
1167 1353 1322 1381 curans
1382 1337 1689 1380 ualetudinem.
1781 1334 1982 1387 Dilingae

227 1414 277 1454 17
312 1410 474 1466 Aprilis
510 1411 636 1451 1567.

917 1466 1075 1508 Seruus
1108 1467 1151 1506 et
1182 1463 1295 1504 filius

1296 1533 1342 1576 P.
1367 1531 1562 1574 Canisius
1594 1529 1862 1584 subscripsit.

343 1630 502 1672 Rector
535 1628 860 1682 Oenipontanus
891 1625 977 1667 iam
1011 1627 1112 1666 ante
1145 1622 1320 1676 scripsit
1352 1622 1403 1663 de
1436 1635 1550 1662 noua
1581 1621 1813 1669 structura,
1853 1631 1981 1670 quam

224 1694 448 1738 Archidux
489 1692 787 1735 Ferdinandus
828 1690 918 1732 suis
959 1691 1089 1743 parat
1130 1687 1348 1730 sororibus
1362 1688 1390 1736 3,
1434 1688 1480 1728 et
1519 1685 1562 1726 in
1604 1697 1753 1726 earum
1794 1681 1982 1736 gratiam

225 1760 412 1803 uicinum
444 1761 572 1813 parat
603 1756 896 1809 Collegiolum‚
930 1754 1002 1796 ubi
1034 1753 1224 1806 aliquot³
1256 1750 1485 1794 Societatis
1517 1762 1730 1804 personae
1762 1746 1983 1789 commode

225 1822 550 1868 sustententurb
590 1836 674 1863 uno
716 1821 770 1862 ab
816 1817 1128 1872 oenepontanis
1172 1816 1329 1859 miliari
1372 1814 1669 1858 Germanico&
1741 1813 1835 1865 Ego
1878 1811 1980 1861 dixi,

225 1890 294 1932 hic
326 1903 433 1944 opus
465 1901 560 1930 esse
593 1899 802 1928 consensu
826 1883 1113 1926 Paternitatis
1146 1885 1261 1924 tuae.
1314 1880 1537 1922 Archidux
1568 1878 1813 1932 respondet,
1847 1876 1984 1918 socie-

225 1958 363 1999 tatem
396 1956 590 1995 nostram
631 1951 673 1992 id
706 1950 836 2003 officij
880 1948 1050 1990 nomine
1092 1949 1136 1989 et
1168 1960 1315 1988 amore
1348 1945 1499 1987 domus
1531 1942 1790 1986 Austriacae
1821 1954 1984 1994 nequa-

228 2034 355 2074 quam
390 2019 715 2071 denegaturam.
779 2015 835 2056 Jn
867 2013 1010 2067 specie
1051 2011 1156 2053 nihil
1189 2011 1328 2052 adhuc
1360 2013 1505 2052 actum
1538 2012 1582 2051 et
1613 2010 1885 2050 transactum
1918 2009 1984 2048 est

228 2085 357 2127 aliud.
422 2082 621 2125 Proxime
654 2078 982 2133 respondebitur
1015 2077 1069 2119 ad
1111 2075 1386 2129 quaestiones
1428 2074 1615 2127 quinque
1655 2072 1899 2127 propositas
1932 2070 1983 2112 de

347 2172 374 2201 a)
395 2169 491 2202 aliqut
510 2169 617 2193 archet.
690 2166 721 2197 b)
745 2166 873 2197 Quinque
897 2172 937 2189 ιὐ.
957 2172 1014 2195 sqq.
1035 2171 1129 2194 supra
1151 2170 1263 2187 versum
1283 2162 1392 2193 scripta
1413 2164 1489 2185 sunt.

351 2280 360 2298 ¹
386 2277 426 2311 P.
452 2277 620 2310 loannem
646 2273 876 2312 Rabenstein,
904 2282 948 2305 ex
976 2269 1194 2304 Franconiae
1221 2268 1407 2302 nobilitate
1433 2270 1559 2301 ortum.

349 2331 362 2351 2
389 2329 587 2374 Oeniponte
628 2328 681 2362 12.
715 2326 838 2360 Martii
879 2325 966 2358 1567
1007 2323 1046 2357 P.
1085 2323 1256 2356 nicolaus
1294 2322 1456 2355 Lcmoizcs
1499 2319 1640 2362 collegii
1677 2320 1794 2352 rector
1832 2316 1985 2359 B01·giae

231 2383 421 2429 *scripsit:
463 2382 532 2424 „La
558 2381 698 2424 Regina
722 2379 934 2421 Margareta
969 2379 987 2410 0
1023 2378 1169 2421 passata
1204 2375 1238 2408 di
1275 2377 1403 2418 questa
1429 2373 1505 2407 vita
1540 2372 1576 2406 in
1602 2371 1708 2405 Halla
1743 2371 1779 2404 in
1804 2369 1986 2414 presentia

232 2438 323 2472 delle
349 2448 412 2471 sue
439 2435 579 2476 sorelle,
607 2436 643 2467 et
668 2432 753 2467 delli
778 2431 892 2466 nostri
919 2429 1050 2475 Dyrsio
1077 2431 1113 2462 et
1138 2428 1258 2462 Paolo.
1295 2427 1400 2461 Jddio
1427 2427 1452 2460 li
1478 2426 1594 2459 faccia
1619 2423 1862 2458 misericordia
1888 2433 1986 2456 come

230 2491 278 2525 lei
305 2493 323 2525 0
349 2492 444 2524 stato
471 2499 612 2532 sempre
639 2485 748 2520 molto
774 2483 1061 2519 misericordiosa
1096 2483 1131 2515 et
1156 2481 1294 2526 pietosa
1321 2480 1383 2513 alli
1410 2478 1543 2524 poueri,
1576 2477 1616 2522 jn
1641 2476 1793 2510 humilta
1828 2479 1863 2509 et
1889 2475 1984 2509 diuo-

231 2544 326 2578 tione
353 2545 389 2576 et
414 2542 534 2587 purita
560 2539 870 2574 eccellentissima.
915 2537 961 2570 Jn
989 2537 1117 2579 questa
1144 2533 1347 2578 quaresima
1374 2532 1419 2566 lei
1446 2532 1493 2565 ha
1519 2531 1600 2564 dato
1628 2541 1648 2563 a
1674 2531 1799 2573 questo
1827 2528 1986 2570 Collegio

233 2596 323 2631 .2ΟΟ.
350 2595 439 2629 libre
465 2594 508 2627 de
535 2592 693 2637 carpioni
719 2590 898 2636 apportati
926 2589 968 2622 de
994 2588 1029 2621 la
1055 2587 1203 2621 Sueuia“
1237 2586 1297 2629 (ex
1323 2589 1484 2628 autogr.;
1516 2583 1576 2625 „Gn
1604 2582 1666 2626 Ep.
1682 2581 1787 2615 V111“
1817 2581 1841 2614 f.
1872 2579 1984 2623 17211).

232 2650 384 2683 Mortem
420 2648 507 2681 obiit
540 2647 618 2690 ipso
654 2645 714 2678 illo
741 2645 797 2677 die
826 2644 880 2677 12.
906 2641 1027 2675 Martii
1057 2641 1144 2674 1567
1175 2640 1291 2683 (Hirn
1325 2638 1348 2673 l.
1376 2650 1405 2672 0.
1432 2638 1466 2671 ΙΙ
1490 2636 1596 2679 462);
1633 2634 1774 2679 sepulta
1801 2636 1856 2668 est
1883 2632 1986 2667 Oeni-

234 2704 340 2746 ponte
378 2702 413 2734 in
451 2699 603 2734 ecclesia
642 2698 972 2732 Franciscanorum.
1032 2694 1195 2727 Lanoius
1230 2692 1382 2735 Borgiae
1421 2690 1619 2734 Oeniponte
1657 2688 1689 2721 5.
1723 2686 1858 2731 Aprilis
1895 2686 1984 2720 1567

234 2754 426 2799 ᾗ50119511,
465 2753 503 2787 P.
540 2753 707 2786 Ioannem
743 2749 976 2793 Merquitium
1015 2746 1049 2780 S.
1085 2747 1117 2780 J.
1156 2746 1204 2779 ibi
1242 2746 1295 2779 17.
1332 2744 1453 2778 Martii
1487 2743 1524 2776 in
1560 2742 1634 2776 eius
1673 2740 1854 2783 exsequiis
1897 2750 1986 2781 „una

235 2808 377 2851 predica
402 2807 548 2840 todesca
574 2805 742 2838 funebre“
774 2802 941 2836 habuisse
977 2804 1012 2833 et
1047 2800 1081 2832 in
1121 2799 1196 2841 „die
1223 2797 1427 2841 trigesimo“
1458 2796 1586 2829 iterum
1613 2794 1791 2827 dicturum
1819 2804 1898 2826 esse
1925 2792 1986 2834 (ex

236 2862 395 2903 autogr.;
423 2860 445 2893 1.
474 2871 502 2892 0.
530 2859 554 2891 f.
576 2857 689 2900 173b).
740 2856 792 2890 De
818 2855 1037 2897 Margaritae
1064 2851 1258 2885 virtutibus
1285 2863 1318 2885 v.
1347 2850 1491 2883 Altheer
1516 2848 1538 2881 1.
1558 2859 1587 2881 c.
1615 2845 1674 2890 [cf.
1701 2857 1809 2890 supra
1836 2858 1868 2890 p.
1888 2843 1985 2888 261¹]

238 2912 370 2945 106—1
383 2914 423 2946 14
442 2915 477 2945 et
495 2912 619 2945 Ludw.
639 2911 756 2952 Ram),
776 2907 931 2950 Konigin
949 2905 1165 2949 Magdalena
1184 2915 1253 2937 von
1273 2901 1500 2937 Oesterreich
1512 2901 1536 2941 ²,
1555 2900 1687 2932 Brixen
1707 2899 1808 2939 1899,
1836 2897 1986 2932 53—55.

356 2966 368 2984 ³
394 2964 607 3006 Magdalena
642 2965 677 2996 et
713 2961 849 2994 Helena
885 2958 1151 2993 archiducissae
1186 2956 1317 2990 multos
1353 2966 1464 2989 annos
1491 2952 1688 2996 Oeniponte
1723 2951 1758 2984 in
1794 2962 1875 2984 arce
1909 2950 1986 2983 sive

238 3016 338 3049 domo
366 3027 531 3050 caesarea
566 3015 837 3052 habitaverant;
873 3012 935 3046 sed
970 3022 1051 3045 cum
1078 3009 1324 3043 Ferdinandus
1352 3008 1406 3047 IL,
1438 3005 1567 3039 Tirolis
1592 3007 1626 3038 et
1652 3004 1821 3037 Austriae
1847 3002 1986 3036 anticae

240 3068 413 3111 princeps,
449 3079 478 3101 a.
508 3068 597 3101 1567
635 3078 714 3100 cum
750 3065 887 3100 familia
913 3065 1032 3106 Praga
1058 3063 1293 3106 Oenipontem
1325 3058 1630 3101 transmigrasset,
1664 3055 1919 3090 archiducissis
1945 3065 1987 3088 ea

239 3119 411 3152 habitatio
437 3121 554 3153 minus
582 3123 658 3152 erat
677 3118 869 3158 commoda,
896 3116 1107 3162 praesertim
1135 3127 1213 3148 cum
1239 3113 1447 3156 religiosum
1474 3109 1647 3154 quoddam
1676 3109 1773 3143 vitae
1799 3119 1912 3152 genus
1937 3108 1986 3140 in-

239 3172 387 3205 stituere
412 3171 557 3204 vellent.
703 3173 715 3191 4
742 3171 874 3210 Halae;
902 3170 944 3203 de
971 3181 1041 3212 qua
1067 3180 1104 3201 re
1130 3167 1243 3200 inulta
1270 3166 1363 3199 infra
1389 3165 1563 3197 dicentur.
