2045 3471
207 224 291 264 646
632 221 728 255 Mon.
747 221 814 255 732
842 221 919 255 sive
946 233 1055 265 germ.
1075 221 1098 255 l.
1119 221 1185 264 (7).
1229 220 1285 255 20.
1305 220 1401 265 Sept.
1424 221 1524 255 1565.

203 338 365 373 notarius
391 337 556 383 publicus
583 338 767 383 Herbipoli
796 339 824 373 1.
854 339 934 372 Iulii
963 338 1052 372 1727
1088 338 1230 372 nomine
1256 339 1462 383 subscripto
1488 338 1680 383 sigilloque
1707 339 1871 383 apposito
1896 340 1967 373 tes-

202 393 302 426 tatus
328 393 401 431 est;
439 393 495 425 est
530 391 564 424 id
591 391 798 434 Moguntiae
825 391 860 425 in
888 391 1104 425 bibliotheca
1129 391 1276 432 urbana,
1319 391 1377 433 „R
1404 391 1490 425 Lad.
1518 392 1561 425 II.
1589 392 1640 425 lit.
1669 392 1713 425 H.
1740 392 1767 425 Ι.
1792 392 1856 426 K.“
1898 391 1968 425 Ex-

203 447 277 479 stat
303 444 411 478 etiarn
438 443 686 489 apographum
715 444 788 487 (Β),
816 445 960 479 saeculo
979 444 1092 478 XVII.
1115 444 1225 486 (XVI.
1239 445 1273 486 Ῥ)
1303 456 1348 478 ex
1375 444 1591 489 apographo,
1619 444 1713 488 quod
1739 456 1819 478 cum
1847 444 1968 478 arche-

202 500 290 542 typo
317 509 514 540 congruere
533 497 643 532 Roch.
658 497 818 532 Dillherr
842 498 1004 532 notarius
1023 497 1282 541 herbipolensis
1300 499 1458 531 testatus
1478 500 1542 537 est,
1570 498 1802 542 exscriptum,
1830 498 1864 531 in
1885 497 1968 531 Cod.

207 550 358 592 „Brevia
383 553 420 584 et
446 550 636 595 Rescripta
663 550 946 594 Antiquissima“
976 550 1000 584 f.
1029 550 1084 584 89.
1123 550 1382 595 Apographum
1413 550 1472 593 (C)
1503 551 1647 584 saeculo
1666 550 1796 584 XVIII.
1824 551 1969 584 ineunte

205 602 262 645 (ut
298 602 455 646 videtur)
497 602 671 647 scriptum
709 605 920 636 asservatur
958 601 1142 646 Herbipoli
1182 603 1216 635 in
1257 602 1535 645 „registratura‘c
1574 603 1652 636 sive
1683 602 1860 636 tabulario
1891 601 1969 644 „ad-

203 655 499 689 ministrationis“
529 655 766 695 academicae,
794 655 877 689 Cod.
911 654 1168 699 „Copey-Buch
1194 655 1262 688 Lit.
1290 654 1319 688 D
1348 655 1478 689 lesuit:
1509 655 1618 689 1713“
1649 655 1672 688 f.
1693 655 1769 689 30⁸.
1813 654 1970 688 Litteras

205 708 267 751 (ex
287 708 324 748 C,
351 710 391 742 ut
417 709 576 752 videtur)
606 708 743 753 primus
770 708 938 751 vulgavit
964 710 1042 751 Iyn.
1061 710 1276 751 Denainyer,
1303 708 1438 742 Archiv
1465 707 1527 741 des
1554 707 1793 742 historischen
1819 707 1971 741 Vereins

203 773 274 796 von
302 761 571 796 Unterfranken
604 762 676 795 und
703 762 991 804 Aschaffeuburg
1017 761 1112 801 XIII,
1143 763 1172 795 1.
1199 774 1233 795 u.
1261 762 1293 795 2.
1321 761 1418 801 Heft,
1445 761 1653 804 WVi'n-zburg
1682 761 1783 799 1854,
1818 760 1968 795 88—89.

203 815 359 850 Easdem
401 815 463 858 (ex
499 815 541 858 C)
582 815 703 860 posuit
736 816 865 857 lVeyeZe
902 814 923 848 l.
953 827 980 848 c.
1019 815 1051 848 ll
1088 814 1145 848 52.
1194 815 1323 848 Brevis
1362 814 1563 848 litterarum
1603 825 1742 848 summa
1780 815 1901 848 exstat
1934 813 1970 847 in

205 867 405 913 „Synopsffl
445 868 542 911 (vide
577 880 686 913 supra
721 880 753 913 p.
782 868 867 911 641)
901 868 914 901 I
949 868 1005 901 43.
1058 868 1105 901 lis
1142 879 1229 902 usus
1264 879 1342 901 sum
1379 879 1574 911 earumque
1609 869 1731 912 partes
1766 866 1970 911 germanice

204 922 306 966 posui
338 921 375 955 in
402 919 619 966 „Stimmmst
647 923 713 955 etc.
742 921 856 955 LXXI
883 922 946 961 653
975 921 1101 955 iisdem
1128 932 1215 954 usus
1242 923 1298 954 est
1324 922 1442 965 Deder,
1469 921 1542 954 Jes.
1570 920 1584 954 I
1615 921 1691 954 121.

325 993 494 1026 canisius
519 1004 597 1025 cnm
624 993 781 1036 episcopo
807 993 849 1025 de
871 993 1055 1025 nonnullis
1074 993 1178 1025 rebus
1196 993 1243 1025 ad
1262 993 1465 1036 reliyionem
1483 992 1722 1035 spectantibus
1739 996 1814 1033 (τρεῖ
1834 992 1972 1025 nomine

206 1047 401 1089 pontificis.
444 1047 497 1079 De
523 1048 737 1079 monasterio
766 1046 802 1079 S.
831 1047 977 1089 Aynetis
1003 1046 1144 1088 colleqio
1172 1046 1207 1079 S.
1235 1047 1271 1079 J.
1299 1045 1536 1088 herbipolensi
1560 1045 1787 1078 attribuendo
1811 1046 1972 1088 pontifex

206 1100 381 1133 desiderio
407 1101 561 1142 episcopi
584 1100 755 1141 satisfecit
766 1112 778 1140 ,·
804 1100 866 1142 qni
892 1100 1071 1142 colleyium
1098 1100 1189 1131 idem
1217 1100 1315 1131 redde
1341 1100 1372 1132 εἰ
1397 1099 1624 1132 commendat.

788 1177 916 1218 PIVS
950 1177 1032 1220 PP.
1066 1177 1187 1219 IIII&

322 1247 595 1289 Venerabilis
619 1247 774 1289 Frater
797 1247 989 1290 Salutem
1015 1250 1060 1289 et
1082 1247 1378 1301 Apostolicam
1402 1246 1759 1289 benedictionem.
1802 1245 1971 1288 Dilecto

202 1312 301 1366 hujc
341 1313 428 1354 filio
462 1313 592 1355 Petro
626 1312 795 1354 Canisio
838 1312 1071 1355 Societatis
1103 1313 1207 1354 Jesu
1251 1312 1485 1366 professori
1502 1313 1528 1363 1,
1573 1311 1666 1353 viro
1707 1310 1832 1353 nobis
1872 1325 1972 1365 pro-

204 1377 442 1427 batissimo,
477 1377 549 1430 qui
582 1377 908 1420 Concionatoris
941 1377 1083 1418 officio
1116 1377 1239 1429 fungi
1272 1376 1497 1419 consuevit
1528 1376 1572 1417 in
1604 1375 1801 1418 Ecclesia
1823 1374 1972 1429 Augu-

204 1445 345 1492 staua,
390 1442 704 1491 mandavimus,
748 1444 796 1484 ut
829 1442 1171 1484 Fraternitatem
1214 1444 1334 1483 tuam
1376 1443 1526 1483 nostro
1568 1440 1740 1482 nomine
1772 1440 1973 1482 visitaret

207 1521 259 1549 ac
290 1507 506 1549 salutaret
538 1510 582 1549 et
614 1507 666 1548 de
698 1507 915 1548 nonnullis
948 1507 1076 1548 rebus
1108 1520 1202 1548 curn
1237 1506 1386 1548 eadem
1412 1506 1643 1559 diligenter
1665 1507 1829 1559 ageret,
1864 1519 1974 1558 quae

205 1571 402 1626 inprimis
425 1572 480 1613 ad
513 1574 634 1613 tuum
668 1575 950 1624 nostrumque
974 1571 1161 1613 officium
1185 1574 1230 1613 et
1253 1571 1307 1613 ad
1331 1571 1411 1612 Dei
1436 1571 1686 1623 obsequium
1719 1570 1938 1624 pertinent
1963 1604 1971 1612 .

205 1651 261 1679 ex
303 1650 352 1678 eo
394 1636 543 1678 audies
584 1651 610 1678 a
650 1637 773 1678 nobis
815 1650 867 1678 ea
899 1636 1183 1690 benignitate,
1227 1650 1312 1689 qua
1346 1635 1490 1678 decuit
1522 1635 1796 1678 satisfactum
1839 1635 1973 1677 fuisse

205 1701 417 1743 desiderio
450 1705 525 1744 tuo
549 1702 600 1742 de
633 1701 872 1743 redditibus
896 1705 940 1744 et
972 1702 1094 1743 bonis
1127 1700 1378 1754 monasterij
1404 1701 1444 1743 S.
1470 1700 1655 1753 Agnetis
1687 1700 1730 1741 in
1761 1700 1866 1742 urbe
1897 1702 1974 1742 tua

206 1766 430 1820 Herbipoli
473 1766 603 1820 positi
645 1766 919 1819 assignandis
961 1766 1151 1820 Collegio
1194 1766 1425 1808 Societatis
1457 1767 1584 1815 JeSU,
1628 1765 1973 1818 quandoquidem

206 1831 418 1874 Moniales
451 1831 492 1872 in
526 1845 576 1873 eo
619 1831 818 1873 habitare
839 1831 1007 1891 ⁴solitae
1041 1832 1295 1874 defecerunt
1310 1833 1339 1881 2,
1383 1831 1434 1872 de
1476 1831 1556 1872 hac
1589 1833 1732 1872 autem
1767 1844 1813 1872 re
1847 1833 1890 1873 et
1922 1830 1974 1872 de

206 1896 391 1939 coeteris
424 1896 620 1938 omnibus
651 1897 851 1950 negotijs,
887 1897 939 1938 de
972 1897 1125 1950 quibus
1157 1899 1300 1939 tecum
1334 1896 1395 1938 isb
1427 1896 1640 1949 loquetur,
1683 1895 1883 1950 petimus,
1926 1898 1975 1938 ut

206 1961 464 2004 fraternitas
496 1964 573 2003 tua
604 1975 752 2015 parem
787 1962 826 2003 ei
857 1962 984 2002 fidem
1017 1962 1190 2012 habeat,
1234 1975 1285 2003 ac
1318 1961 1440 2003 nobis
1471 1960 1576 2015 ipsis
1609 1963 1725 2002 esset
1757 1959 1971 2010 habitura,

207 2030 252 2069 et
284 2032 332 2069 ut
355 2026 590 2079 Collegium
624 2025 714 2068 eius
748 2026 979 2069 Societatis
1011 2026 1164 2068 favore
1187 2041 1237 2068 ac
1270 2027 1413 2069 studio
1445 2040 1522 2067 suo
1547 2025 1778 2078 diligenter
1798 2028 1975 2068 tueatur

207 2095 252 2134 et
284 2092 446 2141 foveat,
489 2091 728 2141 hortamur,
768 2105 850 2132 non
884 2091 1144 2140 dubitamus,
1187 2091 1289 2145 quin
1321 2106 1377 2133 ex
1410 2105 1459 2133 eo
1493 2091 1547 2132 ad
1581 2089 1821 2132 Ecclesiam
1853 2093 1973 2132 tuam

207 2159 333 2199 tanta
355 2156 412 2198 sit
434 2156 602 2198 utilitas
625 2159 924 2209 perventura⁰‚
949 2158 998 2198 ut
1020 2156 1076 2210 pij
1101 2156 1273 2210 Consilij
1297 2156 1374 2206 tui,
1399 2156 1512 2209 quod
1535 2155 1640 2196 illud
1662 2155 1973 2197 instituendum

208 2223 253 2263 et
294 2221 528 2263 dotandum
572 2220 815 2270 curaveris,
859 2221 1064 2274 majorem
1107 2220 1245 2262 indies
1286 2222 1493 2263 Fructum
1534 2219 1843 2274 percepturusd
1884 2219 1970 2261 sis.

209 2286 358 2328 datum
407 2286 572 2327 Romae
619 2285 734 2339 apud
781 2289 979 2328 sanctum
1025 2286 1220 2327 Marcum
1272 2287 1351 2327 sub
1398 2285 1570 2326 Annulo
1624 2284 1852 2338 piscatoris
1905 2283 1972 2325 die

210 2351 302 2393 ,ΧΧ
335 2350 601 2404 Septembris
635 2350 924 2393 .M.D.L.X.V.
959 2351 1236 2404 pontificatus
1268 2350 1419 2393 Nostri
1452 2352 1577 2392 Anno
1612 2350 1758 2392 Sexto,

1086 2422 1238 2464 Anto:e
1270 2421 1539 2464 Florebellus
1571 2420 1852 2462 Lavellinusf.

329 2492 577 2545 Venerabilj
610 2492 751 2545 fratrj,
787 2492 1000 2546 Episcopo
1036 2493 1351 2546 Herbipolensj.

334 2572 500 2606 Dubitari
527 2585 596 2606 non
622 2575 752 2617 potest,
780 2573 864 2616 quin
884 2573 1048 2607 Canisius
1076 2572 1141 2607 hoc
1167 2573 1283 2607 Breve
1301 2572 1485 2617 Herbipoli
1514 2572 1581 2616 ipsi
1601 2572 1780 2605 Friderico
1807 2571 1972 2615 episcopo

211 2625 306 2659 circa
337 2626 368 2659 8.
395 2625 610 2660 Novembris
638 2626 728 2660 1565
756 2626 962 2666 tradiderit;
1000 2626 1081 2659 vide
1117 2637 1226 2671 supra
1262 2638 1294 2670 p.
1325 2626 1402 2659 127.
1452 2625 1550 2658 Idem
1576 2626 1787 2658 Friderieus
1821 2636 1852 2658 a.
1882 2624 1970 2658 1567

214 2677 344 2711 Sancto
378 2678 441 2712 Pio
469 2678 511 2712 V.
548 2691 661 2723 papae
697 2679 861 2724 scripsit:
905 2678 996 2721 „Oro
1032 2682 1141 2723 atque
1176 2680 1322 2713 obsecro
1357 2681 1516 2712 vestram
1552 2678 1818 2719 beatitudinem,
1853 2679 1893 2711 ut
1927 2689 1971 2711 ex

214 2731 331 2772 gratia
366 2733 401 2765 et
436 2731 654 2765 liberalitate
690 2743 755 2765 sua
790 2732 866 2765 sine
901 2732 981 2766 aliis
1013 2733 1102 2766 meis
1128 2733 1297 2777 expensis
1324 2731 1533 2766 confirmet-⁹⁵
1567 2729 1888 2774 incorporationem
1917 2731 1971 2773 (ut

213 2785 356 2825 vocant)
385 2785 592 2818 monasterii
621 2785 668 2827 [S.
689 2784 854 2828 Agnetis]
892 2783 970 2818 cum
1007 2786 1082 2819 suis
1117 2785 1316 2819 redditibus
1351 2784 1501 2827 collegio
1527 2783 1708 2828 praedicto
1735 2782 1771 2826 [i.
1799 2794 1828 2817 e.
1855 2783 1970 2817 herbi-

215 2835 364 2879 polensi]
392 2836 574 2871 societatis
601 2838 687 2871 Jesu
724 2850 744 2872 a
770 2849 825 2872 me
852 2840 970 2872 erecto
991 2864 998 2872 .
1017 2839 1109 2882 quod
1136 2850 1240 2883 spero
1266 2850 1307 2871 eo
1334 2837 1545 2872 clementius
1572 2847 1614 2870 ac
1639 2835 1837 2880 promptius
1862 2836 1972 2870 faciet

215 2890 336 2921 vestra
361 2889 554 2931 beatitudo,
583 2891 706 2934 primo,
733 2891 817 2934 quia
843 2890 1098 2935 praedecessor
1125 2893 1202 2925 eius
1228 2891 1368 2924 faelicis
1393 2889 1651 2924 recordationis
1670 2888 1756 2922 Pius
1774 2888 1834 2922 IV.
1862 2889 1971 2922 breve

215 2951 279 2973 seu
306 2940 498 2984 diplomate
524 2943 718 2986 apostolico
745 2944 898 2986 benigne
924 2944 1110 2987 gratisque
1136 2944 1285 2977 indulsit
1303 2946 1339 2977 et
1356 2943 1534 2977 concessit
1560 2941 1677 2985 (cuius
1695 2941 1815 2975 brevis
1833 2942 1969 2986 copiam

335 3015 362 3045 a)
384 3016 430 3040 lta
452 3018 497 3046 B;
516 3017 546 3041 in
568 3019 592 3042 A
615 3022 640 3042 et
661 3019 683 3043 C
701 3019 770 3043 haec
789 3020 902 3044 desunt.
1018 3018 1049 3049 b)
1069 3020 1105 3044 Ιη
1126 3021 1150 3044 Α
1172 3027 1246 3044 corr.
1267 3027 1302 3043 ea:
1322 3018 1362 3043 id.
1478 3018 1503 3047 c)
1524 3018 1559 3042 In
1578 3018 1603 3041 Α
1624 3024 1698 3041 corr.
1719 3024 1755 3040 ex
1774 3015 1971 3048 proventura.

217 3053 246 3079 di
267 3056 444 3087 accepturus
466 3058 491 3081 D
494 3065 552 3082 eeeee
627 3060 655 3090 e)
677 3059 747 3085 Ant.
767 3061 828 3085 BC.
904 3060 933 3089 f)
957 3062 1034 3090 Quae
1054 3064 1225 3091 sequnntur,
1244 3061 1341 3091 posita
1361 3062 1428 3084 sunt
1449 3066 1484 3083 ea:
1504 3060 1548 3088 B,·
1567 3058 1598 3082 in
1619 3059 1675 3082 Ac
1693 3058 1769 3081 enim
1789 3057 1901 3082 desunt.

339 3151 348 3169 ¹
375 3150 400 3183 Ι.
428 3162 456 3184 e.
484 3152 664 3195 professo;
692 3153 773 3186 vide
799 3164 908 3198 supra
933 3166 966 3198 p.
986 3155 1081 3188 641¹.
1214 3153 1227 3173 ²
1252 3154 1342 3188 Vide
1366 3154 1451 3187 Can.
1471 3151 1521 3186 IV
1546 3152 1615 3186 405
1642 3153 1678 3184 et
1702 3162 1812 3195 supra
1838 3163 1870 3195 p.
1892 3151 1969 3185 182.

338 3202 351 3221 ³
375 3202 444 3236 Per
470 3203 628 3243 Bullam,
657 3204 738 3238 vide
764 3217 873 3249 supra
899 3218 932 3250 p.
953 3207 1019 3241 182
1047 3206 1244 3241 206-207,
