2077 3461
719 196 864 240 Dilinga
894 196 947 231 10.
974 195 1076 231 Febr.
1106 196 1207 230 1565.
1816 197 1839 237 7

78 317 194 371 quod
225 315 464 358 Cardinalis
496 315 550 356 ad
582 316 720 358 multa
752 317 796 358 et
828 315 981 368 gravia
1013 314 1221 357 ecclesiae
1253 328 1357 356 suae
1389 314 1569 368 negocia
1599 313 1708 356 bene
1741 327 1842 355 con-

78 382 300 425 stituenda
331 380 501 422 illorum
533 386 768 434 responsa²
799 383 844 422 et
876 393 1053 434 operam
1084 379 1270 421 libenter
1302 379 1498 421 adhibet:
1537 378 1697 433 partim
1730 378 1841 430 quod

79 446 251 500 longius
274 460 299 488 a
321 444 497 497 reliquis
521 445 665 487 absint
687 445 974 499 Collegijs.et
1005 444 1150 486 nescio
1184 458 1209 486 a
1242 458 1324 497 quo
1348 444 1534 486 Rectore
1566 443 1651 485 alio
1684 443 1840 495 guber-

78 510 262 554 nenturb
293 523 422 563 quam
445 510 496 552 D.
523 509 735 551 Strobelio
749 511 778 560 ¹,
813 510 885 563 qui
915 513 959 553 et
990 509 1081 563 ipse
1104 509 1291 551 Rectore
1323 509 1433 550 bono
1458 508 1612 550 dicitur
1635 508 1841 560 indigere.

78 576 175 618 Hoc
216 574 411 625 dixerim,
454 574 566 627 quod
598 574 754 617 Patres
786 574 963 628 Collegij
997 575 1290 616 Treverenses
1329 587 1398 615 me
1440 572 1753 624 admonuerint,
1795 575 1842 614 ut

77 640 123 682 in
155 641 304 682 urbem
336 639 569 681 scriberem
602 639 654 680 de
686 639 885 681 iuuandis
916 639 1002 681 illis
1034 639 1105 692 qui
1143 653 1198 681 ex
1229 638 1405 680 Colonia
1437 641 1481 680 et
1512 637 1691 679 Treveri
1724 636 1842 679 missi

79 708 203 748 sunte
228 703 437 747 fratribus
455 738 463 747 .
482 703 599 745 inter
620 717 727 756 quos
749 704 888 746 dictus
911 703 1216 746 concionator2
1238 702 1382 745 nescio
1405 716 1534 756 quam
1556 701 1841 744 tentationem

78 769 121 811 in
153 769 246 824 ipso
280 769 471 811 discessu
504 768 679 822 scriptis
712 768 843 810 etiam
877 768 1128 811 declarauit.
1172 768 1335 810 Verum
1369 782 1424 809 ex
1446 767 1563 808 Vrbe
1589 766 1709 808 missi
1742 768 1841 808 sunt

79 833 151 888 alij
194 839 284 876 tres
326 847 432 886 quos
473 833 516 874 in
557 833 712 887 spiritu
745 836 789 875 et
821 833 1049 875 vocatione
1091 847 1169 875 sua
1201 833 1412 874 firmiores
1445 845 1540 874 esse
1573 831 1752 880 confido,
1794 834 1842 872 ut

77 912 183 940 sane
216 912 322 953 opus
355 899 422 940 est
462 897 506 939 in
538 897 622 939 illis
655 897 902 951 regionibus
935 898 1201 948 Sarmaticis,
1237 912 1287 940 ac
1318 896 1577 951 praesertim
1609 896 1651 937 in
1686 895 1841 950 oppido

78 964 192 1006 male
233 963 458 1012 catholico,
501 963 573 1004 ubi
613 977 736 1004 suum
778 962 940 1005 fratres
980 963 1171 1005 habituri
1212 962 1447 1017 Collegium
1490 976 1585 1004 esse
1625 960 1841 1003 videntur.

79 1028 237 1070 Scribit
276 1028 390 1070 inter
430 1027 517 1069 alia
548 1027 789 1070 Cardinalis
830 1028 885 1069 ad
925 1042 1005 1078 me,
1050 1028 1162 1081 quod
1194 1042 1326 1082 aegre
1366 1027 1504 1082 possit
1536 1040 1697 1079 negare
1729 1025 1843 1067 suis‘³

79 1107 202 1135 usum
235 1093 348 1135 sacri
375 1093 533 1143 calicis
567 1093 766 1145 quodque
788 1092 948 1135 nostris
970 1092 1078 1135 velit
1099 1099 1213 1135 rem⁹
1246 1091 1529 1146 permitteref,
1563 1094 1639 1134 aut
1670 1091 1842 1133 illorum

78 1171 209 1212 opera
241 1158 285 1199 in
316 1172 363 1199 re
394 1160 521 1200 tanta
553 1157 781 1201 subleuari.
837 1157 996 1200 Scribit
1029 1158 1161 1201 etiam
1194 1158 1248 1199 ad
1281 1172 1348 1199 me
1380 1158 1431 1200 D.
1460 1156 1710 1199 Theodorus
1742 1155 1843 1197 Lin-

78 1223 230 1273 danus,
272 1222 345 1276 qui
386 1225 516 1265 antea
556 1222 750 1264 Romae3
791 1222 895 1271 fuit,
939 1223 990 1264 de
1030 1223 1242 1265 mittendo
1285 1223 1589 1264 concionatore
1621 1222 1672 1264 D.
1707 1220 1841 1263 Paulo

80 1288 261 1330 Hoffaeo
276 1289 313 1330 4:
348 1287 418 1341 qui
442 1287 567 1329 simul
596 1287 727 1330 etiam
750 1287 807 1330 sit
829 1288 1188 1342 superintendens
1211 1287 1404 1341 Collegij.
1452 1287 1615 1328 Verum
1638 1285 1699 1328 isg
1729 1300 1842 1329 nunc

78 1352 294 1406 Monachij
335 1352 457 1394 nobis
499 1354 567 1394 est
597 1352 744 1394 multis
776 1353 828 1394 de
861 1352 1003 1394 causis
1035 1353 1318 1396 necessarius.
1381 1351 1665 1394 Extrudat
1696 1353 1842 1393 autem

78 1417 341 1459 Dominus
383 1417 674 1471 operarios
713 1417 764 1458 in
805 1417 1060 1459 messemh
1102 1419 1293 1467 suam5‚
1336 1430 1446 1470 quae
1477 1416 1634 1469 ubique
1668 1415 1842 1458 deserta

77 1482 193 1525 iacet
224 1482 268 1524 in
299 1482 364 1524 his
395 1482 660 1536 prouincijsi.

198 1548 502 1601 Expectantur
541 1547 622 1588 hoc
663 1547 757 1588 loco
800 1547 1003 1589 Canonici
1043 1546 1290 1600 Augustani
1337 1560 1432 1588 cum
1475 1545 1701 1588 Cardinale
1747 1544 1841 1598 ipso

78 1612 146 1664 (ut
191 1611 413 1667 putamus)
461 1612 782 1667 expostulaturi
830 1612 881 1654 de
928 1612 1188 1663 immodicis,
1237 1611 1310 1665 qui
1356 1611 1400 1653 in
1443 1611 1525 1652 hac
1572 1612 1681 1652 fiunt
1728 1610 1840 1659 aula,

77 1677 332 1732 sumptibus.
396 1677 554 1719 Audiui
596 1677 708 1730 quod
751 1677 966 1731 culpaturi
997 1677 1229 1719 videantur
1269 1676 1414 1726 etiam,
1458 1689 1513 1717 ex
1553 1675 1714 1717 nostris
1750 1677 1841 1717 tam

78 1743 238 1785 multos
270 1742 498 1796 Dilingaek
529 1742 768 1785 sustentari
800 1742 947 1785 etc:¹⁶.
1011 1742 1216 1785 Promisit
1247 1741 1350 1783 mihi
1382 1740 1634 1791 Cardinalis,
1667 1754 1714 1782 se
1746 1753 1842 1782 cum

77 1807 164 1849 illis
206 1809 403 1849 acturum
444 1810 592 1850 nostro
634 1806 818 1857 nomine,
860 1809 909 1849 ut
941 1810 1059 1849 certo
1092 1806 1278 1848 sciamus
1312 1806 1427 1848 circa
1459 1805 1757 1847 fundationem
1798 1809 1840 1848 et

78 1872 345 1915 dotationem
391 1872 569 1926 Collegij
615 1872 754 1913 nostri
799 1872 898 1925 quid
949 1871 1070 1914 nobis
1118 1872 1169 1913 de
1217 1871 1297 1913 hoc
1341 1871 1537 1925 Capitulo
1582 1869 1840 1923 Augustano

78 1937 274 1991 polliceri
314 1937 578 1992 possimus7:
624 1937 757 1989 quue
801 1939 849 1979 ut
892 1938 970 1979 fiat
1010 1936 1157 1989 magni
1196 1935 1361 1977 referre
1402 1936 1523 1978 duco.
1587 1935 1749 1977 Verum
1791 1935 1842 1976 de

78 2005 239 2044 euentu
270 2005 424 2056 postea
455 2002 641 2044 scribam
673 2001 835 2055 aliquid
868 2001 1041 2044 certius.

197 2118 225 2148 a)
251 2118 296 2142 Ita
318 2118 346 2141 C.
367 2117 494 2141 cori-escit
520 2125 556 2141 ez
581 2115 730 2142 notitiam.
763 2108 768 2114 ”
804 2115 834 2147 1))
862 2118 909 2141 Ita
930 2117 957 2141 C.
979 2116 1106 2140 correxit
1133 2123 1168 2140 ear
1187 2114 1317 2140 Rectore
1344 2112 1525 2145 gubernant.
1599 2114 1624 2145 c)
1653 2114 1790 2145 Sequitur
1819 2121 1840 2137 r.

78 2159 197 2190 aliquod
217 2157 309 2188 (dez21,
329 2158 419 2183 oblitt.
493 2157 522 2188 d)
544 2159 579 2183 In
602 2159 681 2183 arch.
701 2166 775 2183 corr.
795 2166 831 2183 ex
851 2157 957 2188 negari
976 2164 1004 2182 u.
1077 2158 1105 2187 e)
1126 2158 1160 2181 Ιη
1181 2157 1260 2181 arch.
1280 2156 1412 2187 sequitur
1432 2164 1457 2180 Γ.
1471 2155 1578 2185 totam,
1598 2156 1688 2180 oblitt.
1761 2153 1784 2185 f)
1806 2155 1839 2178 In

78 2207 181 2231 may-9„
202 2203 231 2224 ιιι
245 2201 428 2231 sicp1·a(1).5‚
442 2200 510 2224 adn.
524 2206 567 2225 et:
586 2198 669 2224 Nihil
683 2198 939 2231 respondendum.
1000 2199 1029 2229 g)
1051 2199 1098 2222 Ita
1113 2199 1141 2223 C.
1158 2198 1219 2229 ipse
1233 2198 1361 2222 correaeit
1376 2205 1412 2222 en:
1425 2195 1560 2229 Collegij.
1581 2196 1644 2228 Qui.
1712 2195 1742 2225 h)
1764 2197 1790 2220 A
1811 2198 1839 2219 C.

78 2248 152 2267 corr.
171 2249 210 2266 ex
228 2247 372 2266 mensem.
439 2240 459 2272 i)
481 2242 648 2272 Sequuntur
667 2249 709 2267 ἰ-υ.
729 2240 789 2266 Res
809 2240 876 2273 ipsa
894 2239 1037 2269 testatur,
1057 2240 1146 2265 oblilt.
1214 2239 1245 2271 k)
1264 2241 1294 2264 Γ.
1314 2247 1435 2270 sequens
1455 2248 1471 2263 a
1493 2240 1520 2264 C.
1544 2239 1573 2263 ιή
1594 2246 1685 2269 marq.
1705 2237 1836 2261 additum

77 2285 128 2308 est.
203 2281 223 2314 1)
245 2284 352 2314 Apoyr.
368 2290 528 2314 perperam
547 2282 590 2308 25.

202 2443 212 2462 ¹
237 2441 288 2476 De
315 2441 354 2476 P.
383 2440 639 2485 Christophoro
666 2439 855 2475 Strobellio
885 2439 1057 2483 (Sti-ohel)
1085 2439 1167 2473 vide
1196 2440 1284 2473 Can.
1312 2439 1361 2472 IV
1388 2438 1480 2472 574⁴
1508 2438 1588 2471 647.

198 2495 211 2515 2
236 2495 383 2528 Petrum
410 2494 506 2528 Fahe
541 2493 747 2537 significare
782 2493 944 2533 videtur;
981 2493 1040 2537 qui
1068 2492 1348 2527 contionatorem
1381 2494 1416 2525 et
1443 2493 1566 2534 egerat
1591 2489 1768 2529 Treveris,
1806 2492 1839 2522 et

79 2550 227 2582 acturus
262 2550 339 2582 erat
373 2547 659 2590 Braunsbergae.
710 2546 877 2581 Ceterum
904 2547 1038 2580 Hosius
1064 2545 1279 2589 Heilsberga
1317 2544 1371 2579 18.
1398 2543 1554 2578 Ianuarii
1591 2542 1679 2577 1565
1717 2542 1838 2575 Ioanni

79 2601 269 2635 Francisco
300 2600 563 2634 Commendono
598 2599 791 2644 *scripsitz
827 2599 1102 2642 Braunsbergae
1139 2599 1180 2633 11
1209 2598 1398 2632 Societatis
1432 2596 1593 2630 homines
1628 2596 1838 2629 versantur:

83 2657 187 2697 „sunt
221 2653 332 2698 aliqui
368 2657 464 2687 certe
501 2653 605 2687 valde
639 2653 775 2695 idonei,
811 2653 855 2687 ad
890 2664 1019 2686 munus
1054 2652 1121 2686 hoc
1157 2651 1358 2685 obeundum
1394 2649 1572 2683 docendae
1601 2648 1839 2693 juventutis“.

82 2707 143 2750 „R
170 2707 320 2741 Petrus“
350 2706 457 2748 Fahe,
493 2706 576 2740 olim
612 2706 647 2739 in
682 2706 764 2740 aula
798 2705 964 2740 electoris
997 2705 1217 2739 treverensis
1252 2703 1369 2737 officio
1401 2701 1656 2736 contionatoris
1683 2702 1838 2735 functus.

79 2762 136 2795 est
174 2761 250 2802 „vir
282 2760 428 2793 minime
464 2759 626 2803 vulgaris
664 2761 700 2792 et
738 2758 922 2793 doctrinae
957 2760 993 2792 et
1027 2757 1295 2792 sanctimoniae.
1347 2757 1478 2790 Hector
1513 2757 1568 2789 est
1602 2754 1707 2788 homo
1732 2753 1838 2788 valde

79 2813 234 2859 simplex
261 2815 297 2847 et
322 2816 443 2847 rectus
469 2824 510 2846 ac
536 2813 667 2846 timens
685 2812 818 2846 Deum“
842 2811 903 2855 (ex
922 2811 1138 2856 archetypo:
1167 2810 1260 2854 quod
1288 2811 1409 2843 exstat
1437 2809 1469 2842 in
1496 2807 1642 2842 archivo
1661 2807 1837 2842 vaticano.

83 2867 247 2909 „Lettere
265 2866 300 2900 di
318 2866 475 2911 Principi
494 2866 558 2899 24⁸⁴
580 2865 605 2900 f.
624 2865 699 2908 39).
734 2865 786 2899 De
806 2865 1077 2899 treverensibus
1104 2863 1176 2897 illis
1202 2862 1334 2896 litteris
1361 2862 1442 2896 vide
1465 2862 1551 2896 Can.
1572 2860 1620 2894 IV
1640 2861 1836 2895 796—797.

199 2920 212 2939 ³
237 2920 277 2953 In
303 2919 453 2962 collegio
480 2919 704 2962 germanico;
732 2918 813 2952 vide
844 2918 930 2951 Can.
958 2917 1006 2950 IV
1034 2917 1113 2951 760.

199 2974 211 2992 ⁴
237 2972 272 3006 Is
298 2975 384 3006 tunc
410 2974 527 3006 rector
553 2971 693 3014 collegii
721 2971 946 3005 monacensis
965 2972 1052 3004 erat.
1088 2970 1139 3002 De
1159 2968 1308 3002 Lindani
1327 2967 1460 3001 litteris
1478 2967 1560 3000 vide
1582 2968 1668 3001 Can.
1689 2966 1737 2999 IV
1758 2966 1836 3000 760.

200 3026 213 3045 ⁵
238 3025 293 3059 Mt
318 3026 349 3067 9,
377 3025 432 3060 38.
468 3024 516 3059 Lc
546 3024 598 3061 10,
626 3024 658 3058 2.
709 3023 761 3057 De
791 3023 1010 3066 „Extrudat“
1042 3022 1087 3056 cf.
1117 3023 1203 3055 Can.
1233 3022 1245 3054 1
1273 3021 1368 3055 364⁵.

199 3078 212 3098 ⁶
236 3077 328 3112 Vide
357 3079 444 3112 Ccm.
471 3077 521 3111 IV
547 3077 627 3112 930.

199 3131 211 3151 ⁷
238 3130 287 3164 Ut
321 3131 462 3174 collegii
497 3129 671 3173 dilingani
707 3129 868 3163 fundatio
904 3129 1002 3162 esset
1038 3127 1159 3169 firma,
1199 3138 1393 3161 consensus
1433 3125 1579 3170 capituli
1619 3124 1836 3160 cathedralis

79 3183 268 3218 accederet
293 3195 439 3218 necesse
466 3185 561 3218 erat:
590 3183 671 3217 vide
702 3183 787 3216 Can.
816 3181 864 3216 IV
892 3182 936 3216 33
964 3181 1032 3215 334
1059 3181 1139 3214 930.
