2077 3461
257 212 339 253 100
613 210 713 244 1245.
741 210 891 244 Ioannes
917 209 1071 244 Michael
1098 209 1296 244 Saracenus
1323 212 1392 245 etc.
1419 209 1560 244 Canisio
1586 212 1653 245 etc.

253 325 403 363 1245.
526 326 823 361 CARDINALES
878 324 1175 362 IOANNES
1227 325 1539 361 MIGHAEL
1591 325 2009 366 SARAGENUs,

420 378 717 415 IOANNES
746 378 1101 415 BAPTISTA
1128 377 1404 421 CICADA,
1438 378 1733 415 IOANNES
1761 378 2009 416 SUAVIS

418 431 813 475 REOMANUS.
871 431 1183 468 MICHAEL
1241 430 1637 474 GISLERIUS,
1698 431 2008 468 CLEMENS

417 484 716 527 DOLERA,
740 483 1128 522 LUDOVIGUS
1157 483 1526 526 SlMONETA,
1550 483 2008 521 VITELLOTIUS

416 537 805 580 VITELLIUS,
832 536 1259 573 FRANOISCUS
1278 536 1638 580 ALCIATUS,
1657 538 1887 582 inquisitores
1905 550 2009 582 gene-

416 591 531 634 rales,
574 591 645 625 PP.
682 590 838 625 PETRO
876 590 1086 628 CANISIO.
1121 590 1330 625 NICOLAO
1366 590 1562 631 LANOIO,
1601 591 1814 626 ANTONIO
1850 591 2009 633 VINCK,

418 643 727 679 THEODORICO
755 642 955 685 CANISIO,
982 642 1246 677 FRANCISCO
1274 642 1499 685 COSTERQ
1527 644 1561 678 S.
1588 644 1621 678 J.

1390 696 1503 731 Roma
1529 697 1584 731 27.
1612 697 1832 742 Septembris
1861 698 1961 732 1565.

370 768 425 803 Ex
460 769 622 813 exemplo
657 767 871 813 archetypo,
906 767 941 800 in
976 767 1183 801 membrana
1217 767 1351 812 scripto
1389 767 1442 809 (2O
1472 767 1639 809 transv.)‚
1674 768 1838 802 manibus
1872 770 2009 813 septem

251 822 484 856 cardinalium
519 821 768 865 inquisitorum
804 826 839 854 et
873 819 1059 854 secretarii
1093 820 1334 864 inquisitionis
1368 820 1581 865 subscripto,
1617 821 1673 854 cui
1707 820 1865 864 sigillum
1897 821 2009 865 inqui-

250 875 389 909 sitionis
415 875 593 918 generalis
618 875 653 907 in
680 885 760 907 cera
795 873 903 907 rubra
930 874 1142 917 impressum
1169 875 1204 907 et
1235 873 1353 908 bullae
1379 873 1579 908 metallicae
1610 874 1786 908 inclusum
1813 886 2009 919 appensum

252 930 317 963 est.
362 929 492 962 Exstat
517 927 748 962 Vindobonae
774 928 809 960 in
836 926 982 960 archivo
1009 926 1112 960 aulae
1139 938 1328 961 caesareae
1358 927 1415 969 (Κ.
1443 927 1485 960 Κ.
1513 927 1638 968 Hans„
1666 927 1750 961 Hof-
1777 929 1847 962 und
1874 927 2009 962 Staats-

251 981 384 1022 archiv,
426 981 570 1023 „GeistL
590 980 725 1014 Archiv
750 980 838 1014 fasc.
859 981 914 1019 59,
941 979 1027 1024 Rep.
1047 979 1101 1019 V„
1137 980 1197 1013 fol.
1217 981 1281 1014 73‘
1310 980 1517 1024 signaturae
1544 980 1742 1024 antiquae).
1792 980 2008 1014 Litterarum

251 1035 309 1069 vel
336 1035 454 1079 potius
482 1034 594 1079 partis
620 1034 824 1068 litterarum
850 1044 1027 1067 summam
1053 1033 1198 1067 brevem
1225 1035 1345 1078 posuit
1370 1035 1510 1077 Hopfen
1540 1033 1561 1068 l.
1581 1046 1610 1068 c.
1630 1034 1710 1069 229.

373 1112 583 1145 cardinales
608 1111 836 1154 inquisitores
858 1110 1039 1152 qenerales
1068 1111 1211 1143 canisio
1238 1111 1451 1154 reliquisque
1478 1112 1662 1144 societatis
1685 1122 1749 1154 lter
1778 1112 2006 1144 Germaniam

245 1165 529 1209 provincialibus
554 1168 583 1197 et
610 1164 961 1207 riceprove'ncialibus
981 1167 1184 1206 potestateve
1211 1164 1373 1197 tribuunt
1399 1164 1508 1197 libros
1528 1165 1727 1207 prohibitos
1755 1165 1787 1196 ῖη
1813 1165 2007 1197 Germania

250 1220 400 1262 aliisque
424 1219 510 1251 loeis
535 1218 672 1250 haeresi
699 1218 837 1259 infectis
864 1217 1039 1249 retinendi
1065 1221 1093 1249 et
1129 1217 1263 1260 leyenda?
1288 1222 1391 1260 atque
1416 1218 1543 1250 ibidem
1569 1218 1759 1250 haereticos
1785 1228 1911 1259 omnes,
1948 1218 2010 1260 qni

249 1272 406 1305 haereses
426 1269 726 1315 υ(τὸιίινιῑιωενῐηιίί,
748 1271 961 1313 poenitentia
982 1271 1141 1312 imposita
1162 1272 1196 1302 in
1218 1271 1391 1303 ecclesiam
1410 1272 1626 1313 recipiendh·
1653 1271 1772 1303 iisdem
1786 1273 2008 1312 permittunt,

253 1330 287 1358 nt
312 1326 445 1368 sinyeclz'
471 1325 603 1357 easdem
626 1328 811 1366 potestates
837 1334 912 1355 cum
941 1323 1077 1356 duobus
1103 1323 1186 1355 aliis
1212 1325 1473 1357 eommmzieent.

368 1403 460 1444 Nos
492 1403 682 1443 IoANNEs
715 1414 913 1442 MICHAEL
948 1400 1133 1442 Sanctae
1166 1400 1367 1453 Agathae
1401 1401 1653 1451 Sameenus,
1696 1400 1764 1441 Io:
1808 1400 2007 1454 Baptista

251 1468 398 1510 Sancti
447 1466 678 1509 Clementis
723 1465 902 1514 Cicada,
950 1465 1021 1507 Io:
1067 1465 1221 1507 Suauis
1267 1466 1454 1508 Sanctae
1500 1465 1674 1507 Priscae
1719 1466 2005 1514 Reomanus1,

250 1533 434 1575 Michael
483 1531 720 1574 Ghislerius
766 1531 952 1573 Sanctae
1000 1531 1164 1572 Mariae
1212 1544 1344 1584 supra
1387 1531 1627 1572 Mineruam
1673 1530 2005 1580 Alexandrinus,

250 1598 445 1640 Clemens
490 1612 515 1639 a
556 1596 733 1638 Monilia
777 1596 963 1638 Sanctae
1004 1595 1169 1637 Mariae
1211 1597 1327 1637 Arae
1369 1595 1525 1643 Coeli‘2,
1574 1595 1815 1637 Ludouicus
1860 1595 2008 1638 Sancti

250 1663 432 1705 Chiriaci
455 1663 497 1704 in
520 1662 716 1703 Thermis
740 1661 959 1703 Simoneta
982 1661 1244 1713 Presbyteri,
1279 1663 1342 1702 Ac
1361 1661 1610 1703 Vitellotius
1635 1661 1819 1703 Sanctae
1842 1661 2006 1703 Mariae

250 1728 294 1770 in
342 1728 411 1769 uia
462 1728 553 1769 lata
600 1727 786 1768 Sanctae
833 1726 1054 1767 Romanae
1101 1725 1322 1767 Ecclesiae
1370 1725 1639 1767 Camerarius
1687 1725 1909 1775 Vitellius,
1963 1728 2008 1768 et

250 1793 506 1835 Franciscus
539 1793 724 1834 Sanctae
758 1792 980 1834 Susannae
1012 1790 1208 1832 Alciatus
1241 1791 1420 1832 Diaconi
1453 1791 1689 1841 titulorum,
1729 1790 2005 1833 miseratione

251 1858 407 1900 Diuina
439 1858 625 1899 Sanctae
657 1857 878 1898 Romanae
901 1855 1120 1897 Ecclesiae
1153 1855 1414 1898 Cardinales.
1468 1856 1515 1896 In
1548 1855 1748 1898 uniuersa
1772 1856 2005 1910 Republica

251 1923 496 1965 Christiana
544 1936 593 1963 ac
639 1924 732 1964 toto
781 1921 882 1962 orbe
922 1921 1175 1969 Terrarum,
1225 1924 1376 1963 contra
1417 1921 1695 1962 Haereticam
1742 1921 2003 1974 prauitatem

250 1988 532 2041 Inquisitores
573 1987 800 2039 generales
842 2000 867 2027 a
909 1986 1069 2027 Sancta
1112 1986 1221 2027 Sede
1254 1986 1505 2039 Apostolica
1546 2000 1596 2028 ac
1639 1986 1918 2028 Sanctissimo
1960 1986 2004 2027 in

251 2053 418 2096 Christo
442 2053 587 2102 Patre,
621 2054 664 2093 et
687 2051 867 2092 Domino
900 2054 1048 2093 nostro
1081 2050 1263 2092 Domino
1296 2051 1370 2092 Pio
1394 2051 1551 2092 Diuina
1583 2050 1853 2104 prouidentia
1885 2051 2004 2105 Papa

252 2122 405 2172 quarto
448 2117 694 2171 specialiter
737 2116 953 2169 deputati,
1003 2116 1135 2157 Vobis
1176 2115 1442 2157 Reuerendis
1484 2116 1684 2157 Patribus
1727 2116 1832 2159 ‚DD.
1874 2116 2003 2159 Petro

252 2183 433 2233 Canisio,
466 2182 645 2224 Nicolao
678 2181 840 2234 Lanoy,
875 2180 1062 2222 Antonio
1091 2180 1243 2230 Vinck,
1279 2180 1542 2223 Theodorico
1575 2180 1757 2230 Canisio,
1792 2184 1836 2223 et
1869 2181 2000 2222 Fran-

252 2249 364 2290 cisco
397 2249 575 2290 Costero
608 2246 659 2287 de
692 2246 910 2287 Societate
944 2246 1039 2287 Iesu
1065 2245 1221 2287 Sacrae
1245 2245 1505 2298 Theologiae
1528 2246 1739 2287 Professis
1752 2247 1780 2296 3,
1816 2246 2002 2288 auctori-

251 2317 344 2356 tate
376 2312 513 2355 nostri
536 2311 678 2364 officij,
711 2310 795 2352 imo
828 2310 971 2352 uerius
995 2310 1244 2364 Apostolica
1277 2311 1398 2351 nobis
1429 2311 1471 2351 in
1505 2311 1584 2352 hac
1615 2314 1739 2365 parte
1762 2311 2000 2361 commissa,

252 2378 470 2421 licentiam
494 2377 778 2426 concedimus,
809 2379 851 2418 et
874 2375 1167 2429 impartimur;
1203 2376 1261 2417 Vt
1284 2389 1559 2428 quoscunque
1580 2376 1711 2417 libros
1734 2376 2000 2425 Haereticos,

253 2458 303 2486 ac
344 2442 581 2497 prohibitos
612 2445 761 2484 tenere
805 2443 848 2482 et
881 2441 1039 2492 legere,
1082 2440 1135 2481 ad
1168 2441 1367 2482 effectum
1401 2444 1551 2482 contra
1582 2440 1678 2481 illos
1709 2440 2000 2494 impugnandi.

253 2512 296 2550 et
328 2508 507 2562 quilibet
547 2509 740 2549 uestrum
780 2505 944 2546 duobus
986 2505 1081 2558 alijs
1121 2505 1287 2559 probis,
1331 2507 1374 2547 et
1407 2505 1659 2553 Catholicis,
1702 2519 1753 2546 ac
1793 2506 2000 2558 probatae

253 2572 556 2622 conscientiae,
594 2585 644 2613 ac
677 2570 815 2613 doctis
846 2570 963 2618 uiris,
1006 2570 1186 2611 eandem
1219 2570 1436 2611 licentiam
1470 2571 1715 2623 concedere,
1758 2584 1807 2611 ac
1839 2584 2000 2621 omnes,

254 2642 296 2680 et
329 2650 604 2691 quoscunque
646 2636 699 2678 ad
741 2635 948 2688 gremium
985 2636 1170 2676 Sanctae
1202 2635 1355 2677 Matris
1388 2635 1632 2677 Catholicae
1666 2635 1884 2676 Romanae
1916 2635 2000 2676 Ec-

255 2703 432 2752 clesiae,
482 2715 611 2756 puro
659 2703 703 2742 et
749 2701 914 2742 sincero
963 2700 1164 2749 corde4,
1219 2713 1269 2740 ac
1316 2699 1427 2741 fide
1479 2714 1581 2741 non
1633 2699 1800 2740 ficta5
1846 2703 1999 2754 sponte

376 2819 383 2837 ¹
413 2817 511 2851 Alias
543 2816 811 2859 „Reumanus“;
838 2819 938 2850 ortus
966 2819 1042 2850 erat
1069 2828 1112 2849 ex
1140 2816 1316 2856 Rieumes,
1343 2816 1429 2849 urbe
1457 2815 1593 2849 Galliae
1619 2815 1870 2849 meridionalis.

373 2870 385 2889 ‘2
411 2870 462 2903 De
490 2870 728 2904 cardinalibus
754 2869 929 2904 Michaele
957 2869 1123 2903 Ghislieri
1151 2868 1191 2902 O.
1219 2869 1276 2903 Pr.
1305 2869 1380 2912 (qui
1408 2871 1530 2913 postea
1556 2868 1590 2902 S.
1616 2868 1702 2901 Pius
1729 2867 1770 2902 V.
1798 2880 1889 2913 papa
1916 2869 1998 2912 fuit)

253 2926 289 2957 et
315 2922 496 2956 Clemente
523 2923 651 2956 Dolera
686 2922 726 2956 Ο.
754 2923 792 2957 F.
818 2923 866 2957 M.
904 2922 979 2966 (qui
1007 2934 1051 2955 ex
1076 2922 1267 2965 Moneglia,
1303 2923 1429 2966 oppido
1464 2933 1571 2966 prope
1599 2920 1757 2954 Genuam
1785 2922 1864 2961 sito,
1900 2924 1998 2956 ortus

254 2976 346 3017 erat)
376 2976 419 3008 cf.
447 2987 555 3019 supra
581 2988 613 3020 p.
641 2977 696 3009 96.

373 3029 385 3047 3
411 3028 480 3062 ΡΡ.
507 3028 635 3061 Petrus
663 3028 836 3069 Canisius,
870 3027 1032 3069 Lanoius,
1058 3028 1175 3061 Vinck
1201 3028 1464 3072 provinciarum
1491 3026 1680 3060 Societatis
1707 3026 1916 3061 Germaniae
1941 3038 1999 3061 su-

253 3080 411 3125 perioris,
444 3082 653 3120 austriacae,
689 3081 867 3115 rhenanae
901 3081 1092 3125 praepositi
1128 3080 1376 3125 provinciales,
1412 3080 1481 3113 ΡΡ.
1508 3079 1747 3113 Theodoricus
1774 3080 1937 3114 Canisius
1963 3082 1998 3114 et

253 3134 464 3168 Franciscus
479 3133 646 3167 Costerus
662 3133 873 3167 Germaniae
887 3134 1079 3178 superioris
1093 3137 1127 3167 et
1143 3133 1354 3167 Germaniae
1369 3132 1542 3166 inferioris
1556 3132 1872 3176 viceprovinciales
1886 3135 1998 3167 erant.

373 3188 385 3205 4
415 3187 430 3220 1
458 3186 536 3219 Tim
566 3187 594 3226 1,
622 3187 653 3220 5.
704 3187 724 3219 2
750 3187 827 3219 Tim
854 3188 886 3226 ⁶2,
914 3187 968 3220 22.
1112 3188 1125 3205 ⁵
1153 3188 1167 3220 1
1197 3186 1275 3219 Tim
1304 3187 1332 3227 1,
1358 3186 1390 3219 5.
1440 3185 1461 3218 2
1487 3185 1564 3218 Tim
1593 3186 1621 3221 1,
1649 3186 1680 3219 5.
