2045 3471
356 186 451 220 Mon.
470 186 538 221 910
564 185 642 220 sive
669 196 744 219 var.
767 185 856 229 (30).
895 185 927 219 A
953 185 985 219 d.
1005 184 1061 219 30.
1079 184 1172 218 Iunii
1199 183 1242 218 ad
1269 184 1301 218 7.
1321 183 1402 217 Iulii
1423 183 1523 218 1567.
1732 182 1818 226 855

180 305 393 347 Judicaua
424 305 467 346 in
499 305 619 346 nulla
650 304 843 346 maniera
875 303 1080 346 conuenir
1101 303 1219 345 accio
1244 303 1322 345 che
1354 303 1508 345 adesso
1541 302 1577 344 si
1608 304 1820 344 trattasse

63 383 157 411 com
189 369 218 410 il
252 369 456 423 capitulo,
491 373 535 412 et
567 369 645 411 che
676 383 763 411 non
794 369 829 411 si
863 369 1006 423 potria
1029 368 1199 422 espedir
1230 381 1358 410 sensa
1381 367 1569 421 capitulo
1601 366 1819 420 generale,

63 435 93 476 il
126 435 253 488 quale
285 435 318 476 si
352 435 532 477 haueria
564 435 602 475 d'
627 436 862 488 espettare‚
896 437 940 476 et
961 433 1133 476 interim
1167 432 1201 474 si
1226 435 1454 475 essortaua
1477 432 1555 474 che
1578 431 1820 473 vedessimo

65 499 107 541 di
140 499 321 552 qualche
353 499 478 541 modo
512 499 590 541 che
622 499 652 540 il
685 498 874 553 capitulo
910 499 1094 541 hauesse
1126 497 1308 551 qualche
1349 496 1644 539 satisfattione
1677 499 1720 539 61
1752 509 1821 538 se-

63 566 187 606 curta
220 564 287 605 del
320 564 602 618 predicatore,
635 563 722 605 luoi
753 564 942 605 anchora
975 562 1120 604 vorria
1150 562 1220 604 far
1250 562 1280 603 il
1313 561 1458 604 debito
1491 575 1567 603 suo
1601 563 1644 603 et
1677 561 1821 615 dispo-

63 642 166 670 nere
198 632 361 681 quanto
385 628 525 671 sarria
547 628 750 682 possibile
772 628 812 669 le
834 641 1016 682 persone
1040 627 1108 669 del
1131 626 1320 681 capitulo
1342 626 1458 668 intra
1481 627 1633 680 questo
1659 628 1820 679 tempo,

63 707 195 747 penso
229 693 306 735 che
338 693 368 735 il
391 693 581 747 capitulo
614 693 819 746 generale
841 692 876 734 si
898 692 995 734 fara
1027 691 1070 733 in
1094 692 1265 734 ottobre
1289 705 1312 732 0
1336 691 1377 733 al
1399 691 1484 732 fine
1507 690 1549 732 di
1571 689 1820 740 settembre,

64 758 332 800 Desideraua
365 759 553 800 anchora
586 758 664 800 che
705 757 766 811 gli
798 756 1089 800 mandassimo
1132 756 1314 798 alchune
1355 755 1599 798 fundationi
1634 755 1747 797 fatte
1777 754 1823 796 in

63 823 282 876 almagnia
313 837 444 864 senza
476 823 753 875 obligatione,
787 836 864 876 per
886 822 963 864 che
986 836 1079 863 com
1103 821 1314 875 essempio
1339 820 1380 862 di
1403 820 1505 863 altri
1537 819 1666 861 simili
1688 819 1822 861 molto

63 888 100 929 si
131 887 411 930 muoueriano
444 887 575 941 quelli
617 888 685 929 del
718 887 920 941 capitulo,
964 889 1008 929 et
1049 886 1137 929 cosi
1177 886 1205 928 li
1249 886 1303 927 ho
1344 887 1509 928 lassato
1550 886 1593 927 la
1625 884 1748 939 copia
1780 884 1822 925 di

64 953 209 1006 quella
242 952 283 994 di
323 952 534 1006 herbipoli
550 954 577 1003 1,
622 953 781 994 vedero
825 952 867 993 di
907 954 1033 1006 poter
1072 951 1209 993 hauer
1250 951 1433 993 alchune
1474 951 1602 1001 altre,
1644 949 1698 991 ho
1738 949 1822 990 ben

64 1018 209 1071 quella
241 1018 281 1059 di
314 1017 539 1059 monachio
573 1020 616 1060 et
647 1017 921 1070 ingolstadi0‚
954 1031 1026 1059 ma
1048 1031 1132 1058 non
1155 1018 1224 1058 est
1244 1030 1270 1058 a
1291 1015 1513 1070 proposito
1536 1029 1612 1069 per
1634 1017 1824 1057 mostrar

65 1098 92 1126 a
123 1083 229 1133 loro,
272 1096 349 1136 per
381 1083 420 1124 16
453 1082 707 1136 obligationj
742 1082 781 1124 di
824 1081 1098 1136 predicatore
1131 1084 1228 1131 etc.,
1270 1081 1311 1122 le
1343 1080 1461 1133 quali
1492 1080 1522 1122 li
1554 1080 1591 1122 si
1621 1082 1820 1130 trouanO,

65 1147 229 1198 Questa
262 1147 468 1190 dilatione
501 1161 524 1188 e
556 1161 685 1200 parso
718 1148 759 1188 al
792 1146 1047 1188 Reuerendo
1080 1146 1126 1189 P.
1160 1145 1321 1188 canisio
1355 1148 1400 1187 et
1431 1160 1457 1187 a
1488 1158 1556 1186 me
1588 1144 1744 1194 buona,
1777 1145 1824 1186 et

65 1213 154 1254 cosi
177 1214 246 1254 sta
269 1211 454 1254 differito
477 1211 504 1253 il
528 1212 704 1264 negotio
737 1212 780 1253 in
805 1212 916 1254 altro
948 1214 1108 1265 tempo,
1143 1213 1187 1253 et
1208 1224 1413 1264 pensamo
1446 1209 1525 1251 che
1556 1209 1657 1251 sara
1688 1208 1823 1251 anche

67 1277 288 1319 conforme
321 1277 408 1319 alla
430 1277 611 1319 volunta
644 1277 758 1318 della
782 1276 841 1319 .P.
865 1276 933 1325 V.,
968 1276 1094 1317 Della
1126 1276 1253 1329 quale
1285 1289 1411 1329 spero
1434 1274 1606 1316 interim
1629 1273 1823 1315 riceuero

66 1343 167 1396 quel
198 1342 486 1384 instrumento
520 1343 543 1382 ό
576 1341 728 1382 modo²
759 1355 837 1382 con
870 1341 912 1382 lo
945 1341 1072 1394 quale
1094 1341 1146 1382 V.
1171 1341 1216 1383 P.
1251 1340 1379 1381 vuole
1412 1340 1612 1382 ordinare
1645 1339 1686 1380 al
1718 1338 1824 1380 Pro-

66 1407 246 1450 uintiale
279 1406 347 1448 del
369 1406 519 1447 Rheno
553 1405 631 1447 che
662 1406 820 1447 habbia
852 1419 1022 1459 sempre
1045 1420 1102 1446 vn
1125 1404 1423 1459 predicatoreb
1445 1403 1687 1446 sufficiente
1707 1403 1824 1445 nella

67 1471 213 1514 chiesa
246 1471 496 1514 cathedrale
519 1470 560 1511 di
582 1470 698 1524 spira
712 1471 741 1520 2,
775 1472 819 1512 et
851 1470 1041 1512 anchora
1072 1470 1100 1511 l'
1119 1470 1407 1512 instrumento
1441 1468 1483 1510 di
1516 1468 1637 1510 detta
1669 1467 1824 1509 funda-

66 1537 184 1580 tione
218 1537 258 1578 di
292 1539 443 1589 questo
477 1535 658 1587 collegio
691 1535 885 1589 spirense
918 1537 1107 1577 corretto
1138 1535 1182 1576 in
1213 1535 1276 1576 tal
1309 1534 1450 1576 forma
1472 1535 1517 1575 et
1549 1533 1674 1574 modo
1704 1546 1824 1574 come

68 1603 120 1644 V.
146 1602 191 1646 P.
225 1602 265 1643 lo
298 1601 426 1642 vuole
459 1603 694 1649 accettare,
728 1600 1108 1642 condescendendo
1142 1602 1186 1642 et
1220 1599 1480 1641 consolando
1514 1598 1655 1651 questi
1687 1598 1825 1639 Cano-

65 1666 151 1708 nici
183 1668 346 1719 quanto
379 1680 479 1707 sara
512 1664 728 1719 possibile,
762 1665 791 1705 il
825 1664 903 1706 che
935 1666 1242 1706 strettamente
1274 1677 1408 1718 prego
1441 1664 1483 1705 la
1516 1663 1566 1705 R.
1591 1663 1637 1705 P.
1658 1663 1710 1705 V.
1745 1662 1824 1704 che

63 1730 206 1773 faccia
251 1733 295 1772 et
339 1745 432 1772 cum
478 1730 543 1771 lac
584 1730 722 1783 prima
763 1729 1023 1771 commodita
1067 1729 1186 1771 accio
1228 1729 1306 1770 che
1351 1728 1386 1769 si
1431 1728 1548 1769 forze
1592 1727 1824 1769 accadesse

65 1795 248 1849 qualche
280 1795 491 1837 difficulta
522 1794 752 1836 habbiamo
784 1796 930 1848 tempo
964 1794 1005 1835 di
1038 1794 1259 1835 consultar
1291 1807 1387 1835 cum
1419 1793 1462 1835 la
1484 1792 1522 1834 R
1544 1792 1660 1834 PVd
1682 1794 1705 1833 6
1729 1806 1823 1834 com

65 1862 94 1902 il
129 1862 165 1902 R
188 1860 220 1901 P
253 1860 396 1902 nadal.

184 1925 306 1966 Hieri
338 1924 407 1978 poi
450 1938 609 1978 pranso
642 1923 804 1965 incirca
846 1924 885 1965 le
928 1924 1033 1966 hore
1064 1927 1133 1966 tre
1165 1923 1235 1978 poi
1267 1925 1408 1965 metzo
1446 1922 1598 1976 giorno
1631 1921 1667 1963 si
1708 1921 1824 1975 parti

65 1991 94 2032 il
128 1991 177 2032 R.
203 1990 247 2033 P.
283 1989 446 2031 canisio
479 1989 567 2031 alla
598 1989 721 2030 volta
754 1988 795 2030 di
828 1992 1126 2041 argentorato,
1171 1992 1215 2031 et
1248 2002 1341 2030 com
1375 2002 1470 2029 esso
1505 2002 1561 2028 vn
1594 1987 1748 2028 nuncio
1782 1986 1825 2028 di

66 2055 318 2107 Monsignor
335 2053 712 2096 Reuerendissimo
738 2054 1021 2106 moguntino3
1043 2053 1084 2095 lo
1108 2054 1209 2106 qual
1231 2067 1256 2094 a
1278 2058 1369 2094 mee
1392 2053 1448 2094 ha
1465 2051 1823 2106 accompagniato

66 2120 238 2173 quando
271 2133 375 2161 sono
409 2119 570 2161 andato
604 2118 659 2160 ad
687 2118 911 2172 Herbipoli
944 2121 989 2161 et
1021 2118 1175 2160 adesso
1207 2117 1396 2159 anchora
1429 2131 1522 2159 com
1554 2116 1624 2158 noi
1659 2115 1760 2158 altri
1782 2115 1826 2158 ef

66 2186 230 2226 venuto
265 2184 305 2225 di
337 2183 564 2237 moguntia
597 2197 622 2224 a
654 2183 785 2236 spira.

185 2264 412 2298 Francofurti
438 2263 604 2298 Canisius
630 2263 797 2297 Ioannem
824 2263 1053 2308 Schwayger,
1080 2263 1278 2307 collegialis
1305 2263 1477 2297 ecclesiae
1505 2263 1544 2297 B.
1560 2261 1665 2296 M.V.
1685 2261 1825 2296 canoni-

67 2330 159 2359 cum,
194 2317 320 2351 invisit
345 2319 382 2351 et
407 2317 438 2351 ei
465 2320 590 2351 auctor
619 2316 698 2357 fuit,
733 2318 773 2350 ut
799 2316 834 2350 S.
854 2317 1045 2360 Augustini
1078 2316 1370 2359 „Confessiones“
1401 2316 1435 2349 in
1463 2315 1710 2360 compendium
1735 2315 1825 2349 redi-

68 2373 170 2415 geret
207 2370 306 2413 (Divi
333 2369 469 2404 Aurelii
501 2369 693 2412 Augustini
730 2368 1000 2403 Confessionum
1036 2369 1117 2403 libri
1154 2369 1248 2403 XIII.
1285 2370 1320 2403 in
1358 2369 1546 2414 Epitomen
1581 2368 1727 2409 redacti,
1763 2379 1826 2413 per

67 2425 109 2458 D.
136 2424 305 2458 Ioannem
333 2423 624 2466 Schrvayqerum‚
652 2421 818 2456 Coloniae
846 2423 946 2463 1569,
973 2423 1042 2457 litt.
1071 2422 1182 2456 dedic.
1210 2423 1245 2456 in
1272 2423 1342 2456 3ff.
1369 2434 1437 2455 non
1463 2421 1586 2465 sign.).

187 2476 385 2518 Collegium
420 2475 581 2520 spirense
615 2487 660 2509 m.
681 2475 867 2509 Decembri
897 2476 986 2510 1566
1022 2475 1227 2509 incohatum
1262 2478 1350 2516 crat,
1387 2475 1425 2509 P.
1445 2474 1614 2508 Hermete
1640 2473 1826 2518 Halbpaur

68 2532 243 2564 rectorem
269 2529 346 2563 sive
372 2529 590 2573 superiorem
619 2530 655 2562 et
680 2529 960 2562 contionatorem
988 2529 1161 2563 ecclesiae
1188 2528 1405 2562 cathedralis
1431 2530 1561 2571 agente
1583 2526 1688 2572 (Epp.
1706 2528 1827 2561 Nadal

68 2584 119 2617 III
145 2583 243 2626 357).
287 2582 342 2616 Fr.
364 2583 553 2626 „Andreas
571 2582 859 2625 Mayninyensis²
882 2582 916 2616 S.
935 2582 968 2615 J.
996 2582 1030 2615 in
1057 2582 1182 2626 primis
1209 2581 1349 2624 collegii
1375 2584 1393 2600 ἵ·
1404 2580 1551 2615 Litteris
1577 2581 1705 2614 annuis
1723 2579 1826 2625 Spira

73 2637 126 2670 11.
154 2635 310 2679 Augusti
351 2636 441 2669 1567
481 2635 575 2669 datis
610 2635 731 2675 refert,
772 2635 864 2668 domi
903 2635 1033 2677 degere
1073 2636 1091 2667 7
1119 2634 1300 2668 homines:
1340 2634 1361 2668 2
1392 2637 1526 2679 patres,
1565 2633 1585 2667 3
1620 2633 1826 2677 magistros,

189 2712 215 2742 a)
236 2711 374 2742 Sequitur
394 2709 432 2740 lo,
452 2711 541 2735 amnt.
609 2710 639 2736 bi
661 2711 799 2742 Sequitur
819 2709 906 2740 nella,
926 2710 1016 2734 oblite.
1084 2712 1110 2739 c)
1132 2712 1155 2735 Α
1172 2711 1200 2735 Γ.
1215 2713 1372 2735 correctum
1394 2718 1430 2734 ea:
1450 2708 1481 2734 61
1500 2708 1568 2735 alla.
1639 2708 1669 2739 (1)
1690 2709 1827 2741 Sequitur

69 2752 110 2783 et,
130 2753 220 2778 oblite.
294 2752 322 2783 6)
343 2753 482 2783 Sequitur
501 2751 541 2781 et,
561 2752 650 2776 oblim.
727 2752 753 2782 s)
775 2752 942 2782 Sequuntur·
962 2759 1004 2776 vr.
1025 2752 1140 2776 vcnuto
1161 2748 1186 2781 (Ξ,
1206 2752 1293 2776 oblim.

191 2847 198 2865 ¹
228 2845 319 2878 Vide
345 2855 454 2889 supra
480 2856 512 2888 p.
534 2843 732 2877 712—713.

190 2898 202 2918 ²
229 2899 382 2942 Bor-qius
407 2898 519 2931 Roma
544 2898 600 2931 26.
620 2896 803 2930 Februarii
833 2897 920 2931 1567
948 2896 1069 2930 Natali
1095 2897 1310 2941 scripserat:
1348 2895 1535 2930 „Potriano
1560 2895 1656 2929 forse
1683 2897 1825 2929 conten-

69 2952 158 2986 tarsi
193 2951 258 2985 che
292 2962 399 2985 senza
433 2951 612 2984 contratto
647 2949 739 2983 fussi
775 2949 856 2983 dato
892 2949 1007 2993 quest'
1027 2949 1149 2983 ordine
1185 2949 1219 2983 al
1244 2949 1390 2983 Rettore
1427 2948 1460 2982 di
1487 2948 1601 2992 Spira.
1636 2950 1655 2981 ὸ
1682 2959 1766 2982 11610
1792 2948 1826 2982 al

71 3004 274 3039 Prouincial
301 3003 357 3037 del
376 3003 511 3041 Rheno,
538 3003 580 3036 de
607 3002 744 3036 tenerui
772 3002 807 3035 in
834 3002 937 3047 Spira
965 3002 1166 3047 predicator
1185 3005 1221 3036 et
1238 3002 1351 3036 anche
1369 3002 1404 3035 la
1421 3001 1569 3035 lettione
1587 3000 1822 3045 Theologica“

71 3057 134 3101 (ex
160 3057 366 3101 archetypo,
393 3056 437 3090 ab
464 3057 540 3100 ipso
567 3055 601 3089 S.
620 3055 810 3089 Francisco
836 3055 1050 3100 subscripto,
1087 3055 1178 3098 quod
1206 3057 1260 3088 est
1287 3055 1321 3088 in
1354 3054 1451 3095 „133²
1482 3065 1515 3088 n.
1537 3054 1618 3093 194;
1656 3054 1764 3088 etiam
1790 3054 1826 3088 in

70 3110 160 3156 Epp.
186 3111 308 3144 Nadab
334 3109 383 3142 III
411 3108 626 3151 399-400).

189 3163 201 3183 ³
227 3162 387 3196 Danielis
414 3161 566 3195 Brendel
593 3161 862 3206 archiepiscopi.
