2045 3471
707 201 852 245 Dilinga
879 202 934 236 22.
954 201 1049 247 Sept.
1071 203 1172 237 1566.
1735 207 1817 248 319

55 320 274 372 libereque
306 321 538 362 uastantur
569 320 744 374 templa,
779 320 961 371 Sace-lla,
994 320 1275 362 Monasteria.
1330 321 1616 364 Sacrosancta
1648 323 1819 365 Eucha-

56 384 181 427 ristia
220 384 382 438 passim
423 384 592 427 nefaria
630 385 857 439 impietate
899 381 1177 427 conculcatur
1218 388 1349 438 atque
1391 386 1649 439 proteritur,
1694 402 1819 430 sacra

57 447 231 504 [uasa]a
255 447 315 503 [Ρ]
350 449 494 491 omnia
527 449 860 502 confringuntur
892 453 1023 503 atque
1065 450 1343 504 dissipantur,
1387 451 1430 492 in
1472 451 1609 493 sacris
1641 453 1820 494 aedibus

57 514 200 556 nullus
234 528 541 568 campanarum
584 515 758 557 auditur
800 515 981 565 sonitus,
1023 514 1173 569 hymni
1214 529 1298 557 non
1340 516 1643 567 decantantur,
1687 517 1819 560 Nulla

54 579 198 632 legum
240 581 372 631 atque
404 579 744 632 Magistratuum
787 582 854 622 est
894 579 1154 623 reuerentia.
1223 580 1483 633 Brugenses,
1526 581 1819 624 Louanienses

55 645 100 685 et
143 644 451 685 Bruxellenses
496 644 705 685 aduersus
746 645 926 686 istorum
970 644 1229 686 furiosorum
1269 645 1478 699 impetum
1519 660 1565 687 se
1606 647 1818 700 urbesque

54 722 156 750 suas
177 708 352 751 fortiter
373 708 584 750 haetenus
608 708 907 751 defenderunt.
961 710 1141 751 Ruralia
1172 710 1336 764 templa
1359 712 1403 752 et
1425 710 1640 752 Abbatiae
1663 712 1818 753 misere

54 772 353 816 deuastantur.
417 773 526 815 Sunt
567 774 713 827 plures
759 776 840 815 100
874 774 1024 827 nouitij
1058 774 1389 818 Contionatores
1430 778 1523 817 tum
1557 775 1683 825 Galli,
1726 779 1818 818 tum

56 837 260 879 Germani
301 851 351 879 ac
393 837 575 879 aliarum
609 838 851 891 Regionum
893 839 1043 892 perfidi
1084 838 1292 890 homines,
1335 839 1406 892 qui
1448 840 1722 892 quotidianas
1763 842 1818 883 ad

10 915 14 922 ¹
52 901 258 956 populum
290 902 516 944 conciones
548 903 743 945 habent.
768 903 825 944 Et
858 906 1119 946 concurrunt
1151 917 1200 946 eo
1233 904 1405 958 plurimj
1438 905 1570 947 armis
1592 906 1725 959 probe
1756 905 1818 947 in-

52 967 221 1009 structi.
287 966 442 1009 Omnia
482 967 805 1020 negotiatorum
839 968 1092 1010 commertia
1124 967 1516 1023 interm[it]tuntur
1540 1004 1548 1013 .
1572 971 1818 1013 Accurrunt

53 1031 240 1085 fugitiui,
274 1032 519 1086 proscripti,
553 1032 807 1082 homicidae,
840 1033 1046 1083 latrones,
1080 1032 1209 1074 fures.
1275 1034 1355 1083 Qui
1388 1036 1647 1089 contemptis
1678 1035 1817 1088 magi-

52 1097 262 1139 stratibus
295 1097 479 1151 superbe
511 1101 661 1151 agunt,
695 1101 739 1140 et
760 1097 934 1151 impune
956 1100 1139 1151 peccant
1162 1133 1170 1142 .
1194 1101 1285 1140 tum
1311 1113 1416 1151 quos
1439 1100 1603 1151 uolunt,
1638 1101 1816 1142 effracto

54 1175 229 1203 carcere
261 1162 303 1203 ui
336 1162 544 1211 eximunt,
579 1176 657 1204 nec
689 1163 800 1204 ullos
832 1162 980 1205 ferunt
1001 1163 1290 1216 Magistratus
1304 1163 1319 1183 ¹³
1352 1178 1401 1205 ac
1427 1165 1616 1207 Judices.
1670 1165 1818 1218 Jgitur

53 1226 152 1268 boni
184 1227 266 1268 uiri
287 1229 363 1269 aut
384 1227 427 1268 in
451 1227 667 1280 Angliam,
703 1231 779 1269 aut
810 1228 852 1269 in
877 1228 1165 1278 Germaniam,
1200 1232 1275 1270 aut
1298 1229 1382 1270 alio
1407 1230 1607 1283 quopiam
1635 1244 1681 1271 se
1715 1244 1816 1272 con-

51 1290 212 1342 ferunt,
246 1294 294 1334 ut
326 1306 384 1342 se,
419 1293 636 1345 coniuges,
670 1292 828 1334 liberos
861 1307 912 1334 ac
945 1293 1142 1335 fortunas
1175 1294 1395 1347 praesenti
1418 1294 1653 1336 discrimini
1685 1298 1816 1348 atque

52 1356 188 1398 furori
229 1357 483 1400 subducant.
549 1357 758 1400 Ciuitates
811 1371 958 1399 omnes
1000 1357 1170 1400 maenia
1212 1373 1291 1400 sua
1322 1359 1555 1401 maioribus
1587 1361 1816 1403 tormentis

53 1425 97 1464 et
128 1425 278 1475 portas
312 1423 561 1465 custodibus
595 1422 852 1465 munierunt.
917 1423 1117 1465 Summus
1148 1423 1306 1476 ubique
1337 1424 1468 1465 timor
1500 1428 1543 1467 et
1575 1427 1728 1475 terror,
1763 1439 1816 1466 ne

52 1486 218 1528 uicinus
250 1501 276 1529 a
308 1487 448 1529 uicino
481 1488 690 1540 prodatur
722 1487 764 1528 in
797 1488 893 1530 istis
925 1487 1142 1530 intestinis
1176 1487 1375 1542 dissidijs.
1430 1489 1631 1532 Metuunt
1669 1490 1813 1539 etiam,

51 1565 106 1593 ne
146 1551 298 1594 horum
339 1553 602 1594 tumultuum
643 1554 771 1594 finem
813 1552 1005 1594 sentiant
1045 1553 1254 1594 bonorum
1293 1553 1482 1595 omnium
1516 1554 1813 1608 direptionem,

53 1619 96 1658 et
137 1620 332 1671 apertam
374 1617 417 1659 in
459 1617 705 1660 Catholicos
746 1618 1063 1671 tyrannideml.
1129 1618 1252 1659 Solus
1295 1621 1362 1661 est
1402 1619 1532 1669 Deus,
1575 1619 1646 1672 qui
1687 1621 1815 1662 rebus

49 1681 279 1724 <Inferioris
303 1682 561 1724 Germaniae
584 1683 798 1737 prolapsis
822 1696 946 1736 opem
970 1682 1142 1724 adferre
1165 1685 1209 1724 et
1241 1686 1330 1725 terc
1363 1684 1567 1726 miserum
1590 1685 1815 1727 Ecclesiae

51 1749 213 1789 statum
246 1747 478 1790 restituere
510 1747 660 1801 possit.
726 1747 888 1789 Verum
920 1747 1028 1789 haec
1059 1747 1249 1790 fortasse
1280 1748 1452 1801 longius
1486 1763 1613 1802 quan]
1648 1750 1813 1800 deceat,

50 1811 133 1853 nisi
156 1812 268 1865 quod
299 1812 458 1854 iratum
491 1812 614 1854 nobis
637 1813 775 1854 Deum
798 1812 884 1854 ista
906 1813 1092 1866 prodant
1115 1816 1158 1855 et
1181 1813 1235 1855 ad
1258 1813 1373 1867 piam
1396 1814 1815 1858 commiserationem

50 1876 145 1930 pios
178 1891 326 1919 omnes
358 1877 597 1931 impellant.
651 1878 707 1919 ζ111
732 1877 965 1919 Germania
997 1878 1218 1932 superiore
1250 1879 1428 1932 grauius
1459 1882 1657 1922 metuunt
1689 1881 1814 1922 modo

51 1941 293 1995 sapientes,
337 1957 433 1984 cum
475 1942 655 1984 audiant
696 1945 991 1996 expugnatam
1033 1957 1058 1984 a
1100 1943 1250 1985 Turcis
1290 1958 1436 1986 arcem
1483 1945 1813 1988 munitissimam

51 2006 267 2060 Sigettum
280 2009 308 2050 2.
373 2008 580 2050 Dominus
613 2008 656 2049 in
689 2022 811 2049 suam
843 2008 1025 2060 gloriam
1059 2009 1202 2050 omnia
1216 2010 1243 2051 3.

170 2072 291 2122 Quod
324 2073 379 2115 ad
411 2073 643 2114 Doctorem
677 2073 951 2114 Chunradum
985 2073 1144 2116 attinet
1158 2075 1187 2122 4,
1230 2074 1316 2116 iam
1350 2078 1451 2117 ante
1492 2076 1700 2130 scriptum
1733 2079 1813 2126 est,

51 2139 97 2179 et
128 2138 217 2179 suis
250 2138 341 2191 ipse
373 2138 511 2180 literis
543 2138 586 2178 in
620 2138 780 2179 Vrbem
815 2138 927 2180 datis
959 2138 1244 2188 confirmauit,
1287 2154 1447 2193 magna
1489 2155 1535 2182 se
1577 2141 1814 2194 cupiditate

6 2228 14 2233 ι
52 2202 157 2245 ferri
195 2202 250 2244 ad
291 2206 489 2245 uotorum
525 2202 848 2245 dissolutionem
883 2217 908 2244 a
940 2203 1172 2245 maioribus
1215 2204 1545 2258 impetrandam.
1610 2207 1815 2249 Tentauit

51 2266 132 2308 hoc
163 2267 319 2310 iterum
353 2268 466 2321 apud
489 2267 535 2310 P.
559 2267 778 2317 Natalem,
813 2268 884 2321 qui
916 2268 1063 2310 multis
1095 2269 1232 2310 modis
1264 2270 1383 2311 illum
1407 2270 1572 2313 studuit
1594 2272 1648 2312 ad
1671 2272 1814 2313 sanio-

53 2344 143 2374 rem
185 2334 374 2374 mentem
418 2335 462 2374 et
494 2332 730 2385 Religionis
771 2347 902 2375 uerae
948 2333 1146 2387 spiritum
1188 2348 1407 2377 reuocare.
1472 2336 1556 2377 Sed
1587 2337 1814 2389 Augustae

52 2397 226 2439 tandem
270 2397 471 2447 ostendit,
515 2411 562 2438 se
603 2411 741 2450 neque
784 2401 996 2448 uotorum,
1042 2413 1180 2451 neque
1222 2399 1461 2442 vocationis
1503 2415 1607 2442 suae
1644 2402 1812 2444 ratione

52 2462 274 2504 nobiscum
307 2462 419 2503 uelle
460 2462 706 2516 persistere,
749 2463 851 2504 licet
893 2463 953 2505 illi
986 2463 1066 2505 hoc
1097 2464 1279 2505 liberum
1312 2465 1641 2518 relinqueretur,
1678 2470 1726 2508 vt
1759 2467 1812 2508 ad

52 2540 222 2568 menses
263 2527 428 2580 aliquot
470 2541 495 2568 a
528 2527 721 2581 collegijs
761 2532 908 2581 posset
940 2528 1090 2570 abesse
1124 2529 1340 2571 curandae
1374 2530 1635 2571 ualetudinis
1668 2545 1810 2574 causa.

173 2625 199 2643 a»
221 2620 280 2644 Huc
308 2627 329 2643 ε’.
351 2620 490 2643 oblivione
518 2620 641 2650 qurtrlwn
663 2620 723 2643 sie-»2
747 2621 937 2650 frsli'uutione
963 2629 979 2644 rt
1001 2621 1067 2645 libr.
1088 2621 1225 2645 <nnis-sum
1253 2630 1313 2645 essa
1340 2623 1506 2647 coniecerim
1534 2630 1569 2647 ex
1597 2631 1637 2647 ι·1“.
1654 2624 1812 2654 μναιῚύιίε.

53 2659 83 2691 b)
104 2659 303 2692 Magistratos
323 2662 428 2685 ‹zi-chet.
503 2668 528 2685 ci
552 2662 596 2685 Ira
618 2661 683 2685 libr.
707 2662 765 2692 ipse
786 2662 912 2686 cori-eric
933 2670 969 2686 ef
988 2663 1059 2687 tam.

177 2769 185 2787 ¹
213 2768 312 2802 Haec
338 2767 529 2802 sedicionis
556 2767 805 2801 neerlandicae
833 2768 1024 2812 descriptio
1052 2768 1283 2802 confirmatur
1319 2772 1353 2802 et
1381 2769 1583 2803 illustratur
1609 2770 1812 2811 multorum,

55 2822 115 2864 qui
141 2821 239 2855 illius
264 2822 394 2855 aetatis
421 2821 590 2864 aequales
617 2823 728 2859 erant,
765 2821 999 2856 testimoniis:
1041 2832 1131 2864 quae
1168 2824 1312 2855 exstant
1339 2823 1431 2866 apud
1460 2824 1499 2856 F.
1529 2824 1564 2855 ιῙ.
1593 2824 1811 2868 Ποῖειυανϋῑ,

54 2873 125 2908 Der
151 2874 274 2908 Abfau
310 2875 372 2908 der
396 2874 635 2908 Niederlande
662 2874 687 2915 Ι,
723 2874 988 2908 Schaffhausen
1017 2874 1118 2914 1865,
1146 2875 1330 2908 344—3T7
1359 2877 1565 2918 461J—4o4;
1602 2878 1745 2920 Kerryn
1772 2879 1813 2911 (le

55 2928 272 2971 Letteuhore,
308 2927 376 2961 Les
403 2928 616 2970 Hnguenots
653 2930 688 2960 et
714 2927 766 2960 les
794 2927 922 2960 Gueux
949 2927 974 2965 Ι,
1002 2927 1141 2970 Bruges
1170 2927 1269 2967 1883,
1297 2928 1499 2962 357—3T7:
1538 2929 1618 2962 Joh.
1647 2931 1811 2971 Janssen,

55 2979 206 3014 Schiller
233 2980 286 3015 als
305 2979 520 3021 Historiker,
548 2980 578 3013 2.
595 2980 700 3019 Aust„
730 2980 902 3022 Freiburg
923 2981 941 3014 i.
962 2980 1019 3014 ΒΓ.
1039 2981 1138 3020 1879,
1159 2980 1316 3014 80-86ε
1346 2983 1490 3014 limeseia
1515 2982 1536 3015 1.
1557 2994 1585 3016 c.
1604 2983 1809 3024 532—533;

55 3032 143 3077 Epp.
170 3034 292 3067 Nadal
318 3034 368 3067 111
394 3034 473 3067 251.

175 3087 187 3106 ‘²
206 3086 384 3129 Sigettum
405 3086 578 3130 (Szigeth.
595 3086 783 3129 Szigetvzir
802 3085 836 3119 in
853 3085 1067 3128 Hungaria).
1087 3097 1106 3119 a
1121 3085 1267 3120 Nicolao
1287 3087 1414 3121 comite
1430 3087 1535 3132 Zriny
1554 3089 1613 3123 diu
1631 3092 1809 3124 retentum

56 3140 91 3172 et
117 3139 311 3173 fortissime
338 3140 536 3174 defensum.
564 3140 596 3173 8.
624 3139 844 3183 Septembris
871 3150 889 3172 a
910 3138 1035 3172 'l‘urcis
1062 3150 1202 3173 summa
1230 3139 1264 3173 vi
1292 3143 1538 3184 expugnatum
1565 3145 1651 3176 erat.

175 3193 186 3211 ³
214 3192 266 3226 Cf.
293 3203 401 3237 supra
428 3204 459 3237 p.
490 3194 559 3227 18³.
705 3194 715 3212 ‘¹
743 3192 795 3225 De
822 3192 861 3225 P.
891 3191 1049 3226 Conrado
1077 3191 1259 3235 Swagerio
1287 3193 1367 3227 vide
1394 3205 1500 3238 supra
1527 3207 1559 3239 p.
1588 3196 1666 3230 313.
