2045 3471
233 196 318 236 498
465 193 566 227 1457.
595 191 760 226 Canisius
786 191 820 226 S.
839 191 1030 226 Francisco
1057 190 1099 226 de
1126 191 1268 234 Borgia.
1306 190 1454 234 Dilinga
1479 190 1647 224 22.1unii
1668 190 1768 226 1567.

231 309 501 367 possum[us]
543 310 745 353 docendis
784 310 880 365 alijs
921 311 1168 365 praeficere,
1212 324 1308 351 cum
1349 310 1436 352 sint
1476 308 1617 351 minus
1657 308 1701 351 in
1740 309 1820 351 hoc
1854 308 1996 351 studio

231 376 400 419 fundati
424 378 556 429 atque
578 376 823 418 exercitati.
866 375 992 419 Vnde
1014 377 1215 417 constare
1245 376 1406 428 potest,
1439 373 1713 416 Rhenensem
1734 373 1995 428 prouintiam

230 443 360 495 longe
400 443 550 483 nostra
583 440 782 483 ditiorem
824 444 868 484 et
899 440 1134 483 feliciorem
1169 453 1276 490 esse,
1321 453 1418 480 cum
1451 438 1682 492 quotannis
1713 439 1873 481 multos
1904 442 1996 481 tum

233 520 288 549 ex
321 506 581 556 domesticis,
623 508 715 548 tum
757 519 812 548 ex
845 505 941 559 alijs
973 505 1168 548 externis
1201 504 1380 557 colligat
1414 504 1520 545 bene
1552 505 1751 546 uersatos
1782 503 1827 545 in
1858 503 1996 558 philo·

232 571 398 626 sophia,
432 570 503 624 qui
536 584 667 625 saepe
699 573 776 613 aut
807 570 895 613 sint
927 570 1086 612 artium
1118 569 1331 622 magistri,
1374 570 1451 611 aut
1482 568 1580 610 huic
1612 567 1864 622 magisterio
1896 582 1997 623 pro-

231 636 349 687 ximi,
384 639 428 679 et
459 636 515 678 ad
546 636 835 690 profitendum
867 635 972 689 apti.
1016 635 1178 677 Verum
1205 634 1249 676 in
1273 633 1504 676 Germania
1536 633 1756 688 superiore
1787 633 1995 684 tardiora,

232 700 446 743 crassiora
478 704 523 744 et
554 700 695 742 minus
727 701 783 742 ad
805 699 998 755 litera[s]
1032 701 1204 742 attenta
1226 698 1518 741 studiosorum
1540 698 1713 752 ingenia
1735 698 1994 752 experimur,

232 780 361 819 quam
394 765 481 808 sint
512 765 555 807 in
588 765 685 819 alijs
716 765 865 807 multis
897 764 1139 819 prouintijs.
1193 764 1339 817 Atque
1370 763 1477 805 haec
1499 764 1632 805 semel
1667 762 1782 806 dicta
1814 762 1913 813 sint,
1946 766 1997 804 vt

232 831 373 873 minus
414 831 595 873 miretur
626 830 673 873 P.
708 830 755 872 T.
789 844 867 872 nos
909 829 1040 872 toties
1072 829 1254 871 Romam
1288 828 1491 878 scribere,
1533 830 1767 881 tantosque
1798 832 1996 882 sumptus

231 895 391 946 facere,
426 898 475 938 ut
506 895 776 950 professores
809 894 1072 949 accipiamus
1104 893 1416 948 philosophiae,
1458 893 1612 946 quibus
1653 893 1889 935 etiamnum
1930 892 1996 934 in-

232 961 440 1014 digemus.

350 1026 397 1068 P.
422 1025 596 1067 Natalis
619 1039 732 1067 anno
762 1024 983 1079 superiore
1014 1024 1174 1066 multos
1206 1023 1324 1065 misit
1355 1023 1399 1064 in
1422 1024 1596 1073 Vrbem,
1630 1022 1743 1065 inter
1775 1036 1881 1075 quos
1913 1021 1997 1065 fuit

233 1093 278 1132 et
321 1091 515 1132 Joannes
556 1089 815 1132 Viennensis
861 1092 1033 1132 tantum
1080 1088 1443 1143 peregrinationis
1488 1102 1591 1141 ergo
1636 1087 1902 1138 destinatus,
1951 1090 1996 1129 et

232 1155 388 1197 Lucius
403 1156 431 1207 1,
465 1158 513 1197 ut
546 1155 734 1196 nouitios
760 1158 944 1198 taceam.
998 1154 1231 1196 Cauebitur
1262 1153 1305 1195 in
1338 1157 1574 1207 posterum,
1608 1166 1661 1194 ne
1693 1155 1786 1195 tam
1819 1153 1996 1194 crebrae

233 1220 458 1262 missiones
480 1220 573 1262 sine
606 1219 730 1273 graui
758 1233 888 1262 causa
910 1222 1031 1270 fiant,
1064 1233 1143 1261 nec
1177 1233 1284 1273 opus
1315 1219 1409 1260 fore
1442 1221 1560 1272 puto,
1593 1218 1692 1260 hinc
1723 1222 1815 1261 tam
1846 1217 1996 1272 procul

232 1286 419 1335 mittere,
463 1300 557 1327 cum
599 1288 800 1340 premant
842 1299 921 1327 nos
962 1285 1094 1327 etiam
1136 1284 1248 1327 tanti
1285 1286 1483 1337 sumptus
1515 1287 1564 1326 ut
1596 1283 1670 1325 uix
1701 1297 1890 1337 unquam
1923 1283 1996 1324 de-

233 1350 335 1394 bitis
366 1351 542 1393 liberari
573 1350 802 1405 possimus,
843 1352 887 1393 et
918 1350 961 1391 in
995 1349 1163 1392 alendis
1194 1349 1262 1391 hic
1295 1347 1513 1403 nouitij[s]
1547 1349 1685 1391 multa
1718 1351 1997 1390 consumatur

232 1416 428 1470 pecunia.
492 1417 583 1457 Deo
616 1415 787 1457 interim
821 1415 988 1468 gratias
1021 1415 1203 1468 agimus,
1247 1414 1319 1467 qui
1357 1428 1506 1456 rursus
1538 1414 1750 1466 Reginam
1783 1413 1995 1455 seniorem

234 1481 446 1523 excitauit
488 1481 541 1522 ad
584 1481 903 1534 eleemosynam
946 1480 1106 1521 nostris
1148 1480 1312 1521 Romae
1353 1479 1669 1529 tribuendam2‚
1718 1477 1782 1520 vti
1822 1477 1996 1531 scripsit

237 1546 282 1588 P.
302 1545 503 1588 Lanoius.
557 1545 799 1594 Quaeretur
825 1559 850 1586 a
871 1544 995 1586 nobis
1026 1548 1283 1598 procurator
1314 1544 1357 1585 in
1375 1543 1506 1594 Vrbe,
1540 1543 1612 1597 qui
1644 1545 1793 1585 nostro
1825 1542 1996 1583 nomine

234 1611 459 1664 pecuniam
494 1610 668 1664 pendat,
711 1613 761 1652 vt
793 1612 860 1651 est
893 1609 1177 1652 constitutum
1191 1611 1219 1651 3.
1284 1609 1536 1662 Quanquam
1568 1608 1610 1649 in
1643 1608 1723 1650 hoo
1756 1606 1887 1649 etiam
1920 1620 1995 1660 pe-

234 1675 386 1717 cuniae
420 1675 632 1717 iacturam
656 1674 801 1716 facere
833 1688 1010 1716 necesse
1043 1677 1124 1724 est,
1158 1689 1253 1716 cum
1287 1688 1310 1716 e
1343 1676 1516 1716 centum
1549 1673 1736 1726 quinque
1767 1672 1890 1713 nobis
1923 1671 1996 1713 de-

234 1740 466 1782 trahuntur
498 1740 552 1781 ob
585 1742 804 1781 mutuum:
839 1739 925 1781 alia
957 1739 993 1780 si
1025 1739 1203 1793 reperiri
1237 1739 1308 1780 uia
1338 1740 1497 1793 potest,
1533 1752 1627 1779 eam
1660 1752 1745 1779 non
1777 1736 1994 1790 grauatim

234 1819 476 1858 sequemur.
540 1805 701 1846 Verum
734 1804 840 1846 haec
873 1804 927 1846 ad
960 1818 1095 1845 nouos
1127 1804 1347 1858 pertinent
1379 1800 1741 1857 procurator[es‚]

355 1870 680 1925 Oenipontanus
712 1869 874 1911 Rector
907 1875 976 1911 etc.
1021 1867 1086 1923 [ut
1118 1884 1250 1924 supra
1281 1884 1322 1923 p.
1357 1867 1477 1923 484]

354 1935 612 1977 Commendo
651 1948 717 1976 me
751 1937 795 1976 et
826 1934 1087 1987 prouintiam
1120 1934 1231 1976 hanc
1264 1948 1433 1975 omnem
1466 1932 1689 1986 sacrificijs
1722 1935 1766 1974 et
1797 1931 1995 1986 precibus

236 2001 282 2043 Ρ.
316 2000 364 2041 Τ.
398 2000 442 2041 in
474 1999 644 2042 Christo
677 1999 781 2041 Jesu
815 1999 984 2041 domino
1017 2001 1180 2041 nostro.

353 2065 616 2119 Auspicatus
650 2066 716 2106 est
747 2064 976 2106 lectionem
1009 2078 1131 2105 suam
1164 2064 1221 2108 Μ.
1254 2064 1444 2105 Paulus4
1476 2062 1771 2113 Bononiensis,
1806 2076 1901 2103 cum
1933 2061 1996 2104 ita

236 2134 413 2183 cogeret
456 2129 716 2172 necessitas:
760 2129 833 2182 qui
874 2129 966 2171 heri
999 2129 1118 2172 venit
1151 2130 1205 2171 ad
1239 2142 1306 2170 me
1339 2132 1382 2171 et
1415 2128 1664 2178 affirmauit,
1707 2141 1753 2168 se
1787 2126 1994 2176 diffidere,

236 2196 349 2248 quod
380 2196 423 2237 in
455 2195 535 2237 hoc
567 2208 743 2236 munere
775 2194 977 2247 progredi
1010 2196 1170 2248 posset.
1234 2194 1516 2235 Consolamur
1546 2193 1666 2234 illum
1698 2192 1882 2245 quidem,
1921 2191 1997 2233 sed

236 2275 363 2314 quem
405 2260 546 2302 animo
589 2262 632 2302 et
673 2259 837 2301 uiribus
878 2259 1069 2313 corporis
1112 2258 1295 2300 debilem
1327 2258 1435 2301 satis
1467 2257 1726 2312 experimur,
1769 2258 1813 2298 et
1845 2256 1995 2309 quise

236 2326 290 2368 ad
313 2326 542 2378 legendum
564 2324 825 2379 imparatum
850 2324 1052 2366 ostendit.
1096 2324 1305 2366 Dominus
1327 2323 1516 2376 gratiam
1539 2323 1681 2372 donet,
1714 2336 1768 2363 ne
1791 2335 1997 2374 cogamur

236 2391 367 2433 toties
399 2391 441 2431 in
474 2390 659 2444 petendo
697 2389 943 2443 importuni,
987 2393 1031 2431 et
1062 2390 1105 2430 in
1138 2389 1348 2431 mittendo
1382 2402 1432 2430 ac
1464 2387 1724 2430 remittendo
1757 2385 1996 2440 sumptuosi

237 2469 345 2497 esse.
409 2455 609 2508 Dilingae
643 2456 696 2495 22
730 2454 845 2507 Junij
885 2456 1009 2497 1567.

1131 2513 1290 2554 Seruus
1322 2512 1365 2553 in
1398 2511 1566 2553 Christo
1599 2511 1645 2553 P.
1669 2509 1876 2551 Canisius.

356 2602 420 2643 De
444 2601 696 2643 Matthaeo5
719 2600 879 2642 Polono
912 2614 1164 2655 responsum
1199 2602 1492 2654 expectamus,
1526 2597 1596 2651 qui
1628 2597 1771 2651 pergit
1793 2597 1996 2639 Rectori6

239 2669 284 2708 et
317 2666 477 2708 nostris
510 2666 717 2708 molestus
750 2679 858 2709 esse.

356 2731 383 2782 ἡ·
416 2731 657 2772 Admodum
681 2730 935 2771 Reuerendo
968 2729 1011 2771 in
1034 2729 1203 2772 Christo
1227 2728 1348 2771 Patri
1370 2727 1600 2770 Francisco
1635 2741 1660 2768 a
1681 2726 1841 2780 Borgia
1865 2726 1995 2767 Prae-

239 2793 447 2849 po[sito]a
480 2795 710 2836 Societatis
742 2795 896 2836 JESV.
959 2794 1136 2836 Romae.

358 2876 385 2906 a)
408 2876 440 2899 In
462 2876 616 2906 archetypo
635 2875 681 2899 hic
700 2875 804 2899 lacuna
826 2877 977 2906 comparet.

363 2969 369 2986 ¹
399 2968 449 3000 De
475 2967 532 3001 his
558 2967 694 3001 duobus
721 2966 801 3000 vide
828 2977 936 3010 supra
961 2977 994 3010 p.
1021 2966 1102 3000 460.

361 3020 373 3039 '2
400 3020 450 3053 De
477 3020 543 3053 hac
570 3021 663 3064 stipe
689 3031 709 3053 a
729 3020 924 3053 venerabili
944 3019 1159 3062 Magdalena
1185 3017 1430 3052 archiducissa
1455 3015 1590 3050 tributa
1616 3015 1698 3049 vide
1724 3026 1833 3059 supra
1858 3026 1891 3059 p.
1916 3013 1994 3048 484.

362 3073 373 3090 ³
399 3072 489 3105 Vide
515 3084 624 3116 supra
649 3085 683 3117 p.
708 3073 789 3107 409.

361 3127 373 3144 4
401 3125 567 3165 Vizanus,
593 3126 840 3170 philosophiae
866 3126 1047 3170 professor
1072 3125 1107 3159 in
1127 3124 1362 3159 universitate
1381 3122 1581 3165 dilingana;
1610 3121 1691 3155 vide
1717 3133 1826 3166 supra
1853 3133 1886 3165 p.
1913 3121 1992 3154 493.

363 3177 374 3195 ⁵
400 3177 595 3217 Mic-honi&
624 3178 705 3211 vide
732 3189 839 3222 supra
866 3190 898 3222 p.
925 3179 1005 3212 491.
1151 3178 1164 3198 ⁶
1190 3178 1229 3212 P.
1256 3176 1474 3210 Theodorico
1502 3174 1654 3209 Canisio.
