2045 3471
201 230 284 272 756
358 226 452 259 Mon.
472 220 658 257 817—818
677 220 755 254 sive
773 218 811 252 it.
830 215 1051 261 (24)-(25).
1090 214 1189 248 Inter
1207 212 1239 246 6.
1259 212 1295 244 et
1312 210 1344 244 9.
1359 207 1440 243 Iulii
1457 227 1498 231 ——
1516 206 1620 240 Initio
1639 217 1685 239 m.
1700 204 1793 247 Aug.
1811 203 1912 237 1565.

204 343 300 380 817
328 343 406 378 sive
433 339 495 375 it.
515 336 646 383 (24).
721 335 823 371 Inter
850 333 881 369 6.
900 334 937 369 et
965 333 996 368 9.
1016 329 1103 367 Iulii
1127 327 1220 365 1565.

321 420 375 454 Ex
404 417 504 451 Actis
530 427 638 449 manu
663 412 809 457 scriptis
837 411 900 454 (cf.
927 420 1037 455 supra
1062 420 1095 453 p.
1125 405 1224 449 755).
1267 403 1367 447 „Act
1395 401 1483 436 Gen.
1498 400 1538 434 T.
1558 400 1648 434 P.¹³³“
1678 410 1712 442 p.
1739 397 1794 431 56.
1833 395 1965 429 Exstat

203 476 322 515 etiam,
349 472 506 515 ascripto
533 481 566 502 n.
594 469 625 506 5,
652 467 687 501 in
714 465 877 500 Decretis
904 463 1048 497 excusis
1077 460 1139 504 (cf.
1167 468 1276 503 supra
1302 468 1336 501 p.
1364 454 1462 497 753).
1512 453 1719 487 Institutum
1745 450 1778 484 ΙΙ
1805 449 1884 483 195.

327 544 494 577 Cani-siue
519 551 540 573 a
566 540 601 573 S.
622 537 819 571 Francz‘sco
837 535 972 577 Borqia
998 533 1038 565 in
1058 524 1361 575 „depectaffonetffl
1389 526 1527 558 decreta
1552 523 1748 556 tridentina
1774 519 1967 563 expendere

205 612 228 631 ιι
255 597 439 632 Societatis
465 593 733 636 conyreyatione
758 591 893 622 iussam
920 588 1064 620 ascitur.

322 675 373 717 In
423 671 609 714 secunda
654 667 968 723 conyreyatione
1010 661 1199 719 yenerali
1240 657 1457 701 Societatis
1498 655 1657 696 Romae
1700 653 1809 692 inter
1849 652 1888 691 6.
1932 653 1968 690 et

208 745 247 785 9.
271 740 375 783 Iulii
398 740 511 780 1565
547 736 705 776 decreto
737 736 827 787 post
857 731 1088 771 electionem
1119 724 1352 782 praepositi
1382 720 1592 777 yeneralz's
1617 717 1769 769 891100)
1796 718 1970 769 praeter

210 808 311 859 alia,
354 807 551 846 statutum
597 804 679 840 est:
720 795 827 845 Quia
867 795 910 835 in
952 791 1139 834 Concilio
1172 787 1423 830 Tridentino
1465 786 1566 826 sunt
1608 781 1818 835 quaedam
1860 790 1970 830 quae

209 870 412 913 uidentur
452 863 612 907 nostris
645 858 994 904 Constitutionib.
1028 856 1172 909 aliquo
1215 853 1340 894 modo
1378 847 1616 897 aduersari,
1658 846 1841 900 petitum
1872 842 1969 891 fuit,

210 939 259 979 ut
300 932 632 986 designarentur
674 926 805 968 etiam
851 923 1005 975 aliqui,
1052 921 1123 974 qui
1168 918 1442 965 adnotarent,
1486 917 1530 956 et
1570 911 1878 966 expenderent,
1921 920 1971 948 ac

212 994 547 1053 Congregationi
580 992 870 1046 proponerent
902 1001 965 1038 ea,
1000 989 1049 1028 ut
1071 984 1406 1031 considerarent,
1440 993 1541 1021 num
1572 975 1774 1025 remedio,
1807 973 1877 1014 uel
1899 971 1972 1013 de-

213 1064 450 1108 claratione
488 1060 633 1112 aliqua
664 1069 771 1109 opus
803 1055 932 1096 esset.
996 1050 1164 1093 Placuit
1197 1048 1328 1090 etiam
1360 1040 1694 1098 Congregationi
1727 1053 1866 1082 eorum
1899 1037 1973 1078 de·

213 1129 396 1186 putatio,
431 1128 475 1168 et
507 1121 737 1166 commissa
768 1122 836 1161 est
867 1117 989 1160 Patri
1012 1114 1227 1163 Generali,
1262 1112 1332 1165 qui
1367 1145 1375 1152 .
1402 1145 1409 1152 .
1437 1144 1444 1152 .
1473 1110 1527 1151 ad
1560 1104 1843 1161 expendenda
1875 1103 1975 1144 acta

214 1193 404 1247 Concilij,
433 1186 679 1242 designauit
703 1220 709 1228 .
737 1220 744 1227 .
771 1218 779 1227 .
805 1184 850 1226 P.
869 1182 1096 1224 Alfonsum
1121 1179 1427 1221 Salmeronem.
1472 1174 1519 1216 P.
1548 1173 1721 1214 Petrum
1745 1167 1973 1211 Canisium.

215 1262 262 1303 P.
298 1258 609 1309 Hieronymum
650 1250 870 1293 Natalem.
932 1248 978 1290 P.
1012 1244 1266 1287 Michaelem
1301 1241 1600 1284 Gouiernum³.
1664 1237 1709 1278 P.
1744 1232 1974 1276 Bartholo-

216 1338 358 1368 meum
390 1319 660 1364 Hernandez.
715 1316 760 1358 P.
784 1312 1046 1355 Ludouicum
1081 1325 1106 1351 a
1138 1305 1390 1351 Caudretob.
1440 1305 1486 1346 P.
1510 1303 1706 1345 Marcum
1729 1298 1974 1351 Georgium,

218 1393 262 1433 et
297 1425 304 1432 .
332 1423 373 1432 ..
406 1387 449 1428 in
482 1384 632 1426 eadem
665 1377 1010 1433 Congregatione
1043 1373 1251 1430 publicati
1282 1372 1470 1413 fuerunt.

338 1469 384 1504 Hi
410 1466 494 1512 quid
529 1460 786 1510 praestiterint,
823 1458 1045 1501 intellegitur
1071 1467 1117 1489 ex
1143 1454 1425 1498 conssreyationis
1454 1448 1634 1494 generalis
1659 1446 1798 1486 tertiae,
1834 1456 1864 1478 a.
1887 1443 1975 1477 1573

219 1525 374 1563 habitae,
401 1521 456 1555 cui
482 1516 647 1553 canisius
673 1513 846 1554 interfuit,
874 1512 1016 1545 decreto
1042 1509 1115 1550 illo,
1142 1508 1234 1552 quod
1261 1507 1295 1540 in
1324 1505 1482 1539 eiusdem
1509 1499 1799 1544 congregationis
1825 1496 1979 1531 decretis

220 1578 364 1614 excusis
395 1575 446 1617 „S.
473 1574 554 1618 post
580 1567 810 1603 electionen1“
842 1568 916 1599 est:
957 1563 1203 1607 „Propositum
1240 1560 1348 1594 etiam
1375 1558 1463 1592 fuit:
1499 1557 1542 1590 de
1577 1555 1647 1588 alia
1674 1551 1903 1597 deputatione
1928 1549 1978 1583 fa-

221 1631 356 1671 cienda,
392 1628 435 1662 ad
461 1622 750 1660 examinandum,
786 1619 817 1653 si
852 1617 937 1661 quid
973 1618 1009 1650 in
1037 1615 1194 1650 Concilio
1220 1612 1430 1647 Tridentino
1456 1609 1685 1654 reperiretur,
1720 1605 1814 1649 quod
1847 1603 1979 1637 nostris

223 1679 546 1720 Constitutionibus
573 1673 758 1710 adversari
785 1671 978 1711 videretur,
1014 1672 1050 1703 et
1076 1669 1118 1702 de
1145 1679 1215 1712 quo
1242 1664 1447 1704 declaratio,
1483 1665 1546 1696 aut
1571 1661 1679 1695 etiam
1715 1657 1934 1702 dispensatio
1960 1667 1980 1689 a

223 1739 367 1773 Summo
394 1731 568 1768 Pontifice
603 1727 674 1773 peti
712 1726 867 1760 deberet.
923 1724 966 1756 Et
1000 1722 1153 1767 placuit:
1191 1723 1230 1754 ut
1256 1720 1373 1760 iidem,
1410 1717 1539 1761 quibus
1574 1715 1610 1748 in
1636 1712 1793 1748 secunda
1823 1708 1981 1754 generali

225 1787 511 1833 Congregatione
529 1784 672 1817 decreto
692 1780 737 1814 81
763 1779 829 1812 hoc
847 1788 976 1811 munus
995 1775 1281 1809 commendatum
1307 1772 1435 1811 fuerat,
1462 1769 1497 1803 id
1516 1768 1623 1802 etiam
1642 1777 1736 1800 nunc
1760 1763 1981 1808 expedirent,

224 1848 261 1879 et
286 1854 377 1887 quae
404 1844 489 1873 tunc
514 1836 685 1870 annotata
712 1833 866 1871 fuerant,
902 1842 967 1863 nec
992 1832 1113 1862 tamen
1140 1827 1183 1861 ad
1212 1825 1532 1868 Congregationem
1564 1821 1689 1860 relata,
1725 1830 1766 1852 ea
1793 1817 1982 1859 diligenter

225 1896 443 1942 inspicerent
480 1887 720 1934 (adiungendo
755 1885 836 1926 illis,
873 1884 902 1917 si
938 1894 1026 1927 quos
1054 1881 1092 1915 P.
1121 1879 1308 1915 Generalis
1344 1875 1589 1919 adiungendos
1624 1884 1702 1907 esse
1737 1871 1912 1905 iudicaret
1946 1868 1981 1902 in

227 1961 358 1989 eorum,
394 1945 455 1990 qui
481 1945 638 1982 deerant,
673 1940 802 1979 locum,
838 1937 977 1980 aliquos
1003 1935 1107 1977 alios)
1137 1937 1173 1967 et
1207 1944 1298 1977 quae
1334 1930 1570 1976 perfecissent
1596 1923 1873 1968 Congregationi
1907 1933 1984 1967 pro-

228 2000 432 2049 ponerent.“
488 1998 614 2039 Itaque
640 1993 692 2027 illi
718 1993 817 2026 iussa
843 1990 1101 2035 praestiterunt
1130 1997 1321 2029 eorumque
1348 1981 1594 2018 commentarii
1619 1979 1696 2014 sive
1731 1976 1877 2011 indiculi
1903 1986 1982 2009 cum

227 2056 355 2091 tertiae
382 2047 671 2095 congregationis
697 2044 850 2079 decretis
877 2042 1001 2077 excusi
1027 2043 1111 2075 sunt
1139 2040 1358 2083 (Instinctam
1387 2037 1419 2070 11
1444 2035 1513 2069 220
1540 2032 1755 2074 244-246).

347 2108 387 2141 111
414 2101 691 2147 congregatione
726 2097 882 2132 secunda
917 2096 1005 2130 haec
1031 2095 1108 2129 sola
1135 2095 1177 2127 de
1203 2093 1309 2126 rebus
1335 2091 1379 2124 ad
1405 2088 1595 2123 concilium
1628 2084 1860 2119 tridentinum
1887 2092 1985 2126 spec-

229 2161 390 2197 tantibus
416 2157 562 2192 definita
588 2157 690 2188 sunt:
725 2152 813 2186 Cum
849 2149 1039 2183 concilium
1074 2147 1255 2189 religiosis
1282 2144 1454 2183 omnibus,
1490 2143 1632 2186 praeter
1657 2138 1814 2172 Minores
1849 2136 1890 2169 de
1917 2134 1984 2168 Ob-

230 2213 416 2250 servantia
450 2214 484 2244 et
512 2207 744 2252 CapuccinOS,
784 2203 910 2246 „etiam
939 2202 1069 2246 quibus
1104 2213 1149 2234 ex
1176 2196 1489 2233 constitutionibus
1523 2193 1600 2227 suis
1634 2194 1711 2226 erat
1734 2189 1986 2235 prohibitum&

232 2266 480 2305 concessisset,
512 2265 570 2304 „ut
596 2259 764 2302 deinceps
792 2258 881 2291 bona
906 2254 1100 2289 immobilia
1136 2253 1188 2287 eis
1214 2251 1395 2297 possidere
1421 2248 1565 2282 liceret“
1599 2245 1709 2288 (Sess.
1736 2242 1836 2276 XXV
1863 2252 1940 2285 cap.
1967 2241 1987 2274 ὃ

233 2322 275 2356 de
310 2318 454 2362 regul.),
494 2313 649 2360 „placuit
682 2322 812 2353 magno
848 2319 1025 2343 consensu
1057 2306 1244 2340 Patribus:
1281 2306 1321 2337 ut
1356 2303 1563 2336 cederemus
1598 2298 1807 2339 cuicumque
1841 2294 1909 2328 iuri
1944 2305 1988 2327 ex

235 2372 391 2408 Concilio
416 2370 518 2404 nobis
544 2364 785 2412 provenienti;
823 2366 859 2397 et
892 2362 994 2395 iuxta
1019 2363 1162 2394 nostras
1189 2356 1470 2392 Constitutiones
1496 2355 1532 2387 et
1557 2355 1651 2389 vota,
1690 2361 1780 2394 quae
1806 2349 1888 2392 post
1912 2357 1989 2391 pro-

234 2427 426 2460 fessionem
454 2422 676 2459 emittuntur,
712 2417 961 2461 paupertatem
997 2414 1033 2447 in
1060 2411 1240 2446 Professis
1274 2422 1316 2444 ac
1350 2409 1508 2452 ipsorum
1535 2404 1706 2439 Domibus
1731 2400 1984 2435 retineremus“

238 2481 347 2524 (decr.
367 2478 411 2512 33
439 2476 657 2519 [Institutione
686 2472 718 2505 ΙΙ
736 2469 856 2513 202]);
885 2470 992 2511 atque
1019 2468 1069 2500 ita
1096 2463 1419 2500 Constitutionibus
1446 2457 1645 2497 Societatis,
1671 2455 1800 2499 quibus
1826 2453 1990 2487 efficitur.

237 2536 276 2567 ut
301 2533 336 2565 in
360 2530 540 2573 „domibus
566 2525 756 2571 professis*
783 2522 940 2565 „reditus
965 2520 1064 2561 nulli,
1090 2531 1134 2553 ne
1160 2517 1347 2552 sacristiae
1371 2514 1513 2558 quidem
1539 2514 1601 2545 aut
1627 2509 1783 2543 fabricae
1810 2505 1990 2551 applicati,

238 2584 361 2619 haberi
386 2582 543 2628 possint*
578 2580 683 2622 (13.6,
711 2590 740 2611 c.
760 2578 791 2617 ⁶2,
818 2588 851 2609 n.
871 2575 922 2618 2),
949 2575 1139 2607 steterunt.

242 2709 343 2746 818
370 2710 447 2744 sive
474 2707 534 2743 it.
555 2706 685 2750 (25).
760 2702 869 2739 Initio
896 2711 941 2736 111.
961 2697 1119 2745 Augusti
1137 2696 1230 2732 1505.

361 2786 415 2819 Ex
441 2782 646 2828 apographo
673 2781 831 2815 eiusdem
857 2778 931 2811 fere
957 2775 1138 2820 temporis.
1184 2773 1266 2807 Cod.
1295 2771 1406 2805 colon.
1438 2769 1494 2811 „L.
1522 2767 1606 2808 Qu.“
1638 2766 1661 2799 f.
1682 2765 1753 2798 79¹².
1792 2762 1922 2805 Aliqua
1950 2771 1994 2794 ex

244 2840 310 2873 hac
337 2838 490 2883 epistula
517 2835 696 2879 excerpsit
723 2835 868 2867 Hcmsen
894 2832 916 2865 l.
945 2842 973 2863 c.
1002 2842 1033 2873 p.
1061 2828 1157 2861 515³.

367 2910 533 2942 Canisz'us
558 2907 689 2948 aliique
709 2907 851 2945 instant,
881 2907 915 2934 ut
933 2902 1000 2933 sibi
1026 2911 1068 2933 eac
1087 2899 1269 2932 Soce‘etate's
1287 2894 1551 2938 conyregmtc‘one
1577 2891 1717 2923 domum
1742 2888 1860 2921 redire
1884 2886 1996 2917 liceat.

366 2995 393 3024 a)
414 2992 598 3017 Gobiernum
618 2992 689 3015 Inst.
764 2989 793 3018 b)
814 2989 885 3012 Inst.
907 2987 1029 3011 rectius:
1049 2983 1210 3010 CoudretO.

372 3098 381 3115 ¹
409 3096 638 3137 Significatur
664 3092 842 3127 secundae
870 3088 1159 3133 congregationis
1185 3088 1266 3131 post
1285 3084 1493 3119 electionem
1513 3082 1695 3115 decretum
1721 3077 1819 3117 illud,
1846 3075 1939 3119 quod
1965 3074 1999 3107 in

252 3149 405 3182 decretis
431 3148 572 3191 quidem
599 3158 705 3179 manu
731 3144 875 3188 scriptis
902 3146 1029 3176 octavo
1056 3142 1131 3174 loco
1150 3140 1305 3184 positum
1325 3139 1411 3178 erat,
1438 3137 1530 3169 inter
1548 3143 1681 3167 excusa
1699 3133 1819 3164 autem
1837 3127 2000 3172 quintum

253 3204 327 3241 est;
354 3201 434 3233 vide
460 3211 566 3243 supra
593 3211 625 3242 p.
654 3198 731 3231 753.
