2045 3471
458 198 553 232 Mon.
573 199 640 233 747
667 198 745 232 sive
771 210 883 241 germ.
903 197 925 231 1.
947 198 1037 241 (22).
1077 197 1240 231 Exeunte
1266 208 1357 231 anno
1387 197 1488 231 1565.
1767 197 1851 238 669

88 314 368 357 osnaburgensis
394 314 481 349 haec
509 315 552 348 de
579 315 721 350 Canisio
749 327 778 350 a.
800 316 890 350 1565
916 328 979 360 per
1006 315 1107 349 Pium
1130 315 1190 349 IV.
1219 315 1263 349 ad
1290 314 1503 349 Germaniae
1529 313 1708 359 principes
1732 313 1853 355 legato

88 370 318 402 narraverat:
350 367 551 408 ,Mandatis
569 368 819 403 Paderbornae
846 368 1044 408 exhaustis,
1072 368 1324 412 Osnabrugum
1344 379 1383 402 se
1409 367 1571 407 contulit,
1598 367 1658 401 ubi
1677 377 1698 400 a
1716 366 1854 400 Joanne

88 420 262 455 Antistite
287 432 357 454 non
382 420 498 454 solum
524 421 698 455 benevole
724 421 867 456 auditus
885 424 958 461 est;
986 422 1048 455 sed
1068 422 1175 455 etiam
1195 422 1319 455 diebus
1338 420 1473 464 aliquot
1498 421 1533 454 in
1551 419 1690 464 Templi
1708 418 1854 464 majoris

90 473 279 515 Cathedra,
306 476 407 507 tanto
434 485 514 507 cum
541 473 669 518 plausu
697 479 733 508 et
758 474 1075 514 commendatione,
1102 474 1146 508 ad
1172 474 1341 519 populum
1370 474 1412 508 de
1438 473 1545 507 rebus
1570 473 1653 506 fidei
1676 472 1778 513 dixit,
1803 474 1854 506 ut.

89 527 168 560 viso
194 526 261 560 hoc
287 527 365 560 viro
392 526 634 567 celeberrimo,
661 527 738 571 ipse
765 528 963 572 Episcopus
989 529 1024 561 et
1050 527 1132 561 boni
1158 539 1281 562 omnes
1307 526 1475 572 optarint,
1503 527 1537 560 in
1564 526 1631 560 hac
1649 526 1746 566 urbe,
1772 524 1855 559 fidei

89 579 312 614 novitatibus
347 579 483 620 dedita,
520 579 717 623 Collegium
754 579 943 614 Societatis
978 581 1065 615 Jesu
1101 581 1259 614 institui‘
1302 581 1528 622 (Antistitum
1567 579 1856 622 Osnabrugensis

89 632 274 667 Ecclesiae
299 632 371 666 Res
397 635 523 675 gestae
550 633 592 674 11,
619 633 829 667 Monasterii
853 633 1103 678 Westpbaliae
1133 634 1234 674 1785,
1263 633 1478 675 102—103).
1522 633 1573 666 Ea
1599 634 1719 666 autem
1746 631 1856 666 Sand-

89 685 167 720 hoff
187 687 372 719 mutuatus
398 688 454 719 est-
482 686 635 729 (factum
670 687 745 731 ipse
775 699 845 720 non
871 687 1003 731 prodit)
1042 699 1062 721 a
1088 688 1259 721 Michaele
1286 688 1444 721 Strumlc
1470 686 1503 720 S.
1523 686 1555 719 J.
1586 684 1853 727 (1677-1736)

90 738 387 783 paderbornensi;
415 740 446 772 is
473 739 566 772 enim
593 739 635 772 de
654 739 788 773 Canisii
814 740 995 783 legatione
1021 740 1120 779 haec,
1147 742 1289 784 praeter
1314 739 1395 779 alia,
1423 740 1550 773 refert:
1587 738 1856 780 „paderbornae

92 791 324 825 Rembertum
345 792 562 836 Episcopum
580 792 624 826 ad
644 793 760 826 omnia
779 793 964 827 Pontificis
990 793 1174 838 postulata
1200 804 1346 837 prorsus
1365 793 1620 836 obsequentem
1638 791 1783 835 reperit.
1799 817 1807 825 .
1824 817 1831 823 .
1849 818 1854 822 .

92 844 298 888 Osnabrugi
323 845 417 890 apud
445 845 661 890 Episcopum
687 846 862 880 Joannem
889 846 932 880 de
958 846 1051 891 Hoja
1077 858 1145 880 non
1172 846 1287 880 solum
1314 845 1486 879 benevole
1512 845 1657 879 auditus
1683 846 1757 883 est;
1792 844 1855 877 sed

92 898 199 932 etiam
236 898 361 932 diebus
395 898 534 942 aliquot
567 898 602 932 in
638 898 821 933 Ecclesiae
856 898 1001 944 majoris
1037 899 1245 933 cathedram
1281 899 1484 943 productus.
1537 897 1606 932 Ubi
1640 899 1740 930 tanto
1775 907 1854 930 011111

91 950 220 996 plausu
246 954 283 985 et
307 952 564 996 approbatione
591 952 634 985 de
659 952 766 986 rebus
793 952 891 986 Fidei
918 952 961 986 ad
988 951 1127 997 plebem
1154 952 1255 993 dixit,
1282 954 1323 986 ut
1348 955 1384 985 et
1410 952 1485 996 ipse
1504 951 1704 995 Episcopus
1722 953 1759 983 et
1776 960 1856 983 cum

92 1016 133 1038 οο
158 1004 241 1038 110111
267 1016 390 1039 omnes
416 1007 638 1049 exoptarent,
665 1005 700 1039 in
727 1005 795 1039 hac
812 1005 910 1045 urhe,
938 1005 1152 1039 Lutheranis
1171 1005 1351 1039 erroribus
1374 1004 1504 1045 dedita,
1532 1003 1722 1046 collegium
1741 1002 1856 1037 Socie-

90 1057 178 1092 tatis
204 1058 383 1092 construi“
415 1057 626 1097 (Annalium
649 1058 996 1092 Paderbornensium
1022 1058 1113 1092 Pars
1131 1058 1193 1098 III,
1220 1058 1319 1103 Opus
1342 1057 1581 1102 posthumum,
1608 1056 1857 1090 Paderbornae

210 1163 261 1198 Ut
274 1163 316 1197 ad
332 1164 554 1208 antiquiores
569 1164 664 1198 vitae
679 1164 881 1198 canisianae
896 1165 1090 1209 scriptores
1104 1164 1327 1205 descendam,
1343 1165 1534 1206 Lonyarus
1547 1163 1639 1206 degsli
1653 1163 1744 1195 Oddi
1755 1161 1789 1195 S.
1804 1161 1836 1196 J.
1851 1175 1858 1195 :

96 1217 153 1259 „Jl
171 1216 335 1252 Vescovo
361 1217 397 1251 di
423 1217 637 1252 Osnabruch
657 1245 664 1252 .
684 1245 691 1251 .
711 1245 718 1252 .
738 1217 763 1251 il
789 1217 883 1251 volle
909 1229 1081 1262 appresso
1107 1218 1142 1251 di
1161 1229 1199 1251 se
1226 1229 1289 1262 per
1314 1217 1382 1251 due
1409 1216 1606 1250 Settimane
1636 1215 1773 1248 intiere.
1794 1241 1802 1248 .
1822 1242 1829 1248 .
1850 1242 1857 1248 .

93 1269 161 1304 Nel
187 1270 292 1314 quale
317 1271 440 1315 spazio
466 1270 502 1304 di
526 1273 657 1315 tempo,
685 1270 873 1305 comecche
898 1270 1018 1312 breve,
1054 1282 1124 1304 non
1159 1270 1270 1304 133010
1296 1269 1321 1303 11
1347 1269 1439 1304 sant’
1460 1269 1572 1303 Uomo
1599 1268 1630 1302 d’
1650 1267 1858 1312 impiegarsi

93 1323 129 1357 in
155 1323 308 1357 servizio
334 1323 428 1358 della
455 1323 551 1358 Citta
577 1336 596 1358 e
623 1335 688 1358 con
713 1324 888 1358 Prediche
924 1323 1122 1367 pubbliche,
1158 1335 1176 1357 e
1209 1335 1275 1357 con
1313 1323 1446 1367 privati
1481 1321 1761 1365 ragionamenti“
1791 1322 1859 1355 etc.

96 1376 197 1419 (Vita
223 1376 281 1411 del
298 1376 490 1411 Venerabil
518 1377 630 1412 Servo
657 1377 690 1410 di
718 1376 782 1410 Dio
810 1377 834 1410 il
852 1377 966 1410 Padre
992 1377 1112 1410 Pietro
1140 1375 1294 1416 Canisio,
1320 1376 1361 1409 In
1386 1375 1515 1420 Napoli
1544 1375 1643 1414 1755,
1673 1374 1768 1417 177).
1813 1373 1858 1407 Et

95 1431 221 1464 Petrus
246 1430 383 1474 Python»
409 1430 442 1464 S.
462 1430 484 1464 J
489 1444 515 1464 .:
547 1429 657 1472 „Cum
684 1430 888 1473 Osnabrugi
915 1432 1133 1470 versaretur,
1161 1456 1168 1463 .
1189 1456 1196 1464 .
1216 1456 1223 1463 .
1250 1429 1459 1473 frequenter
1485 1427 1594 1462 etiam
1620 1427 1664 1461 ad
1682 1426 1858 1471 Populum

94 1483 206 1517 verba
239 1483 335 1525 fecit,
372 1494 524 1527 cumque
550 1484 668 1518 Festis
694 1483 878 1517 Natalitiis
914 1483 1081 1522 diceret,“,
1118 1485 1185 1516 etc.
1239 1482 1475 1527 „Episcopum
1502 1480 1672 1514 Societati
1703 1480 1754 1513 ita
1780 1491 1860 1513 con-

94 1536 244 1578 ciliavit,
271 1539 311 1570 ut
337 1537 379 1570 de
406 1537 575 1580 erigendo
602 1535 777 1577 societati,
812 1537 847 1570 in
872 1536 960 1570 urbe
986 1547 1051 1570 sua
1077 1534 1292 1580 Episcopali,
1320 1533 1477 1577 Collegio
1503 1534 1758 1576 cogitationem
1783 1543 1860 1566 sus-

94 1589 231 1634 ciperet
256 1616 264 1624 .
285 1616 292 1624 .
313 1617 320 1623 .
347 1589 551 1633 Osnabrugi
587 1590 789 1634 quindecim
826 1590 902 1623 dies
936 1591 1103 1623 versatus
1138 1588 1321 1622 Coloniam
1355 1587 1474 1621 venit“
1515 1586 1615 1629 (Vita
1642 1585 1683 1619 R.
1703 1586 1742 1619 P.
1763 1585 1860 1619 Petri

98 1642 242 1683 Canisii,
268 1642 449 1677 Monachii
470 1643 571 1683 1710,
599 1643 814 1686 219—220).
858 1642 903 1676 Et
921 1644 1072 1676 [oannes
1090 1643 1254 1685 Doriyny
1273 1640 1306 1675 S.
1327 1641 1380 1675 J.:
1413 1640 1529 1682 „Dans
1555 1639 1589 1673 la
1608 1638 1693 1673 ville
1713 1638 1861 1672 (103113-

97 1695 210 1730 bruck
237 1723 245 1730 .
266 1723 272 1730 .
292 1722 300 1730 .
327 1696 352 1730 il
387 1696 518 1741 precha
554 1698 717 1737 souvent,
753 1695 1050 1740 principalement
1083 1695 1242 1739 pendant
1275 1694 1329 1727 les
1359 1694 1465 1727 Fetes
1500 1693 1542 1726 de
1567 1692 1667 1726 Noel.
1687 1719 1694 1725 .
1715 1718 1722 1725 .
1743 1718 1750 1725 .
1793 1691 1862 1725 Les

97 1748 253 1792 grandes
271 1752 397 1783 vertus
424 1750 467 1783 de
493 1752 550 1784 cet
576 1749 717 1783 homme
735 1749 969 1794 Apostolique
988 1749 1185 1782 donnerent
1203 1749 1223 1781 a
1241 1747 1424 1791 l’Eveque
1447 1746 1630 1790 beaucoup
1650 1745 1680 1778 d'
1696 1745 1860 1779 affection

98 1814 187 1847 pour
211 1804 312 1836 toute
337 1814 377 1836 sa
404 1802 642 1847 Compagnie;
677 1802 702 1836 il
728 1814 863 1845 songea
888 1805 1003 1836 meme
1029 1803 1048 1835 a
1082 1801 1145 1846 luy
1172 1800 1298 1834 fonder
1322 1812 1369 1834 un
1397 1799 1542 1841 College
1577 1799 1666 1832 dans
1701 1809 1740 1832 sa
1767 1797 1862 1840 Ville

99 1855 331 1900 Episcopale“
355 1856 422 1897 (La
440 1855 507 1889 Vie
534 1857 580 1889 du
598 1855 786 1890 Reverend
815 1856 904 1889 Pere
930 1855 1053 1888 Pierre
1080 1854 1256 1893 Canisius,
1283 1855 1312 1886 A
1338 1852 1442 1887 Paris
1471 1852 1571 1892 1707,
1597 1850 1816 1893 253—254).

219 1909 367 1942 Maioris
401 1910 571 1943 momenti
607 1920 686 1943 esse
713 1909 892 1950 videntur,
927 1919 1019 1952 quae
1045 1908 1202 1941 Maurus
1226 1908 1311 1940 Rost
1339 1904 1619 1948 (1633—1706),
1655 1903 1861 1938 monasterii

100 1962 413 1996 Benedictinorum
449 1962 672 2006 iburgensis,
707 1973 816 2006 prope
843 1961 1096 2004 Osnaburgum
1131 1960 1203 1999 siti,
1238 1971 1269 1993 a.
1292 1958 1523 1993 1666—1706
1556 1957 1676 1998 abbas,
1708 1958 1742 1990 in
1772 1958 1863 1999 „An-⁴

100 2015 243 2049 nalibus
268 2016 477 2049 monasterii
504 2016 538 2050 S.
558 2015 756 2049 Clementis
782 2015 816 2048 in
844 2015 970 2057 lburg“
1002 2014 1045 2047 de
1063 2014 1194 2047 Ioanne
1220 2013 1264 2047 ab
1283 2012 1388 2057 Hoya
1414 2011 1579 2056 episcopo
1605 2009 1863 2052 osnaburgensi

102 2069 136 2102 in
164 2080 194 2102 a.
217 2069 307 2103 1565
333 2068 461 2103 refert:
502 2068 623 2111 „Sicut
658 2068 956 2113 praecedentibus
982 2067 1095 2107 annis,
1125 2066 1177 2100 sic
1205 2069 1240 2100 et
1265 2065 1331 2100 hoc
1358 2065 1514 2099 maxime
1540 2075 1602 2108 pro
1629 2062 1864 2097 restauranda

102 2121 274 2164 religione
300 2123 489 2166 episcopus
514 2124 637 2156 noster
662 2121 858 2161 laborabat,
886 2119 1105 2164 conquisitos
1132 2119 1287 2163 undique
1313 2118 1539 2152 doctissimos
1564 2119 1600 2150 et
1625 2115 1865 2150 zelosissimos

102 2176 200 2208 viros
236 2186 366 2218 eosque
401 2179 561 2209 maturos
597 2175 778 2209 cathedris
812 2173 1059 2219 praeficiebat,
1098 2172 1279 2206 beneficiis
1314 2171 1521 2205 honorabat.
1571 2170 1669 2203 Inter
1703 2170 1864 2203 caeteros

105 2228 213 2262 etiam
240 2227 385 2261 Petrum
413 2228 596 2262 Canisium
632 2241 650 2262 e
676 2228 848 2262 societate
874 2227 960 2260 Jesu
996 2225 1137 2266 accivit,
1173 2224 1233 2269 qui
1268 2224 1422 2269 publicis
1456 2221 1684 2257 concionibus
1718 2222 1753 2255 in
1780 2221 1867 2255 aede

105 2279 302 2315 cathedrali
338 2281 462 2314 devios
497 2292 667 2315 revocare
706 2280 915 2314 conaretur“
957 2277 1227 2321 (Osnabrficker
1254 2275 1626 2319 Geschichtsquellen.
1676 2273 1777 2308 Band
1804 2273 1865 2306 III.

105 2333 264 2367 Annales
298 2334 504 2368 monasterii
541 2334 575 2368 S.
596 2334 793 2368 Clementis
829 2333 862 2366 in
900 2332 1007 2374 Iburg
1042 2331 1231 2365 collectore
1268 2331 1392 2364 Mauro
1427 2329 1566 2363 abbate.
1617 2327 1682 2361 Die
1718 2327 1867 2369 Iburger

106 2386 405 2420 Klosterannalen
432 2387 495 2420 des
513 2387 604 2421 Abts
631 2387 779 2421 Maurus
798 2385 896 2419 Rost.
941 2385 990 2418 1111
1011 2384 1187 2425 Auftrage
1206 2384 1268 2417 des
1287 2382 1535 2417 Histoi-ischen
1555 2380 1705 2414 Vereins
1723 2380 1868 2414 heraus—

107 2439 268 2483 gegeben
295 2451 365 2473 von
392 2439 608 2474 Oberlehrer
633 2452 664 2474 a.
685 2439 726 2473 D.
754 2440 815 2473 Dr.
835 2439 871 2472 C.
892 2437 1014 2478 Stiive,
1042 2436 1255 2472 Osnabruck
1285 2436 1384 2475 1895,
1411 2434 1485 2477 22¹1).

225 2492 357 2526 Exstat
383 2496 571 2537 praeterea
589 2492 793 2535 Osnaburgi
821 2492 856 2525 in
883 2490 1031 2525 archivo
1058 2489 1159 2533 regni
1187 2488 1389 2523 borussici*
1409 2487 1694 2522 Commentarius
1713 2485 1867 2529 quidam.

111 2547 322 2589 „Chromin-cg
349 2545 494 2590 Species
520 2546 640 2580 Facti¹‘
671 2547 875 2589 inscriptuS,
903 2544 938 2577 in
965 2555 1033 2587 quo
1059 2543 1279 2577 affirmatur:
1317 2543 1438 2583 „Anno
1468 2540 1557 2575 1562
1582 2540 1693 2582 [sicf]
1719 2538 1781 2572 hat
1807 2539 1869 2572 der

108 2599 296 2633 beruhmte
331 2599 369 2633 P.
391 2599 520 2633 Petrus
547 2599 713 2633 Canisius,
749 2599 826 2631 eine
862 2600 949 2641 gute
980 2596 1055 2630 Zeit
1089 2608 1131 2629 zu
1159 2594 1372 2629 Osnabruek
1409 2595 1455 2627 im
1481 2593 1620 2627 Thumb
1655 2591 1863 2636 gepredigt“

111 2652 230 2695 (Fasc.
252 2655 363 2694 ,Acta
398 2653 486 2685 betr.
514 2652 570 2686 die
605 2651 868 2694 beabsichtigte
895 2649 1136 2691 Vertreibung
1167 2648 1228 2682 der
1254 2648 1418 2682 Jesuiten
1445 2658 1509 2680 aus
1536 2646 1566 2680 d.
1587 2646 1637 2679 St.
1657 2643 1870 2678 Osnabriick

113 2706 365 2739 1717-1726“
395 2706 419 2738 f.
437 2705 543 2748 423);
579 2708 618 2739 at
653 2703 929 2739 commentarius
964 2702 1024 2736 ille
1059 2702 1202 2736 saeculo
1238 2700 1456 2745 compositus
1491 2702 1545 2733 est
1580 2698 1710 2732 XVlll.
1745 2708 1870 2741 neque,

112 2769 182 2802 quo
208 2762 352 2792 auctore
379 2758 443 2792 illa
469 2758 564 2792 dicta
591 2758 673 2797 sint,
701 2759 736 2791 in
763 2769 802 2790 eo
829 2756 1054 2799 significatur
1069 2756 1089 2790 ¹.

229 2811 428 2845 Meinoratu
448 2812 595 2854 dignum
613 2823 692 2845 esse
711 2809 844 2844 dixeris
864 2810 971 2843 etiam
992 2809 1030 2842 P.
1046 2809 1244 2842 Henricum
1266 2808 1461 2840 Ture-kima
1481 2804 1627 2848 (Turck,
1646 2803 1759 2847 Tui-k)
1781 2803 1871 2842 S.J.,

111 2865 172 2908 qui
199 2876 230 2898 a.
252 2865 352 2904 1669,
379 2865 423 2899 60
450 2876 562 2898 3111103
588 2866 705 2904 natus,
741 2863 776 2896 in
803 2862 953 2905 collegio
980 2860 1190 2899 treverensi,
1217 2860 1277 2894 ubi
1304 2859 1565 2904 philosophiam
1592 2861 1628 2891 et
1654 2856 1871 2900 theologiam

112 2917 292 2959 docuerat,
330 2919 405 2952 vita
440 2918 550 2951 cessit
579 2917 860 2961 (Som'mervoyel,
896 2915 986 2949 Bibl.
1015 2914 1099 2948 VlIl
1126 2914 1352 2957 273-274):
1390 2913 1424 2946 13
1452 2913 1486 2946 111
1514 2911 1758 2954 *,,Α111131111113
1789 2910 1871 2944 Pru:

112 2970 252 3005 vinciae
279 2971 391 3005 Rheni
419 2971 617 3005 inferioris“
648 2969 838 3004 Societatis
863 2969 951 3003 Jesu
977 2967 1131 3011 eleganti
1158 2967 1337 3001 latinitate
1364 2966 1586 3010 conscriptis,
1613 2976 1701 3009 quos
1728 2966 1748 2998 6
1775 2963 1873 2997 volu-

113 3024 268 3058 minibus
293 3026 328 3058 in
354 3025 439 3058 folio
467 3035 579 3067 usque
605 3023 647 3058 ad
676 3035 707 3057 a.
730 3023 819 3057 1650
846 3021 1014 3067 perduxit
1037 3022 1104 3063 (W.
1122 3021 1278 3064 Richter,
1305 3019 1521 3054 Geschichte
1548 3018 1610 3052 der
1629 3017 1874 3051 Paderborner

114 3077 276 3111 Jesuiten
303 3079 328 3119 I,
364 3077 570 3112 Paderborn
599 3077 700 3117 1892,
735 3077 836 3119 xm),
872 3075 914 3109 de
942 3074 1084 3109 Canisio
1118 3076 1261 3107 narrat:
1300 3072 1634 3115 „Osnabrugensem
1664 3070 1872 3104 Antistitem

238 3187 246 3205 ¹
276 3184 372 3218 Haec
391 3183 603 3225 Osnaburgo
631 3194 675 3216 ex
702 3174 847 3216 archivo
873 3181 972 3224 regio
998 3180 1254 3215 humanissime
1282 3190 1418 3213 mecum
1446 3177 1706 3212 communicata
1732 3178 1826 3210 sunt.
