2045 3471
207 195 291 235 310
375 191 474 225 1353.
502 191 651 224 Ioannes
678 189 720 223 de
745 189 901 223 Polanco
929 188 1081 223 Canisio.
1134 190 1234 224 1354.
1261 189 1503 235 Hieronymus
1528 190 1669 225 Natalis
1697 190 1849 225 Canisio.

205 310 417 354 perpetuum
453 310 489 341 et
524 307 609 341 cedo
644 306 947 341 irreuocabiliter“
980 306 1018 350 (l.
1046 319 1075 340 c.
1103 306 1127 340 f.
1155 306 1403 350 3332—339b).
1454 307 1507 341 De
1533 307 1676 351 collegii
1701 308 1962 353 hieronymiani

207 361 386 396 dotatione
413 372 443 394 a.
473 360 704 396 1550-1557
733 371 778 393 ex
803 360 905 394 bonis
929 359 1229 393 monasteriorum
1254 371 1318 404 per
1343 362 1586 405 protestantes
1612 360 1834 396 sublatorum
1865 361 1962 395 facta

206 415 289 449 vide
316 414 439 457 Specht
465 413 488 447 l.
515 425 544 447 c.
575 413 724 447 11—13.

324 466 517 499 Praeterea
543 477 623 500 culn
649 465 706 499 his
732 465 864 499 litteris
883 465 1025 499 Canisio
1051 466 1162 499 missa
1181 468 1246 506 est,
1272 467 1313 499 ut
1339 477 1383 499 ex
1409 465 1486 500 eius
1511 466 1644 500 litteris
1669 467 1725 501 22.
1744 466 1964 512 Septembris

210 520 299 555 1566
325 519 369 552 ad
395 518 563 561 Borgiam
592 519 685 552 datis
714 519 950 562 cognoscitur,
985 518 1142 562 epistula
1168 518 1240 558 illa,
1280 519 1322 552 de
1349 530 1419 563 qua
1445 519 1481 552 in
1508 518 1593 553 Cod.
1624 519 1742 562 „Def.“
1772 521 1963 554 *notatum

208 574 281 606 est:
324 572 375 614 ,A
410 572 445 604 di
480 572 534 606 30.
562 571 597 605 di
623 571 750 615 Luglio
777 572 832 606 66.
867 572 898 605 si
932 571 1061 604 mando
1096 571 1130 604 la
1166 583 1351 605 commune
1390 572 1424 605 di
1460 572 1686 606 edificatione
1721 572 1779 607 del
1804 572 1874 606 ΡΡ.
1903 572 1965 606 alli

207 624 373 668 seguenti
413 624 546 667 luoghi‚
587 624 743 669 Spagna,
782 625 941 665 Austria‚
980 623 1148 668 Superior
1187 623 1389 660 Germania.
1428 624 1562 666 Rheno,
1602 625 1764 667 Fiandra,
1802 625 1963 666 Francia,

207 677 413 722 Aquitania,
432 677 590 718 Polonia,
610 677 833 716 Lombardia,
852 677 1025 717 Tnscana,
1043 677 1182 722 Napoli,
1202 680 1236 711 et
1255 677 1396 712 Sicilia“
1417 678 1574 721 (Diuersi
1592 678 1717 719 ordini,
1743 678 1779 711 in
1798 690 1828 712 a.
1846 678 1965 721 1566).

208 731 260 765 De
287 731 410 764 eadem
438 730 593 775 epistula
619 731 796 764 Polanczcs
820 730 857 763 in
887 730 1038 772 „litteris
1056 730 1324 765 communibus²
1348 731 1460 765 Roma
1478 731 1534 766 21.
1550 730 1715 765 Octobris
1735 731 1825 765 1566
1851 731 1964 765 datis:

213 784 299 826 ,Nel
324 784 394 817 fine
421 784 455 817 di
480 783 626 826 luglio“,
653 783 782 827 inquit,
813 783 955 825 „scrissi
974 783 1005 816 d'
1021 783 1149 818 alcune
1168 795 1249 818 cose
1267 784 1299 817 d'
1315 783 1539 818 edificatione
1558 784 1615 818 del
1635 784 1752 828 Papa“
1778 783 1965 826 (Analecta

209 836 442 871 Bollandiana
460 836 526 869 VH
554 837 626 878 64).

327 889 381 922 Ex
401 889 533 923 Canisii
559 889 701 930 litteris,
728 900 818 933 quas
844 889 946 923 modo
974 889 1057 928 dixi,
1084 889 1150 923 hoc
1170 900 1310 933 quoque
1336 889 1579 933 intellegitur:
1606 889 1671 923 Die
1695 889 1726 923 3.
1747 888 1966 934 Septembris

212 943 301 977 1566
321 942 462 976 Canisio
489 954 509 976 a
535 942 568 976 S.
588 942 780 976 Francisco
799 943 930 985 Borgia
955 943 1086 977 missae
1113 945 1197 977 sunt
1223 943 1330 977 etiam
1358 943 1493 988 primae
1518 943 1666 986 regulae
1692 943 1769 976 sive
1799 941 1967 985 „regulae

210 996 489 1029 communiore&
528 995 756 1029 alumnorum
792 995 933 1039 collegii
968 996 1175 1039 germanici,
1214 1007 1348 1040 eaeque
1384 996 1428 1029 ab
1463 997 1540 1041 ipso
1568 995 1699 1030 Sancto
1725 995 1865 1039 Ignatio
1901 994 1967 1028 sub

210 1060 240 1082 a.
262 1049 351 1083 1552
379 1049 614 1093 conscriptae,
641 1059 732 1092 quas
759 1060 830 1082 una
855 1060 936 1083 cum
961 1049 1077 1082 tribus
1104 1049 1318 1093 praeceptis,
1345 1060 1436 1092 quae
1462 1049 1555 1082 idem
1583 1048 1615 1082 S.
1636 1049 1798 1090 Ignatius
1825 1059 1855 1082 a.
1876 1048 1968 1082 1554

210 1102 251 1135 ad
280 1113 340 1135 eas
366 1101 513 1142 addidit,
546 1101 699 1146 primum
726 1103 824 1146 typis
851 1101 1043 1146 exscripsit
1068 1101 1108 1135 P.
1135 1103 1349 1135 Friderieus
1375 1103 1570 1136 Sclcroeder
1595 1101 1628 1135 S.
1656 1102 1700 1140 J„
1737 1102 1967 1135 Monumenta

211 1166 302 1198 quae
344 1156 510 1198 spectant
551 1154 744 1199 primordia
781 1155 930 1198 Collegii
971 1155 1167 1198 germanici
1206 1157 1241 1188 et
1280 1155 1479 1198 hungarici,
1522 1154 1656 1188 Romae
1688 1155 1788 1193 1896,
1827 1154 1968 1188 93-96

212 1208 407 1243 195-197,
451 1207 542 1242 Illud
568 1208 679 1251 igitur
706 1207 831 1242 harum
859 1208 1064 1252 regularum
1092 1208 1306 1252 exemplum,
1334 1208 1426 1252 quod
1451 1220 1497 1242 m.
1516 1207 1631 1252 Aprili
1658 1219 1688 1241 a.
1709 1208 1799 1242 1566
1827 1206 1968 1241 Canisio

210 1262 358 1295 missum
386 1263 462 1294 erat
488 1261 586 1303 (vide
613 1272 722 1305 supra
748 1273 781 1306 p.
801 1261 897 1301 227),
934 1261 969 1294 in
997 1262 1073 1294 eius
1099 1273 1226 1294 manus
1252 1262 1461 1305 pervenisse
1486 1273 1555 1294 non
1583 1261 1725 1294 videtur
1753 1260 1837 1303 (nisi
1864 1259 1969 1294 malis

211 1314 339 1355 dicere,
364 1314 400 1347 in
427 1313 510 1348 Cod.
541 1313 660 1356 „Def.“
692 1317 835 1359 tempus
860 1314 955 1348 haud
981 1316 1079 1348 recte
1104 1317 1267 1347 notatum
1295 1314 1405 1357 esse).

330 1379 495 1413 Canisius
521 1379 673 1422 Borgiae
708 1380 892 1424 respondit
917 1380 974 1414 22.
1001 1379 1219 1424 Septembris
1250 1379 1349 1413 1566.

212 1518 360 1554 1353.
462 1518 520 1554 P.
549 1517 848 1554 IOANNES
875 1517 968 1553 DE
995 1516 1328 1560 POLANCO,
1365 1517 1582 1552 secretarius
1609 1516 1801 1552 Societatis
1825 1516 1907 1550 Iesu
1933 1518 1969 1550 et

376 1572 675 1617 superintendens
703 1571 844 1616 collegii
870 1571 1076 1615 germanici,
1103 1571 1304 1606 CANISIO.

1382 1623 1494 1658 Roma
1520 1624 1552 1658 3.
1573 1622 1791 1668 Septembris
1820 1623 1921 1657 1566.

331 1677 387 1712 Ex
415 1677 497 1712 Cod.
530 1678 668 1720 „Germ
697 1679 761 1712 65⁴⁴
795 1679 819 1712 f.
850 1678 947 1713 180³.

335 1756 560 1789 Commendat
586 1756 617 1788 ei
643 1756 822 1788 Adamum
848 1756 1009 1799 Jl'assner.

333 1839 386 1880 In
422 1840 665 1893 „Refflfstrffl
703 1839 887 1893 Roryiae
917 1839 1018 1879 haee
1059 1843 1200 1879 notata
1243 1843 1340 1878 sant
1383 1839 1433 1879 cle
1464 1839 1631 1878 Adamo
1663 1837 1856 1891 lVayner,
1900 1837 1972 1891 qai

215 1904 262 1946 ob
298 1904 506 1957 infirmam
540 1905 821 1945 valetudinem
854 1919 903 1945 ex
935 1904 1098 1957 eolleyio
1129 1904 1369 1956 [yermanico
1401 1902 1618 1943 rediturus
1641 1906 1730 1943 erat
1753 1906 1787 1942 el
1809 1901 1970 1942 studio-

216 1984 308 2012 rum
332 1969 647 2024 tlzeoloyz‘corum
672 1969 1014 2010 absolvendorum
1035 1969 1179 2021 qratia
1202 1967 1402 2021 Dillnyae
1422 1982 1502 2021 per
1524 1967 1784 2008 cardinalem
1815 1966 1970 2007 Trach-

217 2048 302 2076 sess
336 2035 377 2075 in
410 2047 630 2074 numeram
667 2034 936 2074 almanorum
969 2033 1230 2074 contubernii
1252 2032 1295 2073 S.
1320 2031 1572 2085 Hieronymi
1604 2032 1752 2072 ascisci
1784 2031 1972 2085 cupiebat

219 2100 334 2151 (vide
365 2112 497 2153 supra
523 2112 568 2152 1).
592 2098 723 2150 292)-
759 2099 825 2149 „A
857 2099 904 2138 cli
936 2099 989 2140 .3.
1023 2097 1067 2137 (Ζὶ
1098 2097 1310 2138 settembre
1343 2098 1470 2138 1566.
1504 2098 1541 2137 εἰ
1572 2097 1720 2137 scrisse
1752 2096 1794 2136 al
1816 2095 1864 2136 P.
1891 2095 1972 2136 Ca—

215 2166 324 2206 uisio
365 2164 411 2204 in
453 2163 850 2204 raccomanclatz'one
891 2164 937 2203 (ll
969 2163 1151 2214 Aclamo,
1194 2163 1224 2203 il
1266 2163 1388 2215 quale
1424 2176 1503 2215 per
1535 2175 1611 2202 saa
1654 2160 1972 2214 indispositiooze

218 2229 431 2283 corporale
463 2230 500 2268 si
531 2228 688 2269 mando
721 2229 766 2268 in
788 2229 1036 2281 Alemagma,
1070 2241 1128 2268 aa
1151 2241 1224 2267 con
1248 2227 1389 2267 animo
1423 2226 1469 2266 di
1497 2225 1623 2278 finire
1655 2227 1685 2267 ll
1716 2226 1810 2266 suoi
1841 2225 1975 2278 studz'j

220 2295 266 2335 cli
303 2293 535 2346 leeoloqz'a,
575 2292 649 2344 fra
692 2293 724 2333 li
764 2294 914 2333 alanni
948 2293 1013 2333 del
1048 2292 1280 2332 Gai-divale
1305 2324 1314 2332 .
1338 2290 1378 2331 lo
1411 2289 1569 2331 habbia
1610 2303 1686 2343 per
1724 2302 1972 2330 raccoman-

220 2358 321 2399 dato
354 2356 407 2400 V.
430 2357 508 2398 R.²²
540 2362 609 2398 etc.
673 2357 737 2398 De
771 2357 907 2398 Roma
938 2356 965 2397 li
1002 2359 1055 2398 .3.
1090 2355 1132 2396 di
1164 2354 1400 2397 settembre
1436 2355 1585 2396 1566.“

219 2499 368 2536 1354.
466 2499 527 2535 Ρ.
546 2498 999 2535 HIERONYMUS
1017 2496 1335 2539 XATALI&
1363 2496 1553 2531 Societatis
1572 2495 1747 2536 visitator,
1771 2494 1971 2530 CANISIO.

1006 2552 1125 2595 Praga
1146 2552 1197 2594 (2³)
1225 2551 1320 2584 circa
1345 2549 1484 2583 initium
1511 2561 1557 2583 m.
1577 2548 1795 2593 Septembris
1825 2548 1923 2582 1566.

338 2628 393 2663 Ex
428 2629 583 2672 imagine
618 2628 910 2674 photographica,
947 2628 989 2662 de
1015 2639 1086 2672 qua
1119 2628 1213 2661 infra
1237 2627 1394 2661 n.1358.
1444 2625 1543 2659 Haec
1568 2625 1769 2658 litterarum
1795 2623 1971 2667 particula

222 2683 343 2715 exstat
369 2683 476 2716 etiam
506 2682 542 2716 in
569 2682 656 2726 Epp.
683 2683 806 2716 Naclal
832 2682 882 2715 ΙΠ
905 2683 984 2715 774.

344 2758 507 2792 Canisins
533 2760 681 2802 De'lz'nya
708 2760 764 2792 22.
785 2758 997 2800 Septembris
1018 2759 1108 2790 1566
1133 2757 1180 2789 ad
1205 2757 1376 2799 Boryl'am
1396 2754 1641 2797 praepositum
1664 2752 1858 2793 (lenm-alem
1885 2753 1972 2784 scri-

225 2811 303 2842 bens
337 2811 419 2844 haec
454 2816 551 2844 notat
585 2813 626 2844 de
652 2813 805 2853 Boryiae
830 2811 978 2853 epistula
1006 2813 1037 2843 3.
1065 2809 1277 2851 Septembris
1305 2810 1395 2841 1566
1430 2808 1477 2839 acl
1511 2807 1549 2839 P.
1577 2806 1739 2838 Natalem
1766 2805 1850 2836 (lata
1878 2804 1973 2845 (vide

226 2863 313 2904 ΕΜ).
333 2863 452 2896 Nadal
470 2866 535 2897 III
547 2865 766 2907 2:25—230),
794 2875 881 2907 quae
910 2863 1055 2896 canisio
1082 2863 1188 2895 missa
1216 2865 1313 2894 erat:
1340 2860 1486 2904 „Quella
1511 2859 1633 2892 scritta
1661 2857 1697 2890 al
1723 2857 1761 2890 P.
1781 2858 1825 2890 D.
1845 2857 1973 2890 Natale

224 2925 259 2947 se
284 2915 375 2947 dara
401 2916 420 2947 ἁ
449 2917 511 2959 lai,
536 2919 596 2959 poi
621 2917 679 2949 clze
703 2916 789 2950 sara
814 2921 955 2949 tornato
980 2917 1020 2948 (Ζί
1045 2916 1205 2957 Austria,
1232 2919 1262 2947 et
1288 2924 1380 2946 come
1404 2913 1449 2945 lea
1475 2913 1606 2951 scritto,
1635 2909 1741 2943 nerra
1763 2913 1883 2952 presto
1909 2920 1970 2942 con

226 2968 260 3000 la
284 2968 403 3009 qratia
429 2969 482 3000 del
509 2968 690 3011 Siquoref‘

344 3041 483 3075 Natalis
510 3044 564 3078 28.
592 3045 747 3087 Augusti
773 3043 952 3078 Olomutio
978 3043 1133 3085 Pragam
1168 3042 1352 3086 profectus
1386 3050 1465 3073 esse
1491 3038 1652 3076 videtum
1687 3037 1780 3071 unde
1809 3037 1862 3071 19.
1889 3035 1972 3080 Sep-

227 3094 374 3128 tembris
401 3093 635 3139 Oenipontem
661 3108 788 3131 versus
814 3097 902 3130 abiit
931 3096 1035 3140 (Epp.
1062 3095 1183 3129 Nadal
1209 3094 1261 3127 IIl
1287 3093 1355 3127 223
1382 3092 1479 3134 238).

346 3179 374 3209 a)
394 3180 530 3210 Sequitur
549 3180 667 3211 perche,
688 3182 892 3205 oblitteratum.
