2077 3461
295 187 395 221 1199.
424 186 588 221 Canisius
616 187 651 221 S.
673 186 864 221 Francisco
890 185 933 219 de
958 185 1102 229 Borgia.
1140 184 1286 228 Dilinga
1313 184 1368 220 10.
1394 184 1496 219 Febr.
1526 184 1628 218 1565.
1816 186 1840 227 5

79 310 127 350 ut
159 309 276 349 certe
316 305 439 357 viuit,
480 305 778 347 foelicissime:
819 308 966 348 tamen
1007 318 1062 346 ex
1102 303 1240 346 literis
1271 303 1541 357 Augustanis
1582 306 1627 346 et
1658 302 1755 357 alijs
1787 303 1841 344 ad

79 371 348 414 Cardinalem
363 372 378 399 1
408 371 551 412 missis
579 370 782 412 hesterno
806 384 856 412 ac
876 369 1082 412 hodierno
1107 368 1173 410 die
1196 368 1488 422 cogmuimus,
1523 367 1668 410 diuina
1688 368 1842 409 volun—

78 438 172 479 tate
202 436 336 478 talem
367 437 623 488 tantumque
647 436 822 477 Patrem
854 434 977 476 nobis
1010 435 1220 487 ereptum,
1254 436 1298 475 et
1330 432 1456 475 sicuti
1488 447 1573 474 non
1597 432 1842 475 dubitamus

77 502 120 543 in
147 501 288 542 locum
311 499 601 542 sublimiorem
625 502 823 542 euectum
846 513 954 541 esse.
1009 498 1199 541 Offendit
1230 497 1311 539 hoc
1343 498 1470 540 triste
1503 497 1705 539 nuncium
1738 510 1842 539 sane

78 565 361 614 Cardinalem,
395 565 649 618 Fugger0s2
681 567 724 606 et
757 564 865 606 alios
896 564 1032 605 bonos
1064 563 1195 613 viros,
1228 562 1454 615 magisque
1476 576 1554 603 nos
1587 562 1718 604 etiam
1741 576 1842 603 con-

78 629 290 679 tristaret,
325 630 361 671 si
391 629 581 671 humana
603 629 819 671 duntaxat
842 629 1200 682 contemplantes,
1234 627 1340 681 spei,
1374 641 1424 668 ac
1456 626 1639 668 fiduciae
1668 629 1844 669 nostrae

79 708 281 737 ancoram
313 694 356 735 in
389 694 462 736 illo
495 708 579 735 non
623 694 811 736 defixam
842 694 1112 743 haberemus
1155 692 1228 746 qui
1269 706 1370 734 suos
1408 705 1627 744 nunquam
1666 691 1841 741 deserit,

79 762 147 802 et⁸
177 774 248 801 res
288 759 525 801 humanasb
556 759 620 801 ita
653 759 889 813 dispensat,
931 762 979 801 ut
1011 772 1182 812 semper
1214 771 1388 800 causam
1427 757 1617 798 habeant
1650 756 1843 798 authoris

79 824 144 866 sui
175 824 332 866 iudicia
364 824 642 877 quantumuis
666 824 847 874 occulta,
882 823 1098 873 laudandi,
1133 826 1176 866 et
1198 823 1240 864 in
1263 822 1460 864 omnibus
1484 821 1562 863 Dei
1585 820 1843 875 sapientiam

77 889 351 942 gratiamque
373 888 664 943 praedicandi.
708 888 833 931 Fiat
864 888 998 941 igitur
1029 887 1243 929 Domini
1277 887 1582 937 voluntas3‚
1619 885 1690 939 qui
1721 885 1843 927 nobis

78 956 122 997 et
154 953 362 996 ecclesiae
395 953 548 996 dedit
580 954 626 997 P.
660 953 845 1007 Laynes,
880 953 1114 1005 datumque
1146 967 1258 994 nunc
1292 952 1567 994 abstulit4
1608 952 1661 992 ad
1695 964 1844 993 suam

78 1021 364 1061 aeternam
396 1018 634 1071 gloriam
647 1019 676 1060 5.
729 1019 794 1060 De
818 1017 937 1060 cuius
970 1018 1141 1070 quidem
1170 1016 1311 1059 foelici
1344 1016 1533 1059 transitu
1565 1016 1844 1070 perlubenter

76 1083 382 1137 intelligemus,
416 1083 556 1136 qualis
587 1083 660 1124 ille
692 1083 838 1133 fuerit,
873 1085 918 1125 et
949 1082 1044 1135 quis
1066 1082 1266 1123 Vicarius
1289 1095 1426 1123 nouus
1459 1081 1516 1123 sit
1537 1080 1659 1123 Patri
1681 1080 1842 1134 optimo

77 1150 345 1202 surrogatus.
407 1148 577 1190 Nobilis
618 1151 819 1190 matrona
851 1147 1035 1189 Domina
1077 1149 1227 1189 nostra
1259 1147 1460 1200 Fuggera
1501 1146 1658 1188 stolam
1700 1159 1844 1187 sacer-

79 1214 269 1256 dotalem
306 1213 640 1267 pulcherrimam
673 1213 851 1262 fecerat,
895 1227 1019 1265 quam
1058 1226 1144 1253 una
1177 1226 1271 1253 cum
1310 1211 1397 1253 filio
1430 1211 1627 1265 Philippo
1660 1210 1841 1252 Romam

80 1279 196 1320 Patri
230 1278 484 1332 Praeposito
518 1284 685 1320 coramc
719 1277 779 1332 [P]
814 1278 988 1319 mittere
1021 1277 1268 1319 voluissset.
1335 1277 1418 1319 Sed
1450 1277 1535 1318 iam
1570 1275 1738 1329 accepit
1769 1275 1842 1316 ille

79 1343 302 1393 stolam,
347 1357 431 1397 qua
462 1343 671 1385 Dominus
712 1343 896 1385 induit
934 1343 1089 1393 0111116,
1123 1342 1279 1384 beatae
1311 1340 1654 1383 immortalitatis
1667 1341 1696 1391 7,
1729 1340 1845 1382 inter

79 1408 242 1450 electos
273 1410 535 1461 sanctosque
567 1408 829 1450 sacerdotes

197 1473 330 1515 Venit
361 1487 474 1514 nunc
507 1488 600 1515 cum
634 1473 700 1515 his
732 1472 871 1515 literis
902 1472 1056 1515 Junior
1087 1472 1201 1514 Baro
1235 1471 1287 1513 de
1321 1471 1667 1524 Swartzenberg,
1708 1470 1844 1511 idem-

80 1552 162 1591 que
194 1538 433 1580 Canonicus
472 1538 811 1592 Herbipolensis,
855 1537 1072 1579 Cardinali
1112 1538 1262 1579 nostro
1303 1536 1432 1578 valde
1473 1536 1642 1585 charus,
1685 1535 1759 1576 sed
1800 1534 1843 1576 in

77 1602 216 1646 literis
248 1602 350 1644 nihil
385 1602 477 1644 fere
509 1605 723 1646 versatus.
777 1603 881 1644 Cum
912 1602 985 1644 illo
1008 1601 1154 1644 veniet
1177 1602 1307 1643 etiam
1340 1601 1406 1653 (ut
1438 1599 1658 1655 putamus)
1690 1599 1845 1641 nobilis

79 1667 344 1710 Adolescens
376 1669 587 1719 Bauarus,
631 1667 703 1721 qui
735 1668 910 1710 Patrem
951 1667 1084 1709 habet
1115 1666 1355 1708 Bauaricae
1396 1666 1521 1708 aulae
1554 1665 1844 1708 Praefectum.

80 1733 252 1776 Tertius
285 1733 367 1775 erit
398 1733 510 1775 filius
542 1733 713 1775 Domini
741 1733 822 1774 Zot
845 1732 1172 1786 Oenipontanid,
1207 1732 1460 1774 adolescens
1492 1731 1639 1784 magni
1670 1730 1846 1784 ingenij,

81 1800 125 1840 et
166 1812 291 1851 quem
333 1798 521 1852 optimus
563 1798 695 1840 Pater
735 1798 934 1850 idemque
975 1797 1098 1839 nobis
1140 1796 1447 1846 amicissimus,
1496 1810 1574 1850 per
1618 1809 1686 1837 me
1732 1795 1850 1849 cupit

79 1862 361 1916 singulariter
382 1863 671 1904 Reuerentiae
703 1863 750 1905 T.
783 1861 1074 1904 commendari
1087 1863 1115 1905 3.
1171 1862 1238 1903 Ex
1270 1861 1337 1903 his
1371 1860 1584 1903 secundus
1618 1863 1662 1902 et
1692 1860 1850 1902 tertius

81 1931 183 1970 ante
224 1928 437 1982 Hyemem
486 1928 566 1970 hoc
618 1928 795 1970 fuerant
836 1928 967 1969 etiam
1010 1927 1094 1970 iter
1137 1926 1324 1979 ingressi
1367 1926 1618 1967 Tridentum
1667 1939 1803 1978 usque
1820 1926 1849 1967 9.

81 1992 300 2034 Bononiae
345 1995 526 2046 quartus
573 1993 750 2035 accedet
792 1992 1015 2045 Philippus
1057 1992 1305 2044 Fuggerus,
1355 1991 1551 2033 doctrina
1593 1990 1763 2043 quidem
1806 1993 1850 2032 et

80 2058 266 2110 ingenio,
301 2057 412 2100 sicut
444 2057 575 2100 etiam
609 2060 769 2108 aetate,
803 2056 1097 2111 praestantior
1128 2056 1367 2098 Octauiano
1400 2056 1551 2098 fratre.
1606 2055 1848 2107 Utrumque

80 2122 214 2175 igitur
253 2122 354 2164 boni
388 2123 596 2165 Parentes
611 2124 645 2151 10
678 2123 841 2164 Romae
882 2121 1226 2175 conjungendum
1268 2123 1489 2175 putarunt,
1532 2120 1608 2162 sed
1641 2134 1734 2161 cum
1768 2119 1849 2160 hoc

82 2187 349 2238 discrimine,
398 2190 447 2230 ut
488 2187 685 2242 Philippo
727 2188 823 2241 plus
863 2187 1080 2229 libertatis
1121 2189 1213 2229 tum
1255 2186 1309 2228 ad
1343 2185 1621 2235 exeundume,
1664 2186 1756 2226 tum
1794 2183 1849 2225 ad

82 2253 425 2294 conuersandum
467 2267 562 2294 cum
603 2253 787 2303 exteris,
829 2255 922 2295 tum
964 2252 1019 2293 ad
1060 2251 1251 2305 corporis
1293 2250 1651 2299 exercitationes,
1696 2248 1849 2301 quibus

81 2316 334 2370 frequenter
373 2317 560 2370 indiget,
603 2332 628 2359 a
669 2316 1030 2371 Praeceptoribus
1071 2316 1159 2358 suis
1200 2315 1511 2370 permittaturf.
1580 2313 1762 2363 Quintus
1804 2316 1849 2355 et

81 2384 326 2436 postremus
369 2386 434 2425 est
474 2383 685 2425 Sacerdos
728 2383 823 2436 pius
866 2385 910 2425 et
952 2382 1165 2424 dictorum
1206 2381 1504 2434 Fuggerorum
1547 2381 1678 2421 antea
1720 2391 1848 2433 prae-

83 2449 246 2501 ceptor,
280 2449 323 2489 et
355 2447 478 2489 nobis
511 2447 708 2490 addictus
735 2448 863 2501 plane
889 2447 1099 2489 Dominus
1123 2446 1345 2500 Philippus
1360 2447 1392 2473 ¹¹
1427 2445 1611 2494 nomine,
1646 2457 1771 2496 quein
1804 2444 1849 2484 et

201 2527 229 2557 a)
250 2528 297 2552 Sic
316 2527 347 2552 in
367 2528 521 2558 archetypo
541 2531 698 2552 correctum
719 2530 759 2551 est
780 2535 815 2551 ez·
835 2533 878 2552 ac.
951 2525 981 2555 b)
1004 2528 1037 2551 In
1059 2528 1137 2551 mwlz.
1153 2534 1228 2551 corr.
1244 2534 1281 2551 ex:
1301 2525 1446 2557 ipsorum.
1520 2525 1547 2556 c)
1570 2526 1602 2548 In
1623 2524 1702 2548 arch.
1716 2524 1849 2555 sequitat·

84 2566 150 2597 offe.
170 2569 277 2599 oblitt.;
297 2569 524 2593 oblitterandum
537 2570 648 2599 suerat,
657 2571 739 2599 puto,
754 2569 842 2593 etium
858 2569 974 2593 verbnm
989 2575 1099 2593 coram.
1159 2567 1190 2597 d)
1206 2568 1239 2592 In
1256 2568 1334 2591 arch.
1348 2569 1511 2597 sequnntur
1533 2574 1573 2590 vr.
1589 2565 1732 2597 quartum
1748 2564 1847 2590 locum

83 2609 227 2642 accipere.
247 2610 335 2634 oblim.
402 2610 428 2640 Θ)
451 2610 506 2634 llic
528 2610 557 2633 in
578 2610 708 2641 maryinc
728 2610 879 2641 archetypi
900 2617 987 2634 manu
1003 2617 1123 2633 romanu
1139 2610 1272 2639 (Polunci
1282 2608 1304 2639 2²)
1326 2611 1453 2631 notatum
1475 2610 1532 2631 est:
1554 2605 1620 2631 Fiet
1639 2613 1723 2631 come
1736 2605 1846 2639 meglio

83 2649 109 2674 si
128 2650 227 2683 potra.
299 2650 322 2681 f)
344 2652 379 2675 In
400 2652 478 2675 arrh.
499 2659 573 2675 vorr-
594 2658 629 2675 εἰ
649 2650 876 2682 permittantur.

208 2747 215 2764 ¹
243 2745 411 2779 Ottonem
438 2745 638 2778 Truchsess
665 2745 871 2790 episcopum
898 2747 1162 2787 augustanuni;
1191 2744 1250 2787 qui
1278 2743 1444 2785 Dilingae
1471 2742 1593 2776 sedem
1619 2741 1784 2776 habebat.

203 2799 216 2818 ‘2
242 2798 317 2832 Hos
343 2798 490 2832 Lainius
517 2810 562 2832 m.
590 2798 678 2831 Iulio
705 2810 735 2832 a.
767 2799 856 2832 1562
892 2809 955 2842 per
982 2799 1185 2841 Augustam
1212 2796 1393 2830 transiens
1419 2795 1613 2837 inviserat;
1648 2795 1730 2829 vide
1760 2796 1845 2829 Can.

85 2850 118 2885 II
144 2851 238 2885 558¹.
394 2853 406 2872 ³
432 2852 502 2885 Act
526 2852 582 2891 21,
613 2851 665 2885 14.
718 2852 771 2886 Cf.
799 2851 854 2884 Mt
880 2852 911 2892 6,
941 2851 1002 2891 10;
1032 2850 1078 2883 Lc
1105 2851 1160 2891 22,
1187 2850 1232 2883 42
1260 2851 1326 2882 etc.

204 2908 215 2924 ⁴
241 2905 281 2938 Ib
310 2905 338 2945 1,
365 2905 421 2938 21.
557 2905 569 2923 ⁵
598 2905 614 2937 1
642 2904 729 2938 Petr
755 2905 786 2944 5,
817 2905 870 2938 10.
1006 2904 1019 2922 ⁶
1046 2903 1142 2937 Eccli
1169 2904 1225 2943 45,
1253 2903 1284 2936 9.
1414 2903 1425 2922 ἵ
1453 2900 1506 2935 Cf.
1528 2902 1543 2936 1
1567 2902 1634 2936 Cor
1655 2903 1707 2943 15,
1727 2902 1771 2936 53
1791 2902 1845 2936 54.

205 2960 216 2977 ’³‘
244 2956 419 2991 Gervicus
455 2957 497 2991 de
532 2956 854 3000 Scluvarzenberg,
892 2956 1106 2990 Guilielmus
1140 2955 1322 2989 Guilielmi
1358 2955 1400 2988 de
1435 2954 1550 2988 Losch
1585 2954 1698 2995 filius,
1735 2954 1846 2989 Gode-

86 3009 199 3044 fridus
226 3009 427 3044 sebastiani
453 3011 531 3044 Zott
567 3010 609 3043 de
636 3010 803 3052 Pernegg
838 3009 933 3043 filius
960 3009 1093 3043 Romae
1130 3009 1164 3041 in
1200 3007 1350 3051 collegio
1376 3008 1580 3051 germanico
1607 3008 1718 3041 futuri
1745 3010 1848 3042 erant

90 3063 373 3104 „convictores“;
402 3063 483 3097 vide
508 3075 617 3107 supra
645 3075 676 3107 p.
704 3062 807 3096 2—4.
952 3064 965 3081 ⁰
992 3061 1082 3095 Vide
1112 3062 1199 3095 Can.
1227 3061 1276 3094 IV
1303 3061 1490 3095 671—672
1518 3061 1716 3095 708—709.

207 3116 233 3135 ¹⁰
260 3115 436 3158 Georgius
462 3116 505 3150 II.
531 3115 675 3159 Fugger
702 3117 736 3149 et
763 3114 895 3149 Ursula
922 3115 964 3148 ‹le
992 3113 1238 3148 Lichtenstein
1265 3125 1372 3155 ux0r;
1401 3114 1484 3148 vide
1509 3125 1619 3158 supra
1645 3125 1678 3158 p.
1707 3114 1737 3148 3.

208 3169 233 3188 ²¹
259 3168 493 3209 Doberainer;
521 3168 604 3202 vide
629 3180 737 3213 supra
764 3180 796 3213 p.
821 3168 925 3202 2—4.
