2045 3471
325 208 419 243 Mon.
438 207 626 242 825—826
653 207 729 241 sive
756 207 794 241 it.
817 206 1039 250 (32)—(33).
1074 206 1106 240 A
1131 217 1177 239 m.
1196 206 1296 239 Iunio
1315 205 1357 239 ad
1379 204 1475 249 Sept.
1496 204 1597 238 1565.
1761 205 1841 246 761

205 328 255 369 In
290 329 465 369 decretis
495 342 534 370 a.
568 329 683 369 1565
717 341 741 367 α
770 327 972 368 Patribus
1009 324 1365 380 ,‚diffim‘toribzcs“
1402 324 1477 377 (ef.
1513 338 1644 379 supra
1673 338 1715 378 2).
1741 323 1848 371 ¹754)

86 394 295 434 secundae
330 392 676 447 Conyreqationis
706 392 917 446 yeme-ralis
946 390 1075 443 factis
1108 396 1145 433 et
1177 405 1203 431 α
1236 391 1550 445 conqreyatione
1585 389 1653 430 die
1684 390 1724 430 3.
1748 389 1848 442 Sep-

86 458 257 498 tembris
279 459 394 499 1565
418 457 660 511 approbatis
682 456 756 497 lzoc
788 457 999 497 cernitur:
1030 455 1128 497 Non
1160 454 1333 496 uidetur
1366 468 1461 495 esse
1494 452 1767 503 conueniens,
1801 454 1850 494 ut

86 521 440 574 Jngolstadiense
463 520 698 573 Collegium
725 522 921 562 nostrum
945 519 1176 570 diffidatur,
1211 521 1256 561 et
1287 519 1401 560 illius
1434 532 1535 572 pars
1557 517 1850 560 transferatur

90 585 424 638 Straubingama
455 585 524 626 uel
556 585 859 634 Landtzutum‚
903 584 979 625 sed
1011 584 1046 626 si
1080 598 1173 626 cum
1207 584 1321 625 bona
1354 582 1565 636 Principis
1597 581 1742 635 gratia
1775 582 1850 623 ob-

86 650 215 693 tineri
247 652 408 704 posset,
443 652 491 691 ut
522 664 606 691 non
631 650 780 691 demus
812 649 1063 690 inferiorum
1087 648 1289 690 classium
1315 649 1636 702 praeceptores,
1669 646 1710 688 id
1735 648 1851 688 esset

88 714 323 769 optandum
357 714 545 756 maxime
578 718 709 767 atque
741 714 990 756 curandum.

209 795 377 837 Albertus
395 795 438 829 V.
465 795 642 829 Bavariae
669 795 741 828 dux
769 795 838 828 iam
865 806 886 828 a
913 794 1156 839 compluribus
1182 794 1285 828 annis
1311 793 1458 827 volebat
1484 792 1635 835 collegia
1663 790 1853 825 Societatis

88 847 326 891 Straubingae
361 849 397 881 et
423 847 635 882 Laudishuti
671 848 821 882 condere
850 848 955 891 (Can.
983 848 1015 881 ΙΙ
1044 848 1110 882 185
1139 847 1205 881 192
1241 847 1329 886 564;
1366 846 1417 879 ΙΙΙ
1445 846 1512 879 364
1539 845 1636 889 etc),
1670 846 1706 878 et
1732 844 1851 878 Simon

89 900 303 935 Thaddaeus
330 901 406 934 Eek
444 901 557 945 ipsius
596 900 832 935 cancellarius
859 903 998 934 aestate
1024 912 1054 934 a.
1085 900 1174 934 1566
1203 900 1240 933 P.
1268 899 1431 933 Natalem
1460 898 1684 932 visitatorem
1722 898 1853 931 iterum

88 954 242 997 rogavit,
276 956 317 988 ut
344 954 691 988 Laudishutensibus
718 953 901 988 dimidium
929 953 1120 996 collegium
1156 965 1177 987 a
1204 953 1336 996 Borgia
1361 952 1572 997 impetraret
1601 951 1704 996 (Epp.
1732 951 1854 984 Nadal

90 1007 141 1040 ΠΙ
170 1007 264 1050 189).
316 1006 528 1050 Ingolstadii
562 1009 683 1041 autem
720 1007 754 1040 in
790 1006 925 1040 scholis
951 1006 1180 1040 inferioribus
1207 1005 1380 1040 habendis
1407 1005 1568 1040 Societas
1595 1005 1717 1038 varias
1743 1003 1853 1048 patie—

89 1060 194 1094 batur
228 1060 463 1094 difficultates
493 1060 543 1103 (v.
569 1071 678 1104 supra
714 1072 747 1104 p.
774 1060 818 1094 89
848 1060 952 1102 113);
988 1071 1078 1103 quas
1113 1071 1133 1093 a
1160 1059 1302 1093 Canisio
1338 1060 1374 1092 et
1399 1058 1547 1092 Hoffaeo
1583 1056 1852 1101 congregationi

90 1112 291 1158 explicatas
317 1124 397 1147 esse
423 1114 652 1157 cognoscitur
678 1125 722 1147 ex
749 1113 902 1154 decreto,
929 1113 1022 1157 quod
1048 1113 1151 1146 modo
1177 1111 1292 1157 posui.

92 1238 197 1276 825
225 1241 304 1275 sive
330 1239 392 1276 it.
412 1239 544 1284 (32).
620 1240 652 1276 3.
672 1239 898 1286 Septembris
925 1239 1018 1275 1565.

210 1317 265 1351 Ex
291 1317 582 1361 congregationis
610 1317 711 1351 Actis
738 1329 844 1351 manu
871 1318 1037 1362 scriptis;
1078 1317 1176 1359 „Act
1198 1316 1284 1351 Gen.
1305 1316 1343 1350 T.
1366 1316 1453 1350 P.¹¹⁵“
1485 1327 1517 1360 p.
1538 1315 1593 1349 70.
1637 1314 1739 1348 Actis
1764 1323 1852 1347 usus

91 1381 170 1404 esse
197 1370 340 1404 videtur
367 1371 574 1414 Sacc-himas,
601 1370 695 1405 Hist.
715 1370 747 1404 S.
769 1370 801 1404 J.
829 1370 889 1411 ΙΙΙ,
917 1370 939 1404 l.
962 1371 990 1411 1,
1017 1382 1050 1404 n.
1069 1370 1126 1404 50.

213 1442 444 1485 Conyreyatio
468 1443 645 1484 yeneralt's
672 1442 854 1475 Societatis
879 1452 1009 1484 mayna
1036 1451 1113 1474 cum
1133 1442 1266 1483 pietate
1291 1441 1517 1472 terminatur.

211 1520 430 1562 Secundae
470 1521 801 1575 eonqreyationis
841 1520 1051 1574 {feneratis
1085 1523 1178 1559 acta
1219 1519 1320 1559 haec
1352 1517 1402 1558 de
1434 1517 1588 1558 Sancto
1620 1516 1851 1557 Francisco

92 1585 253 1639 Borqia
285 1585 436 1626 habent
470 1586 513 1626 in
546 1586 706 1626 actione
737 1585 900 1637 ultima,
939 1598 1046 1638 quae
1078 1583 1165 1636 fuit
1198 1584 1266 1625 die
1298 1584 1337 1624 3.
1372 1582 1649 1636 Septembris:
1689 1579 1854 1622 Ultimo

93 1650 187 1691 loco
220 1650 271 1691 R.
306 1649 350 1691 P.
384 1648 664 1703 Praepositus
697 1648 922 1691 Generalis
962 1649 1137 1690 breuem
1179 1646 1427 1689 concionem
1467 1645 1648 1688 latinam
1690 1644 1854 1695 habuit,

95 1721 180 1768 qua
212 1714 266 1756 ad
299 1712 602 1764 humilitatem,
636 1712 924 1756 obedientiam
948 1712 1197 1766 (praecipue
1229 1709 1494 1763 intellectus)
1518 1713 1563 1753 et
1595 1710 1764 1752 demum
1798 1709 1853 1751 ad

96 1793 263 1822 omnem
296 1778 605 1833 perfectionem
630 1792 777 1820 omnes
800 1780 867 1820 est
889 1777 1159 1827 adhortatus,
1193 1779 1238 1819 et
1260 1790 1355 1818 cum
1379 1776 1439 1817 Te
1462 1776 1601 1817 Deum
1626 1775 1854 1817 laudamus

96 1847 140 1887 et
172 1844 281 1886 alias
304 1844 522 1887 orationes
555 1843 680 1885 simul
703 1858 798 1885 cum
823 1842 1018 1885 omnibus
1041 1842 1236 1892 dixisset,
1268 1841 1309 1883 in
1334 1841 1485 1883 ultimo
1509 1840 1696 1882 omnium
1724 1840 1855 1894 pedes

96 1912 164 1952 est
197 1909 431 1959 osculatus,
465 1911 509 1950 et
541 1909 713 1950 eosdem
746 1908 928 1961 genibus
959 1907 1085 1949 flexis
1108 1909 1176 1949 est
1197 1907 1437 1960 amplexus,
1472 1908 1516 1948 et
1541 1905 1702 1948 mutuis
1725 1904 1855 1946 etiam

96 1974 249 2027 reliqui
282 1974 436 2016 Patres
467 1973 582 2015 inter
612 1987 660 2015 se
693 1972 921 2015 charitatis
954 1974 998 2014 et
1029 1971 1198 2013 unionis
1231 1971 1477 2026 amplexib.‚
1520 1968 1858 2024 Congregationi

96 2040 224 2081 finem
256 2039 566 2093 imposuerunt,
601 2038 825 2092 praedicta
856 2037 988 2080 tertia
1020 2037 1087 2079 die
1120 2037 1386 2091 Septembris
1419 2037 1562 2080 .1565.

218 2119 390 2154 Similiter
408 2121 594 2163 Polancus,
621 2119 680 2163 qui
698 2119 765 2153 toti
783 2118 1051 2162 congregationi
1070 2118 1294 2158 interfuerat,
1322 2117 1433 2151 Roma
1456 2117 1508 2151 17.
1529 2116 1748 2161 Septembris
1769 2115 1858 2150 1565

99 2173 312 2216 Lugdunum
349 2173 392 2207 ad
429 2172 468 2207 P.
506 2173 730 2206 Edmundum
757 2172 954 2216 Augerium
990 2170 1024 2205 S.
1052 2171 1085 2205 J.
1121 2171 1326 2216 provinciae
1361 2170 1579 2214 Aquitaniae
1614 2169 1857 2214 praepositum

98 2226 285 2260 *referens
312 2225 354 2260 de
383 2226 531 2269 Borgia:
572 2225 753 2268 „Basci0“‚
789 2226 914 2269 inquit,
945 2224 990 2267 „li
1017 2224 1111 2269 piedi
1138 2226 1159 2258 a
1184 2224 1281 2265 tutti,
1317 2223 1604 2258 abbracciandoli
1631 2234 1696 2256 con
1722 2222 1859 2265 grande

99 2279 334 2314 commotione
361 2280 403 2313 de
429 2280 533 2312 tutti“
565 2281 631 2314 etc.
662 2279 723 2321 (ex
749 2289 871 2323 apogr.
896 2278 1053 2312 eiusdem
1080 2278 1155 2311 fere
1182 2280 1302 2321 temp„
1333 2276 1473 2319 „Gernr
1502 2277 1566 2310 65ἰ
1597 2276 1620 2310 f.
1642 2276 1795 2318 7b—82).

102 2406 207 2442 826
235 2407 313 2441 sive
340 2404 401 2441 it.
422 2404 558 2450 (33).
632 2404 661 2440 A
687 2414 732 2440 m.
752 2404 854 2440 Iunio
882 2403 926 2440 ad
953 2403 1202 2451 Septembrem
1230 2403 1323 2440 1565.

220 2483 273 2517 Ex
300 2482 533 2527 autographo.
588 2482 650 2524 „G.
678 2482 742 2526 Ep.
766 2482 852 2516 VI[“
884 2482 908 2515 f.
936 2482 985 2516 8¹³.

223 2553 390 2587 Canisius
424 2558 453 2586 et
485 2554 653 2595 Hoffaeus
682 2554 943 2586 Germanorum
978 2553 1016 2585 in
1051 2553 1193 2595 eolleyz'o
1220 2562 1368 2585 romano
1404 2551 1619 2584 versanlimn
1647 2550 1863 2593 praecipuos

101 2607 169 2640 sibi
196 2607 396 2649 impetrant.

220 2684 270 2726 P.
304 2684 506 2725 Nicotaus
539 2684 744 2736 Latmius,
787 2684 1006 2725 societatis
1033 2684 1278 2736 provinciae
1310 2683 1551 2723 austriacae
1578 2682 1861 2735 praepositus,

104 2750 146 2792 S.
171 2750 397 2791 Francisco
429 2748 612 2801 Borqc'ae
652 2749 889 2802 praeposito
930 2748 1117 2801 qeneralc‘
1159 2749 1320 2798 litteris,
1359 2761 1463 2801 quae
1497 2746 1742 2787 Vindobona
1785 2746 1860 2787 sub

105 2817 173 2857 15.
197 2814 399 2856 Ianuarii
423 2816 536 2855 1566
569 2813 694 2854 <latae
727 2828 810 2853 esse
842 2814 1050 2865 videntur,
1084 2813 1251 2866 scripsit
1283 2812 1332 2853 (le
1363 2813 1496 2853 Sociis
1527 2824 1603 2864 pro
1627 2811 1863 2852 Germania

103 2881 319 2934 superiore
343 2893 424 2932 per
457 2879 676 2919 (lanicium
710 2883 745 2918 et
778 2877 1000 2930 Iloffaeum
1032 2878 1230 2928 (Romam
1264 2877 1322 2917 ad
1355 2878 1708 2931 cowqreyationem
1739 2890 1862 2930 yene-

106 2946 234 2986 ratem
270 2943 477 2994 advectos)
511 2957 560 2983 eoe
592 2944 756 2995 colleyio
788 2943 1004 2985 Societatis
1038 2956 1210 2983 romano
1241 2940 1335 2992 (ubi
1375 2946 1473 2982 tunc
1504 2942 1624 2982 inulti
1657 2941 1863 2982 Germani

107 3008 454 3056 instituebantur)
497 3009 750 3062 impetratis:
790 3006 835 3047 L’
856 3020 967 3048 anno
1009 3008 1185 3060 passato
1223 3006 1254 3059 jl
1291 3006 1336 3048 P.
1361 3005 1530 3047 Canisio
1572 3005 1739 3048 aiutato
1783 3020 1860 3047 con

104 3074 147 3116 la
169 3073 306 3116 Santa
337 3071 500 3115 astutia
532 3072 598 3113 del
630 3072 680 3114 D.
706 3071 838 3113 Paulo
871 3071 1004 3124 elegit
1036 3073 1080 3112 et
1112 3071 1298 3113 obtinuit
1328 3071 1545 3112 meliorem
1581 3072 1625 3112 et
1657 3069 1861 3112 maiorem

221 3161 247 3188 a)
276 3161 320 3184 Ita
346 3159 548 3190 corriyemlum
578 3166 639 3183 esse
668 3166 704 3182 ex
729 3156 984 3188 Straunburgum,
1013 3158 1088 3189 quad
1119 3158 1262 3182 librarius
1293 3166 1431 3182 romanus
1460 3158 1589 3188 scripsit,
1620 3157 1798 3189 intellegitur
1825 3164 1861 3181 ex

108 3200 176 3226 Can.
197 3202 241 3226 IV
256 3203 290 3226 27
308 3203 342 3225 36
362 3204 412 3225 etc.
