2045 3471
198 191 281 232 600
604 186 699 220 Mon.
719 186 787 221 699
813 187 891 221 sive
917 186 975 222 dil.
999 186 1064 231 (3).
1109 188 1163 222 16.
1190 190 1225 221 et
1254 188 1306 221 17.
1326 187 1426 221 Febr.
1449 187 1549 222 1565.

197 304 303 341 699
331 305 408 338 sive
437 302 531 338 dil.
552 302 652 348 (3).
726 302 774 339 16.
802 304 839 339 et
864 302 911 338 17.
938 303 1134 340 Februarii
1159 302 1253 339 1565.

315 368 369 401 Ex
396 367 610 412 apographo,
643 367 786 401 saeculo
813 367 908 402 XVI.
936 368 994 402 vel
1020 368 1165 402 ineunte
1191 367 1305 401 XVII.
1333 380 1378 401 ex
1403 367 1610 412 archetypo,
1646 372 1686 401 ut
1713 368 1863 409 videtur,
1899 380 1959 402 ex-

194 422 339 466 scripto.
391 420 456 454 Cui
491 421 696 465 apographo
732 421 847 455 altera
881 432 989 455 manu
1024 421 1173 465 antiqua
1205 421 1402 465 ascriptum
1429 423 1502 454 est:
1542 420 1667 463 „Perla
1693 420 1841 455 historia
1867 421 1960 455 della

195 474 272 508 uita
291 473 346 508 del
365 473 404 507 P.
420 473 574 518 LayneZ.
610 473 721 508 Santa
739 486 814 508 me:
834 473 974 508 Laudes
990 474 1192 508 Cardinalis
1207 476 1394 516 Augustae
1413 474 1447 507 in
1466 473 1504 508 P.
1522 474 1682 519 Laynes“
1700 487 1706 515 ;
1730 474 1792 515 „G.
1807 474 1871 520 Ep.
1885 475 1956 509 VI“

195 527 470 561 111172-2119&
510 526 656 561 Litteris
682 528 737 561 usi
763 529 847 561 sunt
875 528 1081 570 Sacehinus,
1109 528 1204 562 Hist.
1232 527 1266 562 S.
1287 528 1320 561 J.
1348 527 1389 567 ΙΙ,
1418 527 1439 560 1.
1459 527 1490 567 8,
1517 539 1548 560 n.
1569 528 1767 568 205-207,
1794 530 1829 561 et
1860 529 1959 562 θέτω.

197 582 311 614 Boero
338 580 371 614 S.
392 580 436 619 J.,
464 579 549 614 Vita
575 580 632 614 del
658 580 768 614 Servo
795 581 830 614 di
855 580 922 614 Dio
949 580 988 614 P.
1009 580 1178 614 Giacomo
1204 579 1346 620 Lainez‚
1374 579 1519 614 Firenze
1548 580 1648 621 1880,
1675 580 1754 614 323.

318 640 527 673 cardinalis
554 642 786 683 Aisyme-tanus
812 641 996 683 Dilinyae,
1031 641 1161 673 Lainii
1188 641 1389 683 praepositi
1417 641 1596 682 yeneralis
1622 644 1730 674 morte
1763 645 1961 683 commotus,

199 696 236 726 in
262 694 442 736 eolleyimn
471 694 654 727 Societatis
678 705 712 727 se
738 694 835 726 abdit
844 706 858 735 ,·
890 694 1014 727 deinde
1040 694 1184 736 Laenio,
1216 693 1359 726 Cam'se'o
1386 693 1558 735 adstante,
1585 694 1750 737 eoeeqtcias
1774 694 1961 737 moynifi'co

197 751 379 789 apparatu
404 747 515 789 facim
541 746 786 789 cenotaphium
811 747 925 779 rubra
951 751 1047 789 veste,
1076 758 1143 779 non
1174 748 1292 789 myra,
1320 747 1472 779 insterni
1491 747 1591 779 iubet.
1635 747 1856 790 Quantopere
1874 748 1961 780 Lai-

198 801 280 832 m'tcs
301 803 549 842 paupertatem
577 801 758 841 nutaverit,
794 800 1061 832 cardinalatum
1093 803 1123 831 et
1145 800 1392 842 pontificatum
1417 799 1562 841 fuyerc‘t,
1598 801 1692 832 testis
1719 802 1789 842 lpse
1815 805 1844 832 et
1868 811 1961 843 spec-

197 857 291 886 tator
318 857 460 886 narrat.

316 914 366 955 P.
394 914 707 966 „Hieronymus
736 912 911 953 To›·res“
939 914 982 955 S.
1007 913 1064 966 Δ.)
1099 914 1325 967 tlceoloyz‘oe
1360 915 1400 953 in
1435 914 1703 955 unirer-sitam
1737 914 1961 968 ‹Zilinyana

195 978 421 1033 professor,
457 978 634 1032 Dilinycc
669 979 737 1019 17.
763 977 996 1018 Februarii
1018 979 1133 1019 1565
1166 978 1344 1018 Romam
1378 979 1436 1019 ad
1458 978 1660 1019 Sanctum
1684 978 1962 1020 Franciscum

197 1044 400 1097 Borffl'am
425 1044 645 1084 Societatis
677 1044 884 1083 vicarium
917 1045 1152 1097 yeneralem
1184 1043 1284 1083 haec
1319 1043 1368 1084 (le
1392 1043 1536 1084 Ottone
1565 1043 1789 1084 Truclzsess
1822 1044 1961 1084 cardi-

198 1110 302 1160 nali,
344 1108 546 1162 Dilinyae
577 1112 781 1159 morante,
825 1109 1016 1161 scripsit:
1060 1107 1204 1149 Lectis
1245 1107 1384 1149 literis
1416 1107 1660 1149 Reuerendi
1695 1108 1739 1151 P.
1770 1108 1960 1158 Polanci,

199 1186 306 1225 quas
339 1172 391 1213 de
424 1171 545 1214 obitu
578 1171 729 1225 optimi
761 1171 807 1214 P.
831 1171 887 1214 N.
910 1171 1056 1213 Iacobi
1078 1172 1252 1226 Laynez
1285 1171 1564 1225 scripserat1,
1598 1172 1705 1214 adeo
1738 1173 1963 1226 perculsus

199 1252 244 1279 es
286 1236 611 1279 Illustrissimus
653 1236 895 1278 Cardinalis
936 1239 1085 1278 noster
1126 1239 1171 1278 et
1211 1236 1453 1290 Episcopus
1485 1236 1769 1290 Augustanus
1914 1241 1964 1280 ut

199 1302 368 1344 nemine
399 1304 664 1355 suggerente
696 1301 813 1344 iusta
845 1301 1126 1354 exequiarum
1159 1301 1328 1355 publice
1350 1302 1413 1342 illi
1436 1303 1682 1355 persoluere
1706 1303 1961 1346 decreuerit.

200 1367 323 1409 Diem
364 1367 498 1420 igitur
542 1368 608 1409 16.
642 1369 797 1415 totum,
839 1366 882 1407 in
923 1369 1073 1409 nostro
1115 1366 1305 1420 Collegio
1346 1367 1566 1409 nobiscum
1610 1368 1839 1421 transegit,
1881 1368 1964 1423 pijs

199 1435 436 1485 occupatus
469 1431 866 1474 exercitationibus.
930 1431 1211 1485 Religiosum,
1254 1435 1298 1474 et
1330 1432 1504 1474 doctum
1538 1432 1579 1475 S.
1613 1433 1838 1475 Benedicti
1869 1433 1963 1474 Μο-

199 1497 382 1539 nachum
425 1497 660 1550 assumpsit
703 1496 865 1538 socium
915 1510 970 1538 ex
1013 1496 1189 1549 reliquis
1238 1496 1389 1538 aulicis
1434 1503 1542 1538 un0⁸
1590 1497 1841 1548 dumtaxat,
1888 1500 1964 1540 aut

200 1562 340 1604 altero
379 1564 563 1604 retento.
626 1561 756 1603 Mane
796 1561 839 1602 in
876 1564 1025 1603 nostro
1060 1562 1227 1604 Sacello
1270 1561 1506 1604 domestico
1547 1576 1718 1604 sacrum
1759 1562 1876 1614 fecit,
1920 1564 1965 1605 et

200 1627 378 1677 duobus,
413 1632 523 1680 quae
556 1640 582 1668 a
613 1626 774 1669 nostris
798 1626 1103 1668 Sacerdotibus
1135 1627 1257 1669 facta
1278 1628 1393 1678 sunt,
1426 1627 1521 1681 pari
1553 1628 1711 1670 mentis
1734 1628 1963 1671 deuotione

200 1692 412 1734 interesse
445 1691 595 1734 uoluit.
649 1691 884 1733 Nobiscum
917 1691 1046 1745 paulo
1080 1694 1177 1745 post
1211 1705 1394 1745 pransus
1428 1694 1507 1742 est,
1542 1692 1633 1734 solo
1666 1695 1837 1735 retento
1869 1693 1963 1734 Mo-

201 1756 353 1807 nacho‚
395 1770 474 1798 nec
515 1756 641 1809 plura
673 1770 751 1797 nec
792 1755 981 1798 lautiora
1013 1756 1191 1806 fercula,
1234 1770 1312 1798 nec
1345 1756 1473 1798 alium
1517 1771 1686 1811 panem,
1730 1772 1858 1810 quam
1892 1758 1963 1811 qui

201 1821 323 1863 nobis
346 1821 591 1875 apponitur,
625 1821 785 1862 habere
808 1820 956 1864 uoluit.
1011 1821 1195 1863 Miratus
1219 1826 1285 1863 est
1308 1821 1401 1875 ipse
1425 1835 1520 1863 cum
1543 1822 1754 1864 Monacho
1787 1836 1962 1864 mensae

202 1889 378 1929 nostrae
409 1886 710 1939 frugalitatem
742 1900 827 1927 non
849 1886 1136 1928 mediocriter.
1180 1886 1219 1927 A
1243 1886 1428 1928 Prandio
1451 1900 1554 1928 uero
1586 1890 1815 1941 postquam
1849 1887 1962 1941 apud

202 1965 280 1992 nos
311 1965 465 2005 parum
498 1950 747 2004 quieuisset,
782 1951 890 1992 hora
921 1951 1110 1993 secunda
1141 1954 1241 2004 post
1273 1951 1510 2001 Meridiem‚
1554 1966 1685 1994 causa
1718 1952 1962 1994 celebrandi

203 2016 410 2069 exequias
443 2016 496 2058 ad
520 2015 767 2058 Oratorium
792 2015 963 2058 Sanctib
985 2016 1223 2057 Hieronimi
1256 2016 1510 2070 lugubribus
1541 2016 1748 2069 uestibus,
1782 2018 1963 2059 solemni

202 2084 349 2122 tamen
382 2083 611 2135 apparatu,
645 2083 689 2122 et
721 2080 929 2122 comitatu
962 2081 1188 2135 processit.
1246 2081 1550 2123 Conuenerant
1580 2081 1665 2123 iam
1699 2096 1749 2137 eo
1782 2081 1963 2124 studiosi

204 2160 364 2195 omnes,
400 2148 444 2187 et
476 2145 603 2187 aulici
634 2145 793 2199 plures,
828 2148 958 2198 atque
991 2160 1046 2187 ex
1078 2145 1239 2188 nostris
1262 2146 1455 2188 nonnulli
1477 2146 1685 2200 optimum
1708 2147 1964 2189 Antistitem

204 2213 501 2264 expectantes.
554 2210 592 2251 A
616 2212 662 2251 2⁶}
700 2210 753 2251 ad
788 2210 867 2252 5.³¹¹¹
909 2210 1169 2252 decantatae
1210 2213 1312 2252 sunt
1343 2210 1531 2264 Vigiliae
1564 2212 1874 2254 Defunctorum
1909 2225 1964 2253 ex

204 2275 356 2327 quibus
398 2275 609 2328 quaedam
642 2275 805 2316 Musice
838 2289 863 2316 a
896 2275 1152 2317 Oantoribus
1185 2276 1418 2318 decantata
1460 2278 1573 2325 sunt,
1617 2277 1828 2329 quaedam
1860 2290 1963 2318 uero

205 2340 457 2382 alternatim
491 2354 516 2382 a
539 2339 796 2382 Cantoribus
818 2339 995 2391 Musice,
1030 2343 1074 2382 et
1106 2355 1132 2382 a
1163 2340 1369 2382 studiosis
1401 2355 1485 2382 non
1518 2341 1715 2391 musice⁰,
1750 2366 1805 2369 ἡ
1830 2366 1883 2370 >--
1908 2366 1963 2369 —d

206 2418 334 2456 quam
367 2405 609 2455 lectionem,
644 2418 754 2457 quae
777 2408 998 2458 postrema
1031 2407 1098 2447 est
1128 2405 1313 2458 ipsemet
1335 2405 1575 2447 Cardinalis
1608 2406 1774 2456 cecinit,
1809 2409 1853 2449 et
1879 2406 1966 2448 alia

206 2469 431 2520 quaedam.
494 2469 606 2510 Muri
639 2469 775 2522 nigris
806 2469 960 2523 pannis
993 2469 1179 2520 obducti,
1222 2471 1362 2512 altare
1395 2473 1591 2524 opertum
1633 2471 1832 2512 similiter
1869 2472 1964 2512 uelo

205 2532 328 2586 nigro
361 2533 539 2575 Crucem
573 2547 750 2575 auream
783 2534 971 2585 habenti,
1014 2534 1057 2575 in
1090 2535 1209 2576 cuius
1242 2535 1428 2588 quinque
1460 2535 1657 2589 partibus
1698 2535 1832 2577 affixa
1864 2540 1966 2578 sunt

206 2598 392 2651 insignia
425 2598 656 2640 Societatis
688 2598 812 2640 huius
845 2598 1046 2641 minimae
1059 2600 1088 2650 2,
1130 2599 1211 2641 hoc
1243 2602 1311 2642 est
1343 2599 1633 2641 dulcissimum
1667 2614 1820 2642 nomen
1853 2601 1966 2651 Iesu,

207 2662 285 2703 sub
319 2676 401 2715 quo
434 2662 598 2704 utinam
632 2662 760 2716 digne
792 2663 1026 2704 militemus
1039 2665 1067 2705 3.
1122 2665 1305 2706 Erectus
1339 2667 1404 2706 est
1436 2664 1479 2705 in
1511 2664 1650 2705 medio
1684 2665 1844 2718 templo
1878 2665 1964 2706 Tu-

313 2737 341 2766 a)
362 2743 421 2761 uno
443 2744 502 2761 uno
529 2745 575 2768 ap.
667 2736 696 2765 b)
719 2736 803 2762 Santi
828 2745 874 2768 ap.
967 2743 992 2767 c>
1014 2738 1068 2762 Hic
1094 2746 1110 2762 (ι
1138 2739 1262 2763 librario
1287 2739 1406 2770 antiquo
1430 2747 1517 2764 mmm
1540 2740 1581 2764 cel
1597 2740 1702 2770 plures
1723 2747 1823 2763 versas·
1844 2740 1964 2764 umissos

209 2784 268 2802 esse
288 2785 321 2801 ea
342 2778 416 2808 ipsa,
436 2786 508 2809 quae
527 2781 698 2809 sequnntur,
717 2779 842 2803 suadere
865 2779 1008 2803 ridentur.

333 2843 341 2861 ¹
368 2841 444 2876 Has
470 2843 550 2876 vide
577 2843 613 2876 in
643 2845 728 2877 Can.
756 2844 806 2877 IV
834 2844 1029 2878 783—786.

328 2894 340 2913 ‘²
370 2895 491 2935 „Hanc
517 2896 699 2929 minimam
726 2896 943 2931 Societatem
969 2897 1092 2936 Iesu'⁴;
1133 2897 1258 2939 ,huius
1284 2898 1450 2932 minimae
1477 2898 1708 2932 societatis&
1737 2901 1773 2932 S.
1792 2900 1965 2942 lqnatius,

211 2944 499 2987 constitutiones,
527 2947 685 2982 Prooem.
713 2961 747 2983 n.
776 2950 813 2989 1;
841 2950 880 2983 Ρ.
908 2951 939 2990 7,
966 2961 995 2984 c.
1021 2951 1054 2991 4,
1081 2962 1113 2984 n.
1142 2951 1173 2984 3.

332 2999 344 3016 ³
374 2998 614 3043 „Quicumque
641 3001 676 3034 in
704 3001 882 3036 Societate
908 3006 1039 3044 nostra,
1076 3014 1181 3046 quam
1208 3003 1288 3037 lesu
1324 3004 1463 3037 nomine
1490 3004 1652 3046 insigniri
1680 3003 1852 3048 cupimus,
1888 3004 1968 3038 vult

211 3050 277 3083 sub
297 3051 411 3084 crucis
430 3052 563 3085 vexillo
582 3052 655 3086 Deo
673 3054 846 3088 militar&
870 3057 957 3089 etc.:
985 3055 1172 3089 Formulae
1198 3056 1354 3090 instituti
1373 3056 1562 3090 Societatis
1588 3056 1729 3090 brevior
1756 3059 1791 3090 et
1815 3057 1965 3100 longior,

213 3113 232 3134 a
259 3103 295 3135 S.
324 3104 462 3145 Inqnfcztio
497 3104 607 3138 Paulo
634 3106 694 3139 ΠΙ,
723 3110 757 3140 et
791 3107 880 3141 Iulio
909 3108 968 3141 III.
996 3108 1136 3142 oblatae
1173 3110 1207 3142 et
1241 3109 1284 3141 ab
1321 3108 1375 3142 his
1411 3109 1640 3142 confirmatae
1673 3109 1846 3151 (Litterae
1872 3110 1963 3154 Apo-

212 3154 359 3187 stolieae
386 3154 407 3187 l.
436 3167 465 3188 c.
492 3168 523 3199 p.
552 3157 571 3189 9
598 3157 672 3199 60).
