2045 3471
211 212 294 251 234
338 208 440 243 1314.
467 207 564 242 Hier.
583 207 734 248 Natalis,
763 207 858 242 Petr.
879 208 974 249 Can.‚
1001 208 1071 242 Iac.
1090 208 1264 242 Ledesma
1293 208 1413 242 loanni
1437 207 1625 242 Francisco
1649 207 1920 242 Commendono.

215 325 518 367 „sentientium“)‚
546 337 651 369 quam
672 326 837 360 Canisius
864 326 1019 370 scripsit,
1047 328 1081 359 et
1108 325 1176 359 tria
1195 325 1339 359 nomina
1366 325 1497 359 litteris
1515 325 1728 370 subscripta.
1755 336 1846 368 quae
1872 326 1970 358 auto-

210 379 347 423 grapha
364 381 458 412 sunt.
498 378 537 412 In
556 378 757 412 litterarum
778 379 894 423 capite
916 379 951 421 (a
970 378 1098 412 Natale
1118 378 1178 412 vel
1195 378 1359 412 Ximenio
1370 378 1404 420 ‘?)
1425 378 1582 423 positum
1601 380 1655 412 est
1677 378 1771 420 „ss:“.
1815 377 1971 411 Exstant

210 434 396 476 praeterea
414 431 622 476 apographa
640 443 824 466 romanum
841 431 904 475 (X)
925 434 961 466 et
978 431 1202 467 londinense:
1224 432 1266 465 de
1286 432 1415 475 quibus
1430 431 1511 465 vide
1530 442 1639 475 supra
1657 443 1690 475 p.
1705 431 1784 465 2:30.
1813 430 1969 464 Litteras

208 485 344 529 primus
369 485 468 529 typis
485 485 653 528 vulgavit
673 486 898 519 Laderchius
922 485 945 519 1.
965 497 993 519 c.
1013 484 1196 520 128-131
1227 484 1279 527 (in
1306 495 1338 518 a.
1353 485 1443 519 1566
1470 496 1502 517 n.
1522 484 1620 526 233),
1648 483 1854 528 apographo
1873 493 1970 524 usus,

210 537 305 581 quod
331 549 376 571 ex
403 537 568 582 exemplo
588 538 760 582 spadiano
779 538 1001 582 exscriptum
1029 540 1107 571 erat
1127 537 1225 580 (vide
1252 548 1360 582 supra
1386 537 1485 579 230).
1525 537 1677 570 Eaedem
1705 549 1749 570 ex
1775 536 1970 581 archetypo

207 590 449 635 transcriptae
474 593 559 625 sunt
584 591 619 624 in
647 590 734 636 Epp.
761 591 883 625 Nadal
907 591 959 624 ΙΙΙ
985 591 1136 625 90-95.
1180 590 1227 624 Iis
1255 602 1341 624 usus
1367 593 1422 624 est
1448 591 1565 632 Duhr,
1592 590 1665 624 Jes.
1692 590 1706 623 I
1733 590 1828 624 823¹.

330 650 607 692 Confirmatione
640 651 740 693 pacis
772 654 993 692 auyzcstanae
1028 661 1135 693 neque
1164 650 1431 692 praeiudicimn
1465 650 1689 691 manifestum
1726 649 1783 690 fiet
1807 648 1970 682 unirer-30

210 703 356 736 concilio
392 704 585 737 tridentino
620 704 669 735 vel
703 703 948 745 sinfflclaribns
982 704 1155 745 dogmatis
1190 704 1274 746 eins,
1310 714 1419 746 neque
1444 704 1614 745 confessio
1640 707 1842 746 (augustana
1862 701 1972 744 plane

209 756 491 799 confirmabitur,
519 768 625 799 neque
650 756 807 788 haeresis
827 757 936 798 plane
955 757 1233 799 perpetrabitur.
1286 757 1351 789 Sz'n
1378 761 1492 789 autem
1520 755 1682 789 catholici
1707 755 1807 788 nulla
1834 755 1973 787 ratione

209 809 372 852 cloymata
398 810 594 842 tridentina
623 809 899 852 profitebuntur,
934 811 1087 851 suspicio
1122 811 1200 850 erit,
1242 820 1296 842 eos
1331 810 1479 842 concilio
1511 809 1773 851 praeiudicium
1799 809 1918 850 facere
1943 811 1972 839 et

210 862 459 904 confessionem
485 867 719 904 auqustanam
749 862 972 903 confirmare.
1018 861 1270 905 „P2·otest(1t2'o“
1301 873 1408 905 neque
1433 862 1540 905 Zeyati
1565 862 1692 904 officio,
1723 872 1832 904 ‘neque
1853 861 1971 903 ponti-

209 915 285 956 ficis
324 916 493 948 mandato
528 917 708 958 exiyitm·;
746 916 851 948 immo
886 916 1035 947 mustum
1070 916 1194 957 afferet
1228 916 1438 949 detrimenti.
1498 916 1576 948 Hoc
1610 926 1690 948 vero
1719 926 1788 957 per
1821 915 1971 955 {effatum

210 968 373 1010 studiose,
400 969 504 1001 etiam
530 969 638 1001 minis
666 968 881 1011 interpositis
906 973 937 1001 et
963 969 1120 1002 caesaris
1146 979 1207 1011 ope
1233 968 1405 1010 adhibita,
1436 969 1635 1001 cvm-andum
1664 972 1720 1009 est,
1746 972 1784 1000 m
1810 966 1973 999 catholici

210 1021 371 1063 dofflnata
399 1022 594 1054 tridentina
615 1022 858 1064 profileantur
882 1022 1003 1054 saltem
1030 1022 1127 1064 apud
1143 1032 1274 1064 paucos
1291 1022 1341 1054 rel
1359 1022 1456 1065 apud
1473 1022 1622 1064 Ieyatum
1642 1023 1756 1064 ipsum
1776 1020 1825 1053 vel
1842 1022 1971 1062 scripto

212 1074 343 1116 aliquo.
398 1075 498 1115 Quod
531 1075 562 1106 si
596 1075 786 1117 impetrari
819 1085 889 1108 non
920 1075 1089 1117 potuerit,
1124 1076 1240 1107 statim
1274 1076 1438 1117 pontifem
1463 1075 1504 1107 de
1533 1075 1782 1117 professatione
1805 1073 1970 1115 facienda

213 1127 447 1160 consulendus
472 1132 512 1170 et,
540 1129 633 1171 quod
658 1129 729 1170 ipsi
750 1128 941 1171 placuerit,
965 1128 1221 1171 praestandum
1249 1129 1324 1160 erit.

496 1192 524 1244 †
555 1193 727 1234 Jhesus.

331 1257 649 1311 Responsiones
681 1257 835 1300 breues
868 1257 959 1299 sine
992 1257 1261 1311 argumentis
1294 1257 1349 1299 ad
1372 1257 1646 1311 quaestiones
1680 1256 1843 1309 aliquot
1872 1256 1971 1297 sub-

214 1325 456 1375 sequentes.

781 1381 927 1423 Prima
959 1381 1177 1431 Quaestio.

526 1446 594 1488 An
627 1460 703 1500 per
736 1447 1104 1488 confirmationem
1137 1446 1350 1488 Recessus
1382 1446 1482 1500 annj
1520 1447 1631 1487 1555
1665 1445 1706 1487 in
1739 1445 1973 1487 uniuersali

426 1511 771 1565 praeiudicetura
817 1511 899 1554 toti
943 1511 1131 1553 Concilio
1177 1511 1454 1560 Tridentino,
1503 1515 1547 1554 et
1594 1525 1649 1553 ex
1696 1510 1975 1564 consequenti

426 1576 775 1630 particulariterb
807 1576 1084 1630 dogmatibus
1117 1576 1339 1618 eiusdem?

335 1640 461 1695 Resp.
515 1641 724 1690 Quoniam
759 1642 810 1683 de
843 1641 1076 1684 Catholicis
1109 1641 1345 1694 quaeritur,
1380 1641 1423 1682 hi
1455 1640 1625 1682 etiamsi
1660 1641 1871 1683 Recessus
1903 1640 1974 1682 ille

214 1705 463 1759 Jmperialis
496 1706 597 1748 anni
622 1708 734 1748 1555
767 1721 880 1748 nunc
912 1706 1070 1748 iterum
1104 1707 1467 1755 confi1-maretur⁰‚
1502 1719 1639 1759 neque
1661 1705 1704 1747 in
1727 1705 1973 1753 uniuersali,

215 1784 353 1823 neque
385 1771 428 1812 in
469 1771 725 1825 particulari
766 1771 1043 1824 dogmatibus
1076 1771 1252 1825 Concilij
1286 1771 1525 1825 Tridentinj
1568 1770 1622 1813 ad
1653 1771 1779 1812 fidem
1812 1770 1977 1814 scilicet

216 1835 545 1889 pertinentibus,
579 1838 730 1890 aperte
762 1835 1060 1890 praeiudicare
1085 1836 1373 1878 viderenturd.
1418 1835 1578 1877 Verum
1611 1835 1670 1876 si⁶
1701 1835 1819 1877 nulla
1852 1835 1975 1877 huius

217 1899 392 1954 Concilij
426 1901 587 1943 mentio
620 1901 690 1943 uel
722 1900 934 1955 professio
968 1915 994 1942 a
1016 1901 1249 1943 Catholicis
1282 1900 1478 1942 Statibus
1510 1900 1636 1941 modo
1658 1901 1748 1951 fiat,
1783 1903 1901 1942 certe
1932 1901 1974 1942 in

217 1965 464 2007 uniuersum
487 1965 696 2008 Conciliof
725 1966 1035 2020 praeiudicium
1066 1966 1155 2007 fieri
1190 1979 1351 2018 magna
1373 1969 1437 2007 est
1470 1965 1664 2019 suspitio,
1698 1969 1829 2018 atque
1851 1979 1975 2019 prae-

217 2030 417 2084 sumptio,
452 2031 564 2084 quod
598 2044 674 2084 per
706 2044 974 2083 consequens
1007 2031 1105 2072 fietg
1136 2030 1471 2084 particularibus
1505 2030 1635 2072 etiam
1659 2030 1932 2083 dogmatibus
1949 2031 1973 2072 ¹.

787 2110 833 2149 2²}
865 2107 1082 2156 Quaestio.

531 2173 600 2214 An
632 2172 876 2226 acceptatio
909 2172 1083 2225 Concilij
1116 2171 1356 2225 Tridentinj
1390 2171 1448 2214 sit
1479 2171 1755 2213 necessaria?

335 2236 492 2290 Resp.*¹
554 2237 776 2291 Expressa
806 2236 931 2278 huius
963 2236 1138 2290 Concilij
1171 2236 1428 2290 acceptatio.
1462 2236 1554 2278 siue
1585 2236 1628 2277 in
1660 2236 1752 2290 ipso
1785 2236 1973 2278 Recessu

217 2301 498 2355 exprimatur,
531 2301 623 2343 siue
655 2301 770 2352 alibi,
804 2301 994 2355 insignes
1026 2301 1239 2344 utilitates
1271 2301 1477 2352 adferret,
1512 2315 1562 2343 ac
1594 2301 1837 2343 necessaria
1869 2315 1974 2354 quo-

216 2379 298 2419 que
320 2366 543 2408 videretur
565 2367 619 2408 ad
652 2366 934 2421 suspitionem
967 2370 1011 2409 et
1042 2366 1436 2420 praesumptionem
1468 2366 1599 2416 illam,
1634 2366 1686 2407 de
1709 2379 1792 2418 qua
1814 2365 1973 2408 dictum

217 2434 296 2481 est,
330 2431 590 2481 euitandam,
625 2435 757 2484 utque
789 2432 953 2473 nullum
986 2430 1172 2473 Concilio
1206 2431 1513 2485 praeiudicium
1545 2430 1636 2472 fieri
1669 2430 1901 2473 uideretur.

784 2510 830 2550 3²}
861 2507 1080 2557 Quaestio,

529 2573 597 2614 An
619 2572 855 2615 sufficereti
879 2572 1054 2626 Concilij
1077 2572 1340 2614 mentionem
1362 2571 1466 2621 fieri,
1502 2573 1545 2613 et
1567 2570 1637 2612 ubi
1659 2570 1746 2620 illa,
1776 2570 1975 2623 quandok

430 2640 474 2680 et
506 2637 659 2690 quibus
691 2637 835 2679 uerbis
867 2637 1098 2679 facienda?

336 2702 464 2755 Resp.
518 2702 695 2751 Quando
719 2716 745 2744 a
767 2702 962 2745 Statibus
985 2701 1218 2744 Catholicis
1250 2701 1330 2742 hoc
1352 2701 1465 2754 quod
1491 2699 1698 2754 optimum
1722 2701 1766 2741 et
1787 2700 1974 2741 maxime

219 2766 454 2819 urgendum
497 2770 577 2814 est,
620 2766 803 2808 obtineri
846 2780 930 2807 non
971 2770 1131 2820 posset,
1175 2768 1222 2808 ut
1262 2766 1304 2806 in
1346 2765 1438 2818 ipso
1471 2765 1658 2805 Recessu
1700 2763 1898 2805 liberam¹
1930 2766 1974 2806 et

337 2848 363 2875 a)
394 2846 619 2879 praeuidicetur
647 2849 676 2872 Γ.
769 2846 798 2877 b)
829 2848 863 2872 In
890 2848 1040 2879 responsis
1060 2847 1221 2872 Lmzcelloti
1247 2850 1274 2871 et
1294 2847 1421 2872 Sanderi
1446 2846 1492 2875 (de
1520 2845 1623 2877 quibus
1647 2844 1730 2874 iufra
1751 2844 1802 2868 snb
1823 2845 1887 2875 ipsa.
1906 2845 1975 2869 haec

220 2888 338 2911 Natalis·
357 2892 404 2913 etc.
426 2896 564 2920 responsa
585 2889 710 2917 dicetur)
727 2897 784 2920 pro
805 2895 843 2914 ex
862 2887 1063 2921 consequenti
1083 2887 1312 2920 particulariter
1330 2888 1429 2919 posita
1455 2889 1522 2911 sunt
1548 2893 1608 2910 viu:
1633 2884 1855 2916 consequenter
1880 2885 1974 2917 parti-

219 2927 378 2954 cularibus.
451 2931 477 2959 c)
499 2928 716 2955 confirmarent
736 2931 767 2955 X
784 2930 857 2954 Lad.
933 2928 963 2959 d)
984 2929 1146 2954 videretur
1167 2930 1203 2953 X.
1277 2934 1304 2955 e)
1326 2930 1359 2953 In
1381 2929 1406 2952 Γ
1426 2928 1525 2952 subter
1544 2929 1560 2951 (ἰ
1581 2934 1623 2951 vr.
1643 2934 1701 2957 sqq.
1722 2927 1799 2950 linea
1820 2927 1904 2950 ducta
1925 2929 1973 2951 est.

221 2968 247 2998 f)
268 2967 391 2994 Coneilii
414 2971 483 2995 Lad.
569 2973 597 3001 g)
619 2970 671 2996 fiat
692 2971 765 2996 Lad.
851 2970 881 2999 h)
904 2972 963 2996 Hoc
985 2979 1006 2995 r.
1028 2971 1105 2995 dees!
1126 2971 1155 2995 in
1178 2971 1209 2994 X
1225 2973 1251 2994 et
1272 2970 1344 2994 Lod.
1431 2968 1450 2997 i)
1473 2969 1518 2992 Ita
1540 2969 1563 2991 Γ
1580 2968 1610 2992 Χ
1627 2968 1700 2998 Epp.
1722 2967 1808 2997 Xad„
1827 2967 1910 2997 Lacl„
1930 2975 1974 2992 re-

219 3016 353 3040 sponsum
375 3011 518 3039 Sanderi:
544 3019 620 3042 resp.
641 3012 829 3036 Lancellotti:
848 3011 991 3037 sufficiat.
1082 3010 1113 3042 k)
1141 3012 1186 3035 Ita
1203 3012 1293 3042 plane
1313 3012 1352 3039 1';
1379 3007 1529 3041 quomodo
1551 3008 1643 3037 Lsttl.,·
1671 3008 1744 3032 idem
1766 3011 1807 3033 est
1827 3009 1856 3032 ire
1879 3016 1973 3039 respp.

222 3051 308 3074 Larte.
328 3053 353 3074 et
374 3051 462 3075 Sand.
535 3051 555 3082 l)
576 3053 641 3076 Duo
661 3061 702 3076 vr.
722 3061 780 3084 sqq.
801 3054 903 3077 desunt
924 3053 1003 3084 apud
1024 3053 1096 3077 Lctd.

344 3130 353 3149 ¹
383 3131 601 3174 „Uebrigens
636 3133 683 3165 ist
717 3132 817 3165 nicht
850 3144 893 3166 zu
927 3132 1093 3175 lauguen,
1130 3130 1200 3164 dal}
1228 3129 1339 3164 durch
1370 3129 1491 3162 diesen
1517 3127 1752 3170 Augsburger
1777 3127 1973 3171 Religions·

224 3182 372 3216 Frieden
408 3183 463 3216 die
490 3183 706 3217 Katholiken
733 3185 849 3227 einige
884 3184 982 3218 nicht
1009 3183 1289 3217 unwesentliche
1316 3180 1517 3225 Principien
1554 3180 1649 3213 ihres
1677 3180 1974 3214 Kirchenthumes
