2045 3471
476 171 661 216 Herbipoli
687 172 781 206 inter
806 172 862 207 31.
881 172 1002 206 Martii
1029 173 1064 205 et
1090 170 1122 206 2.
1141 170 1275 215 Aprilis
1306 171 1408 205 1567.
1736 173 1822 213 413

61 289 180 322 autem
208 298 288 321 eum
313 289 455 321 tantum
481 288 517 322 in
542 288 650 322 tertia
676 300 838 334 persona.
866 292 905 324 ut
931 289 1048 324 dicere
1074 288 1242 329 solemus,
1269 289 1534 329 commemorat,
1569 290 1691 322 tamen
1718 290 1753 321 et
1780 299 1825 322 ex

61 340 153 375 actis
178 340 250 375 illis
277 340 562 375 consiliariorum
597 341 934 384 ecclesiasticorum,
970 344 1005 376 et
1040 353 1086 376 ex
1112 341 1199 386 ipsis
1225 340 1371 386 scriptis
1406 340 1599 384 colligitur,
1633 342 1824 385 utrumque

60 393 221 438 proxime
247 395 282 427 et
307 393 533 438 potissimum
559 394 629 439 ipsi
655 395 821 440 episcopo
847 407 867 429 a
895 394 1037 429 Canisio
1063 394 1283 428 destinatum
1310 405 1399 428 esse.

179 448 289 491 Riess,
325 457 394 490 quo
420 446 504 480 anni
529 447 618 481 1567
645 450 806 493 tempore
832 448 919 483 haec
947 449 1081 493 scripta
1108 458 1187 481 esse
1214 449 1361 480 censeat
1378 465 1424 470 -—
1442 449 1562 480 utrum
1589 446 1655 481 sub
1682 446 1823 481 Pascha

60 511 106 534 an
131 499 197 533 sub
222 511 269 534 m.
296 498 426 533 Iulium
452 518 496 523 —
523 499 617 534 haud
643 500 695 535 ita
720 501 826 546 plane
853 501 1054 545 significat3
1081 501 1115 534 in
1142 511 1187 534 m.
1207 499 1336 534 Iulium
1363 499 1535 534 inclinare
1562 499 1706 534 videtur
1735 499 1771 543 (l.
1792 511 1821 534 c.

61 552 276 648 3ῗ1ἱ3-36531.
327 551 476 649 La3b5it31r
501 555 598 586 certe
625 555 813 598 Reimann,
849 566 929 588 cum
965 565 1006 588 ea
1041 554 1116 588 fere
1152 554 1297 587 ineunte
1323 563 1369 586 m.
1396 552 1486 586 Iulio
1513 552 1717 597 conscripta
1743 563 1822 587 esse

60 616 80 639 a
126 607 220 639 rmat
278 631 285 640 .
312 616 341 639 c.
419 606 430 626 ³
452 632 459 639 .

60 715 201 752 1412.
310 716 526 751 CANISIUS
562 715 949 753 FRIDERICO
986 715 1032 752 A
1070 714 1464 758 WIRSBERG‚
1503 716 1669 761 episcopo
1705 715 1821 751 herbi-

248 769 386 815 polensi
412 772 448 804 et
474 770 646 804 Franciae
673 770 857 804 orientalis
884 771 978 805 duci.
1029 770 1268 813 (Litterae
1295 767 1513 812 alterae.)

822 822 1006 868 Herbipoli
1033 823 1126 857 inter
1152 823 1207 857 31.
1235 822 1357 856 Martii
1384 824 1419 856 et
1445 822 1477 856 2.
1506 821 1641 867 Aprilis
1669 822 1770 857 1567.

179 892 234 926 Ex
260 893 424 938 exemplo
445 893 522 936 (A),
550 893 643 937 quod
662 893 806 928 videtur
832 905 911 927 esse
939 892 1194 938 apographum,
1222 893 1329 936 idque
1348 891 1507 926 eiusdem
1524 892 1684 933 rationis,
1711 894 1819 936 atque

57 945 156 988 illud,
183 946 277 990 quod
302 957 411 992 supra
437 958 470 991 p.
488 947 558 981 410
584 946 705 980 littera
724 947 754 980 A
780 947 903 981 notavi
933 946 1005 989 (40;
1032 947 1099 989 6¹s'2
1126 946 1224 991 pp.);
1252 948 1374 980 exstat
1396 945 1581 990 Herbipoli
1608 946 1643 979 in
1669 945 1817 980 archivo

58 1000 178 1034 curiae
204 999 429 1045 episcopalis,
455 999 557 1034 Fasc.
581 999 807 1042 „Wurzburg
825 1001 866 1034 A.
885 999 927 1034 N.
949 1000 1010 1034 14⁴⁴
1041 1011 1074 1033 n.
1102 999 1133 1033 3.
1178 999 1313 1033 Ibidem
1342 999 1380 1042 (l.
1399 1010 1430 1034 c.
1453 1011 1487 1033 n.
1505 999 1542 1042 4)
1572 1001 1694 1033 exstat
1720 998 1816 1033 aliud

58 1052 261 1097 exemplum
291 1053 363 1097 (B),
398 1053 491 1097 quod
527 1053 686 1087 eiusdem
720 1053 795 1087 fere
830 1053 979 1087 rationis
1014 1055 1070 1086 est
1104 1055 1212 1096 atque
1247 1052 1432 1097 superius;
1468 1052 1538 1086 alia
1563 1053 1683 1086 tamen
1709 1063 1817 1086 manu

57 1105 232 1150 scriptum
259 1108 324 1148 est,
359 1117 474 1150 neque
500 1108 702 1150 postremas
728 1105 885 1150 quinque
916 1105 1077 1147 „theses“
1107 1105 1225 1146 habet,
1261 1107 1297 1139 et
1322 1104 1373 1139 ita
1400 1104 1538 1149 (eodem
1564 1105 1739 1150 tempore)
1767 1105 1817 1139 in-

57 1158 231 1204 scriptum
257 1160 330 1194 est:
371 1159 432 1202 „D.
463 1158 595 1205 Canisij
623 1158 794 1193 Theses“.
844 1158 1001 1192 Litteras
1026 1158 1162 1203 primus
1192 1158 1328 1200 (nescio
1355 1169 1424 1202 quo
1451 1157 1615 1203 exemplo
1642 1157 1816 1201 adhibito)

56 1212 155 1257 typis
181 1211 436 1246 exscribendas
462 1212 604 1246 curavit
629 1213 824 1256 Reininyer
844 1212 905 1255 (R)
935 1212 957 1246 l.
985 1223 1014 1246 c.
1043 1211 1139 1255 [vide
1165 1223 1274 1256 supra
1300 1223 1332 1256 p.
1359 1210 1445 1255 410]
1471 1211 1591 1245 XVIII
1620 1211 1817 1246 185—189.

55 1265 186 1299 Iisdem
213 1276 300 1300 usus
327 1267 383 1300 est
417 1267 452 1300 et
487 1277 532 1299 ex
558 1266 603 1300 iis
629 1266 834 1309 germanice
861 1264 1045 1310 complura
1071 1264 1219 1309 protulit
1244 1265 1345 1298 Riess
1370 1264 1392 1298 1.
1422 1275 1450 1298 c,
1479 1264 1558 1298 364.
1610 1263 1665 1298 Ex
1692 1263 1817 1298 iisdem

56 1318 172 1352 multa
197 1319 401 1362 germanice
427 1319 539 1352 vertit
568 1319 602 1352 C.
629 1320 759 1353 Braun
786 1318 809 1352 l.
836 1330 866 1352 c.
896 1318 1092 1352 114—115.

179 1389 256 1430 Qua
282 1390 422 1423 ratione
447 1390 667 1433 episcopatus
691 1389 944 1432 herbipolensis
969 1388 1222 1430 reformandus
1246 1389 1310 1421 sit:
1348 1387 1512 1431 Cen-eutr,
1549 1399 1591 1420 ne
1616 1388 1820 1421 Lutherani

57 1443 104 1475 ad
124 1442 353 1476 Calvinianos
377 1447 572 1486 transeant,
599 1453 640 1476 ac
658 1446 900 1484 cofflzoscatur,
926 1452 1011 1475 num
1038 1452 1159 1475 eorum
1184 1441 1344 1474 ministri
1360 1441 1524 1474 recedant
1550 1452 1571 1473 a
1593 1441 1819 1483 Confessione

56 1499 283 1538 auyustana,·
308 1507 397 1540 quae
421 1497 496 1530 sola
523 1497 683 1539 (praeter
709 1495 937 1535 catholicam)
964 1495 1001 1528 in
1034 1495 1230 1528 Germania
1257 1495 1414 1528 admissa
1440 1498 1498 1527 est.
1541 1495 1753 1537 Inw'yiletur
1777 1494 1814 1527 in

56 1549 167 1582 libros
200 1559 316 1583 novos.
358 1549 516 1583 Subinde
542 1554 751 1593 quaeratur,
789 1550 876 1593 quid
901 1549 939 1582 in
965 1548 1068 1582 rebus
1093 1549 1278 1591 reliyionis
1303 1552 1411 1590 ayant
1441 1548 1561 1581 vicini.
1612 1547 1714 1581 Serio
1740 1558 1818 1581 con·

54 1603 241 1647 sideretur,
275 1614 372 1647 num,
407 1607 446 1635 ut
470 1603 664 1646 sepulturis
693 1604 968 1645 protestantium
995 1612 1101 1645 opera
1125 1602 1345 1635 sacerdotum
1378 1601 1640 1645 interponatur,
1676 1601 1818 1634 concedi

56 1659 87 1688 et
111 1666 200 1689 nova
226 1657 398 1700 quaedam
421 1657 582 1699 permitti
600 1657 750 1699 possint.
797 1656 1029 1689 Sacerdotum
1054 1655 1404 1698 concubinariorum,
1431 1655 1475 1687 ab
1501 1655 1627 1688 ordine
1652 1654 1816 1698 religioso

56 1713 311 1752 apostatarum,
354 1720 376 1742 a
415 1709 554 1742 casibus
590 1710 779 1742 reservatis
820 1713 944 1742 temere
985 1708 1247 1749 absolventium,
1291 1708 1583 1750 simoniacorum,
1625 1708 1720 1741 alias
1761 1708 1816 1740 in-

53 1763 209 1804 famium
246 1766 304 1796 etc.
344 1764 496 1796 crimina
538 1763 588 1795 vel
626 1763 856 1805 auferantur,
900 1762 951 1794 vel
987 1762 1107 1795 saltem
1145 1762 1420 1795 imminuantur.
1480 1761 1618 1794 Eorum
1656 1761 1817 1794 ecclesiae

56 1815 401 1849 reconciliandorum
426 1816 582 1858 facultas
619 1826 641 1848 a
661 1816 828 1857 pontifice
853 1816 1070 1858 impetretur.
1121 1814 1425 1847 Poenitentiarius
1460 1818 1489 1847 et
1515 1815 1712 1847 visitatores
1738 1825 1816 1847 con-

55 1869 263 1902 stituantur.
316 1869 548 1912 Sinyulorum
578 1868 787 1910 officialium
816 1869 1066 1912 episcopalium
1093 1867 1213 1910 officia
1240 1872 1334 1901 certa
1360 1868 1500 1901 ratione
1525 1868 1755 1911 definiantur,
1788 1872 1817 1900 et

55 1921 127 1964 ipsi
152 1922 199 1954 acl
225 1921 445 1965 diliyentiam
470 1922 673 1954 incitentur.
725 1921 766 1954 Si
792 1922 854 1964 qui
879 1932 922 1954 ex
948 1921 1051 1953 malis
1075 1921 1316 1954 sacerdotibus
1353 1921 1401 1953 ad
1426 1925 1560 1963 tempus
1584 1921 1736 1954 tolerari
1761 1921 1815 1953 de-

57 1974 169 2017 beant,
200 1976 294 2008 serio
319 1979 432 2008 tamen
461 1979 684 2008 moneantur.
735 1975 779 2007 ln
806 1974 956 2007 ecclesiis
982 1974 1218 2017 colleyialibus
1251 1974 1434 2013 simoniae,
1468 1974 1650 2016 luoeuriae,
1683 1984 1817 2007 summo

55 2028 168 2070 lecum
206 2032 235 2061 et
270 2028 471 2070 officiorum
509 2028 820 2060 ecclesiasticorum
856 2028 1025 2071 neylectui
1062 2027 1184 2071 aliqua
1221 2027 1343 2060 saltem
1377 2027 1532 2060 remedia
1566 2026 1813 2069 adhibeantur,

56 2081 216 2114 meliores
252 2082 467 2115 instituendo
505 2082 664 2124 decanos,
703 2081 904 2114 studiormn
944 2081 1206 2114 litterariorum
1248 2081 1421 2113 rationem
1461 2080 1631 2123 habendo,
1670 2084 1812 2122 peccata

56 2135 272 2168 annotando.
308 2135 418 2177 Apud
443 2134 624 2176 religsiosos
650 2134 831 2177 episcopus
852 2138 1019 2176 potestate
1044 2144 1066 2166 a
1084 2134 1233 2166 concilio
1258 2133 1453 2166 tridentino
1478 2134 1546 2166 sibi
1564 2133 1648 2165 data
1666 2136 1813 2173 utatur;

55 2187 193 2220 decreta
219 2188 360 2221 concilii
385 2192 532 2229 wycam
551 2197 725 2230 personas
749 2191 926 2230 suspectas
951 2198 967 2220 e
992 2188 1218 2220 monasteriis
1243 2187 1368 2228 eiciam
1397 2186 1612 2229 saltationes,
1640 2190 1814 2229 compota-

55 2240 178 2283 tiones,
203 2241 403 2283 vayationes
422 2240 638 2283 proscribat.

57 2319 122 2361 3.ξι
154 2317 396 2359 Videndum
442 2316 652 2371 imprimis
693 2316 745 2358 de
788 2317 941 2370 quibus
987 2316 1178 2370 aegrotis
1224 2317 1426 2359 curandis
1471 2318 1546 2358 aut
1590 2316 1746 2358 saltem
1791 2329 1815 2357 a

55 2382 245 2437 grauiori
279 2381 427 2424 morbo
459 2380 693 2424 liberandis
715 2381 984 2436 potissimum
1009 2382 1052 2424 in
1079 2382 1159 2424 hac
1183 2381 1367 2424 ecclesia
1382 2385 1394 2409 ¹
1419 2381 1530 2424 sint¹¹
1552 2380 1816 2423 instituenda

785 2447 989 2489 concilia⁰
1008 2445 1084 2501 [ΡΙ.

174 2516 382 2571 Aegroti‘1
403 2520 505 2560 sunt
537 2517 737 2567 maxime,
772 2517 844 2570 qui
876 2517 1028 2561 relicto
1052 2517 1315 2560 catholicae⁰
1339 2515 1670 2558 communionis‘
1690 2516 1814 2569 Sym-

56 2583 167 2632 bolo,
201 2583 313 2636 quod
346 2582 389 2624 in
421 2581 665 2636 sumptione
696 2581 955 2624 uenerabilis
978 2582 1237 2624 sacramenti
1263 2581 1494 2631 cernitur2,
1528 2580 1738 2623 sectarios
1770 2594 1816 2622 se

56 2648 200 2702 palam
232 2648 492 2702 profitentur
524 2649 568 2689 et
599 2646 642 2688 in
668 2646 964 2701 spiritualibus
998 2646 1187 2701 episcopi
1219 2646 1285 2689 sui
1319 2647 1600 2688 contemnunt
1622 2644 1815 2688 authori-

56 2715 206 2756 tatem.

176 2777 258 2819 Hic
280 2777 599 2830 adiungendum
613 2782 624 2800 ‘³
641 2773 702 2830 [P]
726 2776 910 2827 uidetur,
944 2779 993 2818 ut
1014 2790 1067 2818 ne
1089 2778 1195 2819 fiant
1218 2776 1269 2817 de
1292 2775 1552 2818 Lutheranis
1575 2775 1813 2818 Caluiniani

56 2842 98 2884 id
131 2845 199 2885 est
231 2841 433 2895 sacrilegi
467 2840 581 2896 [et]¹¹
614 2841 910 2884 intolerabiles
944 2840 1253 2883 catholicorum
1287 2844 1633 2894 persequutores.

174 2923 202 2953 a)
223 2923 265 2948 De
285 2924 336 2948 hoc
354 2930 475 2947 numero
496 2922 559 2946 vide
579 2928 671 2952 snpra
689 2929 719 2952 p.
740 2922 802 2951 410,
821 2921 888 2946 adn.
909 2930 934 2946 a.
1021 2920 1049 2951 1))
1071 2920 1141 2946 sunt
1162 2922 1196 2946 R.
1271 2921 1296 2952 c)
1317 2921 1382 2949 Sic,-
1402 2920 1642 2952 corrr'yenclumne
1665 2920 1791 2947 consilia
1804 2923 1816 2946 ’ζ

57 2962 86 2994 d)
108 2963 131 2989 1.
151 2963 277 2995 Aegroti
298 2965 332 2989 R.
408 2964 435 2995 e)
457 2964 516 2988 Hoc
538 2971 560 2987 r.
579 2970 634 2987 non
655 2965 696 2987 est
716 2962 795 2993 apud
817 2963 850 2986 R.
925 2961 954 2993 f)
975 2961 1140 2993 Religionis
1161 2963 1194 2987 B.
1273 2962 1301 2994 g)
1323 2962 1388 2992 Nic,-
1408 2962 1456 2986 sed
1479 2962 1577 2986 malim
1598 2963 1708 2994 leyen-e:
1729 2962 1813 2989 adui-

57 3003 221 3035 gilandum.
292 3004 323 3036 h)
345 3006 405 3030 Hoc
424 3013 449 3030 v.
469 3004 604 3036 supplevi
623 3010 659 3028 ex
679 3004 740 3028 BR.

179 3100 188 3120 ²
216 3100 255 3133 In
282 3100 490 3144 episcopatu
517 3098 775 3143 herbipolensi;
805 3098 885 3131 vide
911 3109 1020 3142 supra
1046 3109 1078 3142 p.
1105 3097 1184 3132 412.

176 3158 189 3178 ²
216 3157 269 3192 Cf.
298 3159 313 3192 1
343 3158 411 3193 Cor
439 3158 492 3199 10,
521 3158 573 3192 17.
