2077 3461
233 178 257 218 8
713 176 814 211 1199.
842 176 1007 211 Canisius
1034 176 1068 211 S.
1087 177 1277 211 Francisco
1304 177 1346 210 de
1372 176 1513 220 Borgia.

349 294 548 348 Explicui
584 295 694 336 bono
728 295 943 337 Cardinali
975 295 1018 337 id
1051 310 1077 337 a
1108 309 1176 336 me
1208 294 1399 349 petentia
1429 295 1601 336 morbos
1632 295 1791 347 varios,
1834 296 1987 349 quibus

228 359 461 409 laboraret,
504 361 548 401 et
579 359 786 401 nonnulla
817 360 1007 402 remedia
1041 359 1390 409 commonstraui‚
1432 362 1480 401 ut
1513 362 1557 401 et
1588 359 1667 401 sibi
1700 364 1743 403 et
1776 360 1986 403 ecclesiae

229 426 273 466 et
305 424 430 465 aulae
463 425 507 465 et
539 423 747 466 Societati
777 427 954 467 nostrae
986 424 1196 474 consulat,
1230 437 1307 477 pro
1340 423 1406 465 sui
1439 423 1567 465 officii
1598 424 1779 467 ratione.
1843 426 1987 468 Facile

228 489 296 530 est
328 488 441 542 apud
472 488 591 529 illum
626 502 735 542 quae
758 488 968 531 salutaria
990 491 1103 537 sunt,
1138 488 1320 529 suadere
1342 490 1473 541 atque
1505 489 1778 542 persuadere,
1814 490 1987 532 difficile

228 555 373 595 autem
406 566 516 606 quae
547 553 826 607 persuaseris,
861 553 1068 595 obtinere.
1122 552 1248 594 Nunc
1273 553 1386 594 idem
1418 566 1550 607 opera
1581 557 1731 596 nostra
1763 555 1899 597 utitur
1931 555 1985 597 ad

229 617 445 671 synodum
490 617 815 660 instituendam.
887 617 1067 671 Legitur
1109 631 1213 671 ergo
1259 617 1459 670 quicquid
1507 618 1789 661 constitutum
1834 621 1901 662 est
1940 620 1984 661 in

227 681 400 735 Synodo
433 683 699 733 Tridentina,
743 685 787 724 et
818 682 916 724 hinc
949 685 1241 736 excerpuntur
1273 682 1327 724 ad
1360 683 1579 735 Synodum
1617 686 1661 725 et
1692 683 1984 726 visitationem

227 746 418 789 futuram
451 747 725 801 pertinentia.
780 747 1047 800 Quamquam
1081 761 1160 799 ego
1195 747 1246 788 de
1268 761 1469 789 successu
1492 748 1620 789 valde
1643 748 1873 801 ambigam,
1906 763 1985 791 nec

227 811 339 853 ullus
367 812 590 854 Antistesb
612 813 655 853 in
689 811 921 853 Germania
953 812 1180 866 reperitur,
1215 812 1286 865 qui
1313 812 1531 865 Synodum
1554 812 1851 855 Tridentinam
1882 814 1985 856 hac-

225 878 352 918 tenus
383 877 683 930 publicauerit,
718 879 793 918 aut
824 876 968 918 breui⁰
998 877 1294 930 publicaturus
1316 877 1518 919 videatur
1531 878 1558 919 1.
1611 877 1702 919 Imo
1733 878 1777 919 in
1800 879 1985 933 comitijs

225 941 397 995 Imperij
431 942 638 983 aduersus
671 942 782 983 hanc
815 941 1053 995 synodumd
1084 956 1220 983 nouas
1254 942 1371 995 leges
1409 945 1453 984 et
1485 942 1732 985 Sententias
1765 944 1985 997 accepturi

226 1005 432 1049 uidemur.
495 1006 704 1047 Dominus
744 1007 853 1048 bene
885 1008 1030 1048 vertat
1069 1006 1224 1057 omnia,
1268 1010 1311 1049 et
1351 1021 1422 1049 res
1453 1007 1627 1061 Imperij
1660 1008 1787 1049 valde
1819 1008 1982 1050 claudi-

224 1071 364 1112 cantis
395 1071 438 1111 in
470 1071 688 1112 meliorem
722 1071 862 1112 locum
895 1071 1095 1113 adducat.

342 1135 585 1189 Respiciate
617 1150 695 1177 nos
728 1136 936 1178 Dominus
968 1136 1101 1178 oculis
1133 1136 1452 1178 misericordiae
1483 1150 1587 1178 suae
1600 1138 1629 1179 2.

342 1200 505 1254 Excepi
546 1200 732 1243 fratrum
780 1201 902 1242 huius
945 1201 1122 1255 Collegij
1171 1201 1358 1242 omnium
1407 1201 1726 1243 confessiones3
1772 1201 1983 1256 simulque

225 1265 398 1317 porrexi
429 1278 597 1306 sacram
630 1265 969 1307 communionem
993 1268 1098 1308 vota
1129 1280 1208 1308 sua
1236 1265 1594 1308 renouantibusf⁴
1625 1280 1710 1308 non
1742 1266 1834 1308 sine
1867 1281 1982 1309 com-

223 1329 338 1370 muni
379 1332 469 1371 tam
507 1344 586 1371 sua
618 1344 745 1383 quam
778 1333 928 1373 nostra
960 1330 1265 1374 consolatione.
1329 1331 1562 1373 Confirmet
1593 1345 1666 1373 eos
1698 1331 1907 1374 Dominus
1937 1332 1981 1374 in

224 1394 521 1437 vocatione
562 1397 801 1438 sancta5.

340 1459 465 1501 Nunc
499 1474 673 1514 operam
707 1461 858 1502 damus
890 1461 1018 1502 rebus
1047 1460 1224 1515 Collegij
1257 1461 1417 1503 rectius
1450 1461 1776 1504 constituendis,
1829 1462 1981 1504 Studia

223 1523 393 1576 quidem
427 1525 648 1579 Gymnasij
682 1526 822 1578 magis
854 1525 1077 1578 magisque
1110 1526 1279 1575 florent,
1314 1527 1358 1568 et
1390 1528 1576 1579 augetur
1607 1526 1744 1567 indies
1776 1540 1980 1568 numerus

221 1588 525 1639 studiosorum,
560 1593 608 1632 ut
639 1605 722 1632 non
755 1590 968 1644 possimus
1002 1590 1054 1631 de
1081 1590 1253 1632 scholae
1275 1604 1476 1632 successu
1498 1605 1582 1632 non
1606 1590 1765 1644 optime
1788 1605 1976 1644 sperare,

222 1658 297 1694 acg
337 1654 502 1696 maiora
539 1655 669 1696 etiam
702 1669 830 1708 quam
864 1656 915 1697 de
947 1655 1106 1697 scholis
1138 1655 1319 1696 aliorum
1353 1655 1631 1708 collegiorum
1664 1655 1786 1697 nobis
1816 1656 1859 1697 in
1892 1656 1979 1697 Do-

220 1717 334 1759 mino
367 1718 572 1772 polliceri.
626 1719 784 1761 Triduo
807 1725 909 1762 sunt
940 1719 1114 1762 habitae
1147 1720 1344 1774 publicae
1376 1719 1444 1761 1110
1466 1720 1792 1774 disputationes,
1826 1720 1979 1774 quibus

222 1782 353 1824 etiam
393 1783 592 1826 interfuit
632 1784 861 1837 aliquando
903 1784 1163 1826 Cardinalis:
1206 1785 1331 1826 Nunc
1372 1784 1604 1837 magistros
1644 1799 1778 1826 nouos
1819 1786 1977 1827 artium

220 1848 340 1889 brevi
383 1849 603 1893 creabunt.
666 1849 815 1890 Inueni
848 1850 904 1892 M.
939 1850 1204 1903 Stephanum
1237 1849 1483 1891 Liberium6
1523 1850 1590 1891 hic
1626 1849 1789 1892 factum
1823 1850 1978 1904 Oppidi

221 1912 603 1956 concionatoremh.
667 1914 734 1956 Ita
766 1915 814 1956 fit
845 1917 893 1956 ut
924 1915 1060 1956 nostri
1092 1914 1322 1968 plurimum
1354 1914 1422 1956 1110
1454 1918 1700 1965 onerentur,
1734 1918 1978 1968 egeantque

220 1977 434 2031 subsidijs,
477 1978 513 2019 si
553 1978 665 2020 hunc
706 1979 877 2031 quidem
918 1979 1159 2021 studiorum
1199 1980 1413 2021 feruorem
1457 1979 1528 2021 diu
1559 1979 1747 2021 retinere
1778 1979 1974 2022 velimus.

220 2042 428 2084 Dominus
461 2042 575 2084 adsit
606 2043 917 2086 laborantibus.

337 2140 364 2171 a)
385 2140 521 2171 Sequitur
540 2139 583 2168 ut,
603 2140 691 2164 omitt.
765 2140 794 2169 b)
823 2141 869 2165 Ita
897 2141 924 2164 in
952 2141 1030 2165 arch.
1051 2149 1125 2165 corr.
1146 2144 1185 2165 est
1206 2148 1241 2165 ar
1261 2140 1432 2165 Antliistes.
1504 2141 1529 2169 0)
1558 2141 1604 2164 Im
1632 2141 1659 2164 in
1686 2141 1765 2165 arch.
1786 2149 1860 2166 corr.
1879 2144 1920 2166 est
1940 2149 1976 2166 ea:

219 2178 364 2206 breuiter.
437 2179 467 2211 d)
494 2182 541 2205 Ita
569 2182 596 2205 C.
623 2182 749 2206 coi-rezi(
775 2189 811 2206 ea:
836 2181 893 2206 hoc
920 2180 1087 2207 consilium.
1161 2183 1187 2211 0)
1214 2184 1289 2206 Ante
1314 2183 1365 2206 hoc
1392 2190 1414 2206 v.
1434 2182 1544 2213 scripta
1571 2184 1656 2206 erant
1681 2182 1765 2206 haec:
1791 2181 1835 2207 Ex
1860 2181 1976 2208 inclusa
2014 2195 2016 2198 ·

220 2220 346 2246 scedula
371 2220 523 2247 constabit
549 2228 608 2254 quo
634 2222 676 2247 sit
701 2221 731 2247 in
757 2229 813 2247 1105
840 2223 938 2247 animo
966 2222 1098 2255 scriptor
1118 2222 1153 2247 de
1174 2222 1257 2248 cuius
1277 2222 1489 2255 resipiscentia
1508 2222 1561 2247 vix
1581 2221 1673 2247 ullam
1692 2229 1777 2254 spem
1796 2222 1885 2248 nobis
1904 2229 1975 2255 pro-

219 2261 378 2288 mittimus.
420 2264 496 2293 chae
523 2263 619 2288 onmia
640 2267 741 2295 possea
768 2265 933 2288 oblitterata
959 2268 1034 2288 sum.
1109 2264 1131 2295 f)
1158 2265 1279 2289 Cot-rexi
1305 2272 1341 2289 ex·
1366 2262 1628 2293 renouciantibus,
1653 2265 1726 2295 quod
1752 2268 1792 2289 est
1820 2265 1849 2289 in
1874 2272 1974 2296 ctpoyiu

219 2304 249 2334 g)
270 2306 295 2327 A
318 2305 345 2328 C.
366 2312 440 2328 corr.
461 2312 496 2329 ex
519 2303 558 2330 et.
631 2304 663 2336 h)
684 2306 717 2329 In
738 2313 840 2336 marg„
861 2308 891 2329 ut
910 2313 1001 2336 sulm-a
1023 2314 1061 2336 Al]-
1076 2307 1102 2336 5,
1122 2306 1189 2330 adn.
1210 2310 1252 2329 e):
1272 2304 1308 2329 Di
1329 2302 1387 2337 qua
1407 2304 1439 2330 fu
1458 2305 1565 2329 scrItto
1586 2304 1639 2330 che
1661 2305 1744 2336 [non]
1764 2304 1793 2330 lo
1814 2304 1974 2331 facessino.

339 2412 348 2431 ¹
376 2411 572 2446 Concilium
600 2411 845 2445 Tridentinum
872 2414 1115 2455 praeceperat,
1142 2414 1182 2444 ut
1208 2411 1335 2455 synodi
1360 2411 1600 2455 provinciales
1632 2411 1745 2453 „intra
1770 2422 1902 2445 annum
1929 2413 1973 2446 ad

218 2463 335 2498 minus
361 2476 382 2498 a
406 2464 475 2498 fine
507 2464 709 2510 praesentis
736 2464 895 2504 Concilii,
932 2467 968 2498 et
1002 2465 1129 2498 deinde
1164 2463 1323 2508 quolibet
1358 2463 1485 2498 saltem
1522 2464 1710 2505 triennio“,
1746 2475 1787 2498 ac
1826 2465 1973 2509 „synodi

217 2516 447 2551 dioecesanae
482 2517 672 2561 quotannis
699 2517 999 2558 celebrarentuffl,
1035 2519 1143 2560 atque
1183 2519 1241 2558 „ut
1272 2517 1307 2550 in
1333 2516 1411 2561 ipsa
1437 2516 1552 2561 prima
1579 2516 1720 2562 Synodo
1751 2518 1973 2561 provinciali,

217 2572 298 2613 post
331 2569 437 2604 finem
473 2570 674 2615 praesentis
702 2570 849 2604 Concilii
876 2570 1050 2610 habenda,
1086 2581 1127 2603 ea
1154 2569 1281 2610 omnia,
1316 2572 1352 2603 et
1377 2569 1531 2613 singula,
1567 2581 1658 2613 quae
1684 2570 1728 2604 ab
1754 2570 1821 2604 hac
1846 2572 1973 2605 sancta

217 2622 358 2666 Synodo
393 2623 549 2665 definita,
586 2626 621 2657 et
650 2625 789 2657 statuta
823 2625 917 2664 sunt,
952 2622 1070 2667 palam
1096 2622 1381 2666 1·eciperentur“:
1418 2622 1512 2656 Sess.
1539 2622 1680 2664 XXIV„
1714 2623 1756 2656 de
1782 2623 1846 2656 ref.
1874 2635 1902 2657 c.
1931 2624 1970 2663 2;

217 2674 311 2708 Sess.
329 2674 453 2716 XXV„
479 2676 522 2709 de
547 2676 611 2710 ref.
631 2687 660 2710 c.
680 2676 710 2710 2.
747 2675 823 2709 Hoc
850 2687 989 2720 quoque
1008 2675 1166 2708 Tridenti
1193 2675 1427 2709 constitutum
1454 2677 1549 2710 erat:
1579 2675 1766 2720 „Episcopi
1792 2676 1971 2719 propriam

217 2726 407 2761 dioecesim
432 2740 496 2772 per
522 2729 669 2773 seipsos,
705 2731 778 2769 aut,
813 2730 844 2763 si
869 2728 1030 2771 legitime
1056 2728 1217 2772 impediti
1244 2727 1388 2768 fuerint,
1421 2739 1483 2772 per
1507 2739 1611 2762 suum
1638 2727 1841 2769 generalem
1869 2727 1970 2761 Vica-

218 2778 318 2821 rium,
355 2782 417 2814 aut
442 2780 689 2822 visitatorem,
724 2782 755 2815 si
790 2781 983 2825 quotannis
1017 2783 1140 2822 totam,
1175 2782 1320 2825 propter
1355 2781 1430 2814 eius
1456 2780 1692 2821 latitudinem,
1727 2779 1875 2814 visitare
1900 2792 1971 2814 non

217 2833 396 2876 poterunt,
422 2833 552 2867 saltem
578 2834 747 2878 majorem
775 2835 852 2879 ejus
878 2836 1028 2878 partem,
1063 2833 1114 2867 ita
1139 2835 1269 2873 tamen,
1305 2836 1344 2866 ut
1369 2835 1446 2867 tota
1471 2833 1611 2866 biennio
1638 2844 1701 2877 per
1725 2843 1774 2873 se,
1801 2832 1860 2866 vel
1887 2833 1970 2867 visi-

216 2886 351 2918 tatores
376 2896 460 2919 suos
487 2886 717 2931 compleatur,
744 2887 893 2921 visitare
919 2899 988 2920 non
1015 2887 1348 2931 praetertnittant“:
1376 2886 1470 2920 Sess.
1498 2885 1637 2927 XXIV„
1665 2885 1707 2919 de
1733 2885 1797 2919 ref.
1825 2897 1853 2919 0.
1881 2886 1913 2919 3.

335 2938 348 2957 ²⁷
375 2937 428 2971 Cf.
455 2938 503 2972 Ps
530 2939 585 2979 24,
614 2940 676 2979 16;
705 2940 759 2981 68,
789 2940 851 2981 17;
878 2939 976 2973 Eccli
1003 2939 1057 2980 36,
1088 2941 1103 2973 1
1133 2941 1200 2973 etc.

335 2991 347 3009 ³
374 2990 624 3025 Confessiones
650 2992 855 3034 generales;
883 2992 965 3026 vide
995 2993 1080 3026 Can..
1107 2992 1158 3025 IV
1183 2992 1268 3025 435¹
1295 2992 1373 3025 933.

335 3045 347 3062 ‘¹
373 3042 437 3076 Die
472 3044 504 3077 2.
532 3043 726 3085 Februarii,
762 3056 853 3088 quae
888 3045 1153 3087 „Purificationi
1188 3045 1227 3078 B.
1255 3045 1302 3078 M.
1329 3044 1392 3079 V.“
1431 3055 1533 3077 sacra
1569 3045 1640 3083 est;
1677 3042 1758 3076 vide
1793 3043 1895 3084 infra,
1932 3043 1967 3076 in

216 3106 369 3128 monum.
397 3095 455 3130 dil.
485 3095 550 3139 (1).
697 3098 709 3116 ⁵
735 3097 755 3130 2
782 3097 860 3130 Tim
889 3099 917 3138 1,
946 3098 985 3136 9;
1012 3098 1057 3131 cf.
1088 3098 1103 3131 1
1134 3097 1201 3131 Cor
1228 3098 1259 3138 7,
1286 3098 1349 3137 20;
1378 3096 1454 3140 Eph
1479 3097 1512 3137 4,
1543 3096 1557 3128 1
1587 3097 1654 3129 etc.

335 3148 347 3167 ⁶
373 3147 424 3181 De
451 3147 517 3182 hoc
543 3148 625 3182 vide
655 3150 740 3182 Can.
768 3150 818 3183 HI
844 3150 889 3183 42
917 3150 1004 3191 3003
1032 3150 1082 3183 IV
1110 3150 1188 3184 701.
