2045 3471
185 222 270 263 836
352 218 445 252 Mon.
464 214 652 251 893--894
678 212 755 246 sive
782 221 857 244 var.
879 204 1099 251 (13)-(14).
1138 204 1236 237 Inter
1262 213 1307 235 m.
1327 199 1419 234 Nov.
1440 198 1530 233 1565
1558 199 1594 231 et
1619 196 1707 241 Apr.
1729 195 1830 230 1566.

187 334 295 372 893
323 336 402 370 sive
428 342 543 368 var.
565 329 692 376 (13).
767 326 870 362 Inter
896 334 942 360 111.
962 320 1198 359 Novembrem
1223 316 1305 353 1565
1333 318 1369 352 et
1396 313 1560 362 Aprilem
1587 312 1682 348 1566.

307 412 362 446 Ex
388 408 624 453 autographo.
681 405 744 449 „G.
772 404 836 449 Ep.
856 402 944 436 V11“
973 401 998 434 f.
1025 398 1122 433 218b.

314 489 429 532 Opera
458 485 597 520 Canisii
619 482 805 517 Gerar-dus
824 478 1038 522 Lapz'danus
1063 475 1111 508 ad
1129 473 1347 514 Societatem,
1375 480 1480 513 quam
1507 471 1589 501 ante
1613 477 1675 499 sea:
1700 475 1814 498 annos
1839 463 1953 496 deser-

188 546 252 588 uit,
279 543 380 576 redit.

310 620 350 652 P.
375 616 613 651 Theodora-us
642 612 808 647 Canisius
835 609 870 643 S.
890 609 938 650 J„
971 604 1187 639 Germaniae
1211 602 1409 646 superioris
1435 595 1738 641 viceprovineialis
1764 599 1792 627 et
1820 592 1955 635 colleyii

192 673 372 717 dilinqani
398 674 523 713 rector,
560 669 709 709 Dili'nya
737 668 791 699 19.
819 664 913 697 Maii
941 661 1032 694 1566
1058 659 1206 692 Romam
1239 656 1287 689 ad
1314 655 1349 688 S.
1377 653 1613 687 Franciscnm
1641 649 1814 690 Boryiam
1841 647 1955 680 Socie-

193 729 276 760 tatis
304 724 549 769 praepositum
582 719 781 763 yeneralem
815 717 900 749 haec
932 713 1068 746 rettulit
1103 712 1144 744 de
1170 711 1235 743 Fr.
1267 707 1431 742 Gerardo
1457 705 1651 748 Lapiclano
1676 702 1820 744 [Steens
1832 699 1869 742 ἓ]
1895 699 1956 732 cli-

192 781 289 814 rensi
315 778 466 820 (Cleve),
504 774 565 818 qni
591 785 623 807 a.
654 774 744 805 1552
772 771 976 804 Societatem
1003 768 1181 808 ingressus
1207 767 1296 805 erat,
1334 772 1367 794 a.
1398 762 1488 793 1553
1517 761 1616 802 „vota
1641 750 1954 789 scholasticorunz“

195 834 474 875 nuncupaverat,
510 840 554 861 m.
583 826 706 868 Aprili
732 835 764 857 a.
794 824 886 856 1559
922 819 1147 862 aem-{tudine
1182 816 1338 860 quadam
1365 813 1480 846 animi
1508 811 1688 851 laborans,
1725 809 1761 840 in
1796 807 1957 849 patriam

194 887 399 919 discesserat
425 884 535 924 (Can.
564 880 605 913 ΙΙ
630 878 721 912 100²
747 879 815 910 390
842 875 953 914 466).·
989 870 1170 905 Grerardus
1196 868 1341 913 quidam
1373 864 1594 909 Lapidanus,
1631 861 1690 905 qui
1727 861 1809 894 ante
1845 868 1956 891 annos

195 938 327 973 multos
353 935 513 981 panormi
541 943 671 976 graeca
697 929 827 968 docuit,
863 927 997 960 Romae
1023 923 1149 958 deinde
1175 920 1325 961 studuit,
1356 918 1558 961 ibidemque
1584 915 1619 949 in
1647 914 1855 958 Dyaconum
1880 922 1958 955 pro-

194 994 314 1026 motus
341 987 600 1031 Ingolstadium
629 995 708 1018 cum
735 981 860 1027 primis
886 978 1060 1014 fratribus
1085 976 1218 1010 missus
1244 973 1323 1013 fuit,
1362 975 1471 1016 atque
1497 970 1578 1003 inde
1604 966 1802 1002 tentatione
1827 964 1958 1005 victus,

196 1056 287 1079 anno
313 1044 375 1077 59⁰
400 1042 476 1076 sine
502 1037 703 1073 obedientia
730 1036 765 1069 in
791 1033 1008 1071 Flandriain,
1043 1041 1136 1074 quae
1162 1027 1231 1073 ipsi
1257 1026 1376 1072 patria
1402 1027 1468 1064 est,
1495 1020 1679 1057 discessit:
1715 1018 1773 1053 hic
1798 1019 1879 1063 post
1903 1018 1959 1050 tot

197 1109 308 1133 annos
334 1098 437 1130 extra
462 1091 699 1127 obedientiam
727 1088 968 1131 consumptos,
995 1095 1103 1129 opera
1126 1082 1166 1116 R.
1187 1081 1226 1116 P.
1242 1078 1375 1123 Canisij
1403 1076 1506 1122 quasi
1532 1072 1752 1120 postliminio
1779 1071 1821 1105 ad
1848 1069 1958 1104 socie-

196 1154 309 1186 tatem
335 1147 451 1192 redijt,
477 1143 709 1190 simplicitate
736 1141 854 1186 potius
882 1149 987 1183 quam
1015 1136 1163 1176 malitia,
1191 1136 1231 1168 vt
1256 1133 1400 1167 videtur
1426 1130 1607 1174 deceptus.
1643 1125 1747 1160 Vnde
1770 1124 1812 1158 R.
1831 1123 1870 1157 P.
1889 1121 1958 1155 Na-

198 1204 283 1238 talis
309 1214 346 1236 re
365 1201 558 1243 diligenter
584 1196 789 1231 examinata
815 1191 1058 1237 recipiendum
1086 1200 1167 1223 eum
1192 1186 1379 1225 iudicauit,
1406 1186 1443 1217 et
1459 1182 1641 1224 Dilingam
1659 1188 1781 1213 secum
1799 1175 1960 1215 adduxit,

199 1257 260 1292 vbi
286 1254 453 1290 docendis
478 1251 599 1297 pueris
625 1259 767 1294 operam
795 1246 920 1280 vtilem
948 1247 983 1278 et
1011 1242 1220 1286 diligentem
1245 1250 1340 1273 nunc
1366 1239 1487 1271 nauat.

318 1309 485 1343 Fortasse
513 1304 688 1343 Canisius,
716 1312 797 1335 cum
825 1301 979 1333 exeunte
1006 1309 1051 1331 in.
1078 1293 1272 1330 Novembri
1299 1291 1358 1326 vel
1384 1290 1486 1325 initio
1511 1300 1557 1322 m.
1584 1284 1792 1320 Decembris
1818 1294 1848 1316 a.
1871 1281 1961 1316 1565

202 1376 263 1410 per
291 1361 443 1397 Cliviam
468 1359 641 1392 transiret
669 1356 717 1398 (V.
745 1365 853 1398 supra
879 1364 910 1397 p.
931 1351 1028 1394 675),
1055 1348 1277 1393 Lapidanum
1305 1344 1406 1378 vidit.
1458 1343 1563 1377 Certe
1590 1340 1630 1374 P.
1653 1338 1833 1372 Antonius
1853 1334 1961 1368 Vinck

203 1414 432 1462 provincialis
457 1412 639 1446 rhenanus
673 1406 863 1452 aliquando
889 1403 1077 1438 ÷'‘notavit:
1114 1399 1309 1435 Audivisse
1343 1409 1393 1437 se,
1430 1395 1514 1438 „che
1550 1393 1575 1427 il
1609 1391 1724 1426 Padre
1760 1387 1894 1423 canisio
1927 1386 1962 1420 10

202 1471 249 1505 ha
275 1470 416 1503 nienato
443 1466 477 1500 di
503 1465 630 1499 cliua“.
681 1462 793 1503 Quem
819 1458 971 1499 Natalis,
1005 1467 1085 1490 cum
1116 1455 1168 1489 16.
1196 1452 1331 1498 Aprilis
1359 1450 1449 1484 1566
1477 1448 1643 1489 Augusta
1668 1444 1849 1487 Dilingam
1884 1451 1962 1485 pro-

203 1524 425 1557 ficisceretur
453 1519 558 1563 (Epp.
584 1517 678 1551 Nad.
705 1515 755 1548 III
782 1514 855 1555 63),
891 1522 1013 1546 secum
1045 1507 1206 1543 adduxit.
1259 1504 1472 1549 Lapidanus,
1507 1499 1613 1546 paulo
1641 1501 1721 1543 post
1750 1508 1796 1530 m.
1824 1494 1962 1529 Iunium

204 1589 236 1611 a.
258 1575 347 1609 1566
373 1571 572 1608 sacerdotio
598 1569 761 1603 initiatus
790 1566 893 1610 (Epp.
913 1565 1007 1598 Nad.
1034 1562 1084 1596 lV
1111 1560 1178 1595 243
1205 1558 1303 1602 260),
1331 1558 1455 1602 postea
1480 1554 1517 1588 in
1540 1551 1702 1595 collegiis
1720 1549 1901 1591 dilingano
1928 1548 1963 1579 et

204 1627 361 1663 fuldensi
387 1629 495 1669 atque
522 1623 629 1658 etiam
657 1622 704 1665 (a.
727 1620 832 1663 1582)
861 1619 896 1652 111
923 1618 1053 1651 ducatu
1081 1611 1331 1649 brunsvicensi
1364 1608 1537 1644 ecclesiae
1572 1608 1608 1640 et
1633 1602 1803 1639 Societati
1838 1599 1964 1634 utilem

204 1693 349 1727 operam
381 1678 563 1724 praestitit
589 1677 695 1719 (Can.
723 1674 755 1707 11
782 1673 878 1707 390··.
917 1672 1063 1705 Hansen
1090 1668 1112 1702 1.
1140 1679 1170 1701 c.
1197 1665 1277 1700 757.
1316 1664 1434 1705 Dnhr,
1461 1660 1569 1696 ι1051
1594 1656 1811 1699 431—432).
1853 1653 1966 1687 Theo·

205 1734 348 1769 doricus
382 1734 501 1766 autem
528 1729 692 1765 Canisius
728 1725 897 1760 memoria
932 1724 1056 1768 lapsus
1082 1732 1161 1755 esse
1188 1719 1342 1758 videtur,
1377 1727 1458 1750 cum
1494 1724 1573 1748 eum
1600 1709 1858 1754 Ingolstadium
1885 1717 1966 1740 cum

208 1787 333 1834 primis
366 1785 540 1820 fratribus
575 1783 722 1817 missum
759 1791 838 1814 esse
873 1778 1065 1815 scriberet;
1103 1785 1182 1809 cuni
1221 1772 1278 1806 his
1316 1771 1409 1805 enim
1445 1780 1490 1802 ex
1524 1765 1629 1800 Italia
1667 1775 1712 1797 m.
1740 1761 1839 1796 lunio
1876 1759 1966 1793 1556

209 1841 342 1876 missus
368 1842 424 1873 est
441 1836 622 1873 Gerardus
640 1834 843 1868 Werdenus
869 1832 946 1865 sive
966 1829 1162 1863 Wertenus
1183 1825 1326 1868 (Cartas
1353 1824 1395 1857 de
1418 1824 1494 1856 San
1514 1819 1658 1863 Iynaeio
1684 1818 1725 1850 de
1750 1814 1887 1858 Loyoza
1905 1811 1966 1852 VI,

210 1894 350 1929 Madrid
380 1892 479 1933 1889,
505 1891 611 1933 497);
647 1899 751 1932 quem
780 1898 811 1921 a.
832 1885 921 1920 1557
950 1884 1032 1918 ante
1068 1893 1113 1915 m.
1140 1878 1301 1924 Aprilem
1327 1877 1362 1911 in
1389 1873 1579 1916 collegium
1606 1880 1781 1916 pragense
1807 1867 1969 1904 missum,

208 1948 340 1982 ibidem
368 1946 476 1980 etiam
504 1956 547 1977 ni.
567 1944 731 1985 Augusto
761 1940 850 1973 1559
877 1937 989 1972 fuisse
1015 1936 1176 1974 constat3
1204 1934 1328 1977 postea
1353 1928 1522 1962 Treveris
1548 1925 1617 1959 fuit
1645 1924 1750 1967 (Can.
1770 1921 1803 1954 II
1830 1920 1873 1954 80
1900 1919 1969 1953 314

212 2002 298 2041 501;
334 1999 386 2033 111
422 1997 518 2040 130).
568 1996 693 2039 Neque
728 1993 932 2037 Lapidanus
971 1991 1054 2024 ante
1091 1999 1137 2022 m.
1165 1986 1369 2028 Augustum
1408 1993 1438 2015 3.
1469 1980 1557 2014 1557
1594 1989 1639 2011 ex
1672 1974 1779 2009 Italia
1813 1973 1848 2007 in
1884 1971 1969 2006 Ger-

212 2054 366 2088 maniam
392 2052 527 2086 redisse
553 2049 696 2082 videtur
725 2047 887 2090 (Hansen
914 2044 936 2078 l.
964 2055 992 2077 c.
1020 2041 1119 2083 289).
1169 2039 1221 2073 De
1248 2036 1427 2070 VVerdeno
1454 2033 1499 2067 cf.
1527 2030 1676 2065 Polanci
1702 2026 1899 2063 Chronicon
1920 2023 1969 2058 Vl

214 2107 283 2142 405
308 2107 389 2141 406.

219 2232 326 2269 894
351 2233 429 2268 sive
454 2241 569 2267 var.
590 2226 717 2274 (14).
792 2224 848 2261 23.
868 2222 992 2260 Martii
1018 2223 1054 2257 et
1080 2220 1138 2256 20.
1157 2217 1297 2266 Aprilis
1324 2215 1418 2251 1566.

336 2310 392 2344 Ex
419 2306 636 2352 archetypis,
663 2315 754 2348 quae
781 2304 865 2337 sunt
891 2302 926 2335 in
953 2299 1062 2334 Codd.
1093 2296 1194 2340 „EN“
1226 2307 1259 2329 n.
1289 2294 1355 2328 106
1382 2294 1418 2326 et
1448 2290 1545 2333 „EB‘
1576 2300 1609 2322 n.
1638 2286 1716 2320 173.
1767 2284 1885 2318 Etiam
1912 2281 1974 2325 (ex

219 2364 346 2399 iisdem
371 2360 593 2405 archetypis)
622 2359 657 2392 in
685 2358 772 2402 Epp.
799 2354 920 2390 Nadal
946 2353 995 2386 111
1023 2353 1067 2387 36
1095 2350 1150 2385 68.

342 2434 378 2467 P.
406 2431 549 2466 Natalis
582 2431 744 2462 visitator
780 2427 816 2460 S.
844 2425 1040 2458 Franeisco
1065 2422 1220 2463 Boryiae
1248 2417 1453 2461 praeposito
1484 2411 1644 2456 yenerali
1677 2406 1904 2448 commendat,
1938 2407 1977 2437 ut

224 2489 262 2521 P.
287 2486 522 2520 Theodericus
544 2483 709 2516 Canisins
736 2479 950 2513 Germaniae
974 2475 1173 2518 superioris
1198 2467 1512 2513 vieeprovincialis,
1540 2465 1666 2508 quippe
1691 2463 1753 2504 qui
1776 2460 1871 2493 solus
1893 2467 1978 2500 pro-

224 2542 376 2573 vinciam
400 2542 509 2581 reyat,
536 2536 686 2569 eiusdem
712 2534 950 2566 constituatur
974 2526 1216 2572 provinciali-5,
1251 2524 1378 2556 Petrus
1412 2524 1527 2553 autem
1557 2516 1723 2550 Canisins
1757 2514 1840 2546 aliis
1864 2511 1977 2552 rebus,

226 2599 262 2627 nt
289 2593 428 2635 colleyio
453 2591 573 2633 aliquo
600 2587 814 2621 instituendo
840 2585 890 2618 rel
917 2581 1138 2616 contionibus
1156 2580 1338 2620 Aayustae
1363 2577 1402 2608 in
1426 2572 1551 2615 templo
1578 2567 1775 2604 cathedrali
1799 2564 1978 2605 habendis,

228 2650 412 2688 occupetur
437 2649 465 2676 et
485 2643 661 2675 interdum
682 2639 876 2680 Societatis‚
901 2637 1021 2669 saltem
1040 2632 1313 2677 provinciarum
1330 2627 1629 2671 yermanicarunz,
1654 2622 1816 2654 visitator
1833 2621 1979 2651 creetur.

229 2700 381 2741 Boryias
406 2697 548 2731 Natalis
573 2695 724 2727 arbitrio
746 2691 929 2735 permittit,
956 2693 993 2722 vut
1025 2686 1262 2720 Theodoricus
1287 2682 1524 2715 constituatur
1548 2673 1790 2720 provincialis.

349 2768 387 2801 P.
414 2767 655 2808 Hieronymus
689 2762 834 2796 Natalis
869 2759 1053 2793 Soeietatz's
1087 2755 1249 2789 visitator
1284 2751 1412 2785 litteris
1446 2750 1608 2790 Auqusta
1643 2747 1698 2778 23.
1726 2742 1856 2775 Martii
1890 2742 1981 2773 1566

232 2821 379 2854 Romam
414 2820 527 2852 missis
563 2818 599 2851 S.
626 2816 861 2850 Franciscam
895 2814 936 2845 de
962 2811 1095 2852 Boryia
1129 2808 1369 2851 praepositam
1401 2801 1595 2846 yeneralem
1632 2799 1672 2830 de
1706 2797 1809 2829 Petro
1839 2793 1982 2827 Canisio

238 2873 448 2906 Germaniae
464 2871 661 2914 superioris
672 2867 877 2911 praeposito
890 2863 1108 2908 provinciali
1125 2866 1155 2895 et
1177 2859 1390 2893 leeodorico
1412 2855 1556 2889 Canisio
1570 2853 1667 2885 Petri
1682 2851 1800 2892 fratre
1817 2847 1982 2881 eiusdem-

235 2937 298 2970 que
327 2925 539 2958 Germaniae
564 2920 849 2964 riceprovincz'ali
876 2924 923 2959 (v.
949 2927 1063 2959 supra
1083 2927 1121 2958 p.
1145 2916 1211 2948 183
1240 2912 1324 2952 189)
1351 2910 1508 2942 monuit:
1536 2905 1591 2939 Yo
1617 2904 1721 2937 hasta
1747 2912 1831 2935 aora
1856 2911 1900 2933 no
1926 2910 1984 2932 en-

236 2978 355 3011 tiendo
390 2980 468 3010 otra
493 2987 575 3009 cosa
601 2976 677 3008 sino
704 2984 772 3016 que
797 2972 956 3005 Maestro
983 2967 1124 3002 canisio
1161 2977 1198 2999 es
1225 2961 1438 3001 Prouincial,
1474 2973 1492 2993 0
1519 2961 1595 2992 este
1621 2956 1714 2999 aqui,
1749 2966 1768 2987 o
1803 2965 1857 2993 no,
1891 2963 1915 2996 y
1941 2962 1983 2984 su

237 3030 405 3063 hermano
431 3026 728 3072 Viceprouincial,
763 3035 904 3067 aurique
931 3033 1030 3055 como
1065 3020 1109 3053 he
1134 3019 1263 3053 escrito
1299 3027 1362 3060 por
1387 3017 1464 3048 oti-a
1493 3012 1620 3056 (segun
1649 3013 1738 3052 quea
1762 3017 1818 3039 me
1845 3005 1926 3038 dixo
1954 3003 1986 3037 el

240 3082 353 3116 Padre
378 3081 594 3114 Theoderico
620 3082 721 3112 tener
747 3077 854 3111 orden
881 3075 923 3108 de
942 3074 984 3108 V.
1004 3073 1059 3115 P.)
1089 3072 1260 3115 gonierna
1286 3069 1318 3102 el
1344 3067 1429 3106 solo,
1456 3065 1561 3099 hasta
1586 3073 1654 3105 que
1680 3060 1805 3103 quiex-a
1829 3058 1985 3091 Maestro

242 3133 393 3175 (lamisio,
428 3133 482 3167 Yo
508 3131 672 3177 pens-aria
705 3142 763 3164 ser
797 3129 863 3162 util
898 3139 966 3171 que
1001 3137 1100 3159 como
1136 3136 1178 3157 en
1211 3123 1265 3156 las
1291 3124 1388 3155 otras
1415 3116 1623 3152 Prouincias
1649 3125 1686 3147 se
1712 3112 1809 3152 haze,
1845 3110 1917 3143 assi
1943 3120 1986 3143 en

359 3214 386 3235 a)
409 3210 574 3239 Sequuntur
595 3214 635 3231 vu.
656 3212 701 3230 me
725 3203 793 3230 (lixo
815 3203 903 3228 tener
923 3201 1017 3227 orden
1038 3200 1222 3229 oblitterata;
1241 3197 1290 3222 sed
1312 3203 1354 3220 vv.
1375 3201 1425 3220 me
1445 3193 1515 3218 dixo
1536 3192 1671 3217 restituta
1691 3190 1766 3213 sunt.
