2045 3471
209 221 293 261 456
530 217 536 223 ⁴
693 216 793 251 1438.
822 215 987 251 Oanisius
1013 216 1046 250 S.
1064 216 1255 250 Francisco
1281 216 1323 250 de
1350 214 1490 258 Borgia.

207 336 387 379 amicam
430 334 787 385 admonitionem,
840 335 976 378 ueluti
1023 335 1290 389 disputator,
1332 333 1567 387 replicator
1607 336 1651 375 et
1692 335 1963 387 contemptor

206 401 389 454 excepit,
432 402 476 442 et
507 400 736 442 Rectorem
770 399 1080 441 Theodoricum
1114 412 1282 452 quoque
1314 398 1429 440 ferre
1460 412 1544 439 non
1577 397 1730 451 potuit,
1773 400 1822 440 vt
1862 398 1960 439 sub—

205 465 303 507 inde
335 464 446 506 hunc
478 478 562 505 non
594 478 748 518 parum
781 464 1120 507 contristauerit.
1175 463 1322 516 Jgitur
1355 476 1448 504 cum
1484 462 1658 512 diceret,
1692 476 1738 504 se
1771 462 1826 504 ad
1848 461 1962 503 Visi—

204 532 391 572 tatorem
406 530 420 556 1
438 529 657 583 appellare
675 532 719 571 et
740 529 951 583 proficisci
974 543 1142 583 cupere,
1165 542 1245 570 nec
1267 528 1352 569 alia
1374 527 1515 569 media
1537 541 1647 580 quae
1665 527 1961 576 offerebamus,

206 594 410 648 amplecti
441 595 586 644 uellet,
622 594 820 636 consensi
853 594 1068 644 Patribus,
1108 597 1155 636 vt
1188 594 1231 634 in
1264 593 1378 634 viam
1412 606 1458 633 se
1491 592 1616 634 daret
1648 594 1778 645 atque
1819 591 1962 633 dimit-

205 661 384 709 teretur,
426 659 564 701 literis
604 659 777 702 interim
819 659 906 701 alia
947 659 1017 700 uia
1058 659 1109 700 de
1149 658 1223 700 illo
1262 656 1435 711 scriptis
1468 657 1522 698 ad
1556 657 1600 698 P.
1635 656 1960 699 Visitatoren12.

209 723 445 778 Praecipua
477 737 587 777 quae
618 724 740 765 nobis
773 724 814 765 in
849 738 898 765 eo
932 723 1229 777 displicebant,
1263 722 1313 764 R.
1347 721 1395 764 T.
1430 735 1485 763 ex
1517 721 1613 776 alijs
1635 735 1772 775 nuper
1792 720 1963 762 missis3

206 789 347 842 potuit
379 802 660 841 cognoscere:
706 789 813 830 haec
845 803 946 830 uero
980 791 1094 838 sunt,
1129 788 1241 840 quod
1273 787 1519 841 superiores
1549 788 1640 828 tam
1672 786 1963 827 irreuerenter

206 867 255 896 ac
287 854 471 908 superbe
503 856 728 903 tractaret,
764 857 812 896 vt
844 853 964 894 illum
997 853 1228 895 admonere
1260 866 1344 894 non
1368 851 1589 901 auderent,
1624 865 1676 893 ne
1705 850 1961 893 deteriorem

206 918 426 960 facerent:
451 919 564 971 quod
586 921 816 972 praeterea
840 918 989 960 ducem
1014 920 1058 960 et
1083 917 1345 971 corypheum
1367 930 1413 958 se
1435 917 1708 970 praestaret⁸
1731 914 1962 957 leuioribus

206 986 249 1026 et
270 983 573 1025 infirmioribus
596 983 817 1031 fratribus,
843 983 995 1035 quibus
1018 983 1262 1037 exemplum
1286 985 1329 1024 et
1353 981 1625 1023 conuersatio
1647 980 1763 1023 illius
1781 980 1960 1022 multum

206 1047 356 1098 obfuit,
399 1049 448 1090 ut
490 1050 610 1089 certa
650 1061 781 1101 saepe
823 1047 1047 1089 didicimus
1088 1046 1370 1101 experientia.
1435 1046 1498 1087 De
1537 1045 1739 1088 Patribus
1782 1047 1826 1087 et
1866 1044 1962 1099 alijs

206 1113 476 1166 grauioribus
515 1113 694 1154 licenter
731 1112 1054 1166 pronuntiabat,
1098 1126 1199 1154 suas
1232 1111 1484 1165 peregrinas
1526 1110 1746 1164 opiniones
1760 1111 1788 1160 4,
1831 1109 1961 1151 etiam

206 1180 357 1220 contra
389 1178 427 1219 b.
454 1177 644 1231 Virginis
679 1175 1070 1231 [immaculatam]b
1103 1176 1425 1230 conceptionem
1457 1178 1502 1217 et
1530 1176 1795 1230 corporalem
1817 1175 1961 1228 ignem

206 1242 361 1284 inferni
403 1242 517 1296 apud
558 1242 719 1285 fratres
760 1242 1000 1296 periculose
1053 1241 1363 1290 defendebat5,
1416 1240 1671 1282 lectionibus
1720 1242 1960 1294 poetarum,

207 1307 487 1362 praesertimc
530 1307 715 1349 obscena
756 1307 1059 1357 scribentium,
1103 1306 1398 1358 indulgebat‘3,
1443 1308 1486 1347 et
1527 1319 1582 1347 ex
1622 1305 1688 1346 his
1728 1304 1963 1346 amatorios

206 1386 356 1414 uersus
389 1372 619 1425 aliquando
658 1372 881 1422 fundebat,
926 1371 1071 1413 odiose
1112 1371 1436 1425 perstringebat
1475 1370 1651 1418 fratrea
1694 1372 1738 1412 et
1778 1368 1963 1410 mirabili

206 1440 301 1480 arte
324 1451 430 1490 quos
461 1437 554 1479 fere
587 1437 733 1487 vellet,
767 1436 1034 1490 adiungebat
1065 1436 1159 1484 sibi,
1194 1438 1242 1477 vt
1265 1436 1318 1477 ab
1341 1435 1432 1477 eius
1454 1435 1582 1476 noxio
1616 1433 1831 1476 consortio
1865 1434 1962 1475 abs-

205 1502 320 1544 trahi
341 1516 425 1544 non
448 1516 575 1556 posse
598 1502 861 1552 uiderentur,
886 1501 1057 1544 etiamsi
1079 1500 1345 1554 superiorum
1365 1503 1596 1553 praecepto
1615 1499 1960 1541 admonerentur.

205 1567 417 1618 Breuiter,
451 1581 589 1620 neque
623 1581 717 1609 cum
750 1567 970 1620 superiore
1002 1580 1078 1608 suo
1112 1566 1304 1607 Romae7
1336 1565 1405 1607 uel
1437 1564 1637 1617 Dilingae
1668 1563 1868 1618 poteratd
1901 1563 1962 1604 illi

207 1631 448 1681 conuenire,
481 1645 619 1684 neque
651 1646 801 1685 pacem
834 1631 1105 1684 relinquebat
1138 1629 1332 1683 collegio,
1367 1632 1414 1672 ut
1437 1643 1612 1671 necesse
1635 1628 1765 1670 fuerit
1787 1627 1961 1669 tandem

205 1696 285 1738 hoc
318 1697 430 1749 quod
462 1696 553 1750 ipse
585 1697 848 1750 postulabat,
883 1696 1127 1745 concedere,
1161 1709 1214 1736 ne
1247 1698 1423 1748 propter
1454 1708 1585 1735 vnum
1618 1693 1807 1746 alioquin
1839 1691 1963 1733 multi

207 1761 346 1814 magis
378 1761 602 1814 magisque
634 1761 999 1815 periclitarentur.
1033 1759 1294 1814 Experimur
1315 1759 1358 1800 in
1382 1759 1635 1801 Matthaeo8
1660 1758 1818 1799 Polono
1841 1756 1961 1806 satiS,

207 1840 334 1879 quam
367 1825 429 1867 illi
460 1825 592 1868 noxia
623 1826 756 1868 fuerit
786 1826 912 1867 huius
943 1825 1093 1867 fratris
1127 1824 1412 1873 conuersatio,
1447 1837 1525 1865 nec
1557 1837 1707 1876 parum
1740 1821 1813 1863 ille
1841 1821 1962 1862 nobis

208 1894 250 1933 et
284 1890 459 1933 Rectori
489 1890 652 1944 negotij
687 1891 874 1940 exhibet,
908 1890 1015 1932 satis
1048 1890 1131 1932 iam
1165 1893 1266 1931 ante
1300 1889 1462 1930 Romae
1494 1890 1633 1930 notus.

324 1955 451 1997 Nunc
493 1956 544 1997 de
586 1955 681 2009 alijs
723 1958 766 1998 et
806 1955 1048 2009 praecipuis
1086 1954 1413 1996 difficultatibus
1445 1953 1605 1994 nostris
1637 1965 1777 2005 pauca
1808 1951 1960 2001 dicam,

207 2023 255 2063 vt
286 2021 332 2063 P.
367 2021 415 2063 Τ.
449 2021 501 2062 de
533 2020 598 2061 his
630 2020 801 2070 iudicet,
834 2034 997 2073 nosque
1029 2020 1065 2061 si
1097 2021 1253 2073 potest,
1288 2019 1331 2059 in
1364 2018 1545 2059 Domino
1578 2017 1708 2059 iuuet.

325 2085 519 2127 Misimus
563 2084 660 2126 hinc
701 2088 878 2139 propter
919 2084 1220 2126 necessitatem
1263 2084 1308 2126 P.
1354 2083 1622 2124 Gerardum9
1664 2082 1865 2130 Romam,
1918 2082 1962 2122 et

207 2151 263 2193 M.
299 2150 513 2193 Simonem
546 2149 760 2199 Treuiros,
793 2153 1023 2202 vtrumque
1046 2150 1250 2191 lectorem
1273 2147 1589 2202 philosophiae:
1623 2146 1815 2188 misimus
1837 2158 1960 2199 prae-

206 2217 328 2257 terea
359 2215 416 2258 M.
441 2214 734 2268 Marquezium
749 2215 796 2264 10,
829 2213 1073 2255 Monuimus
1105 2227 1234 2266 saepe
1267 2227 1361 2254 cum
1388 2212 1696 2261 P.Visitatore,
1731 2209 1962 2252 lectoribus

208 2279 505 2333 philosophiae
522 2282 613 2321 tum
631 2279 711 2330 hic,
730 2282 822 2321 tum
840 2277 1101 2331 Jngolstadij
1122 2292 1227 2331 opus
1246 2291 1352 2327 esse,
1372 2276 1627 2330 praesertim
1645 2277 1692 2317 ut
1710 2275 1756 2318 P.
1775 2274 1962 2316 Henrico

208 2344 415 2394 Arboreo,
450 2344 520 2397 qui
554 2357 684 2398 supra
716 2344 830 2385 uires
861 2343 903 2384 in
938 2342 1116 2384 docendi
1148 2342 1295 2383 labore
1328 2355 1422 2382 cum
1455 2355 1531 2382 suo
1563 2340 1713 2381 morbo
1746 2341 1959 2388 versatur,

207 2409 361 2462 aliquis
378 2409 552 2450 tandem
571 2408 774 2450 succedat
790 2410 860 2450 11⁶.
892 2407 1018 2449 Nunc
1037 2406 1225 2461 seipsum
1249 2406 1418 2447 conficit
1440 2406 1496 2448 M.
1512 2405 1721 2458 Georgius
1736 2405 1769 2431 12
1792 2403 1958 2453 misere,

326 2489 353 2519 a)
374 2490 399 2513 A
415 2490 483 2514 Can.
498 2491 654 2513 correctum
674 2495 710 2512 ex
728 2486 915 2520 praestabat.
984 2485 1014 2517 b)
1036 2487 1095 2510 Hoc
1115 2494 1138 2511 v.
1152 2486 1344 2517 supplendum
1367 2493 1426 2510 esse
1446 2486 1521 2516 ipsa,
1541 2492 1613 2515 quae
1633 2484 1814 2514 antecedunt,
1833 2486 1868 2513 et,
1889 2491 1961 2514 quae

208 2533 378 2561 sequuntur,
398 2530 511 2555 Cani-ssi
532 2530 617 2554 verba
635 2529 723 2560 facile
743 2529 959 2559 demonstrant;
979 2535 1003 2551 v.
1024 2528 1107 2558 ‘infra
1124 2535 1154 2558 p.
1170 2528 1230 2551 458.
1314 2530 1338 2555 cl
1360 2527 1498 2558 Sequitur
1518 2525 1564 2556 de,
1584 2526 1787 2550 oblitteratam.
1864 2523 1894 2555 d)
1915 2525 1961 2549 Ita

209 2579 226 2595 α
247 2572 316 2596 Can.
336 2574 494 2596 correctum
514 2573 554 2595 est
574 2578 610 2595 ew
629 2569 744 2602 poterit
762 2569 815 2601 [ἓ]
897 2572 923 2600 e)
945 2570 992 2593 Ita
1013 2570 1080 2593 Can.
1101 2568 1227 2592 correaeit
1247 2576 1282 2592 ex
1302 2567 1411 2600 aliquis
1432 2566 1615 2592 succederet.

213 2665 318 2705 „Cam
340 2665 399 2698 10⁴
424 2677 456 2709 p.
476 2665 634 2705 69—76;
660 2666 786 2709 postea
808 2664 843 2697 in
862 2663 929 2697 hac
948 2663 1073 2706 regula
1091 2662 1212 2706 aliqua
1231 2662 1340 2696 verba
1366 2664 1505 2696 mutata
1531 2663 1633 2701 sunt;
1661 2661 1710 2694 ita
1736 2672 1797 2704 pro
1821 2659 1955 2701 „Laici“

210 2718 362 2761 positum
390 2720 462 2750 est:
497 2717 539 2759 „ii
566 2717 625 2761 qui
652 2717 857 2751 sacerdotes
882 2728 951 2750 non
978 2716 1114 2757 sunt“).

331 2770 341 2790 ¹
367 2769 405 2804 P.
432 2770 689 2814 Hieronymum
715 2769 891 2803 Natalem.

330 2823 341 2841 ‘2
368 2822 457 2856 Vide
484 2834 593 2867 supra
619 2835 652 2867 p.
680 2823 759 2856 442.
907 2822 918 2841 ³
943 2821 1034 2855 Vide
1060 2832 1169 2865 supra
1196 2833 1228 2865 p.
1257 2820 1335 2854 363.
1411 2820 1417 2823 ⁷
1481 2822 1491 2839 ⁴
1520 2819 1574 2853 Cf.
1600 2818 1699 2851 Hebr
1727 2818 1780 2858 13,
1808 2819 1838 2851 9.

333 2876 346 2894 ⁵
372 2874 472 2916 Vide,
500 2887 589 2919 quae
616 2876 658 2908 de
685 2875 750 2909 hac
777 2887 814 2909 re
840 2875 905 2909 sub
932 2875 1030 2919 ipsas
1056 2874 1164 2908 hasce
1190 2873 1331 2907 litteras
1359 2873 1530 2906 dicentur.

330 2928 341 2945 *³
367 2926 421 2960 Ex
459 2928 583 2961 horum
622 2931 807 2972 poetarum
845 2939 991 2961 numero
1027 2926 1169 2960 videtur
1206 2926 1319 2960 fuisse
1354 2924 1573 2969 Theophilus
1610 2923 1798 2965 Folengus,
1837 2924 1961 2956 auctor

216 2976 361 3021 „Operis
388 2980 663 3019 maccaronici“;
692 2980 774 3013 vide
799 2980 894 3013 infra
921 2991 974 3024 ep.
998 2979 1097 3013 1443.

331 3031 342 3049 Ἰ
369 3030 500 3064 Romae
526 3032 561 3065 in
588 3033 778 3066 Societatis
804 3032 953 3075 collegio
980 3031 1112 3065 litteris
1137 3031 1343 3072 studueram
1370 3031 1451 3064 vide
1477 3040 1585 3073 supra
1610 3040 1643 3073 p.
1671 3028 1749 3062 260.

332 3083 343 3101 s
368 3083 561 3123 Michonis;
589 3085 670 3118 vide
696 3096 805 3129 supra
830 3097 864 3129 p.
892 3085 959 3119 269
986 3084 1065 3119 299.
1210 3084 1223 3104 ‘³
1249 3083 1464 3122 Pastelium;
1493 3082 1575 3115 vide
1600 3092 1709 3125 supra
1735 3092 1767 3125 p.
1787 3081 1854 3115 385
1882 3080 1959 3114 391.

321 3135 346 3154 ¹⁰
370 3134 459 3168 Vide
486 3147 593 3179 supra
619 3149 651 3180 p.
680 3137 747 3171 363
774 3138 853 3171 396.

321 3188 344 3206 ¹¹
370 3186 404 3219 Is
431 3187 464 3219 in
491 3188 726 3222 universitate
753 3189 1024 3231 ingolstadiensi
1051 3188 1203 3231 logicam
1229 3188 1404 3222 tradebat.
1554 3186 1580 3206 ¹2
1604 3186 1731 3219 Bader.
