2045 3471
606 201 769 243 Augusta
794 199 901 234 Vind.
923 199 976 233 17.
997 198 1130 243 Aprilis
1159 199 1260 233 1567.
1720 201 1803 241 439

288 382 380 423 Pax
413 382 572 425 Christi
605 317 1121 425 adniodumJPtZSulerende
1155 382 1198 423 in
1231 382 1400 425 Christo
1433 384 1571 436 pater.

165 459 381 501 Hesterno
405 459 472 500 die
495 459 669 513 Dilinga
692 474 716 501 a
739 458 994 501 Reuerendo
1014 459 1059 501 P.
1079 458 1338 512 Prouincialj
1361 461 1543 501 uocatus
1560 459 1802 511 Augustam

47 524 159 577 uenj‚
203 524 274 577 quj
308 524 447 566 noluit
481 527 529 566 ut
562 524 613 566 de
646 524 774 566 rebus
805 523 966 566 nostris
999 523 1054 565 ad
1084 526 1205 566 tuam
1239 524 1289 566 R.
1314 524 1359 566 P.
1393 523 1639 574 scriberem,
1679 537 1804 577 prae-

48 588 170 643 cipue
211 592 360 631 tamen
401 588 693 642 explicarem¹²
726 587 786 643 [P]
831 588 1063 631 difficulter
1108 588 1386 631 sustinendas
1431 602 1525 630 esse
1570 602 1717 630 cruces
1761 591 1806 629 et

46 653 228 703 dolores,
271 652 425 706 quibus
456 654 740 696 molestamur
771 668 797 695 a
830 654 962 696 Patre
994 653 1081 695 Μ.1
1115 652 1431 702 concionatore,
1475 653 1546 706 quj
1580 653 1660 694 etsi
1698 666 1804 694 non-

44 732 263 770 nunquam
295 717 553 772 polliceatur
584 718 942 767 emendationem,
975 720 1123 760 tamen
1146 717 1326 759 subinde
1349 718 1402 759 ad
1425 716 1643 770 ingenium
1666 717 1805 758 redire

44 782 169 832 solet,
204 783 266 836 utj
291 782 439 824 diebus
462 782 579 824 hisce
612 782 675 824 bis
710 786 831 825 terue
863 783 1029 825 factum
1062 785 1142 832 est,
1175 797 1260 824 non
1293 782 1385 824 sine
1413 781 1588 836 aliqualj
1612 781 1804 830 infamia,

45 850 89 890 et
121 847 268 889 dolore
301 861 409 897 meo,
445 848 515 901 quj
551 861 767 900 nunquam
802 848 893 889 fere
926 847 1007 889 hac
1038 847 1082 889 in
1115 850 1240 901 parte
1272 861 1450 889 securus
1482 861 1588 889 sum.
1653 846 1806 888 Adfuit

45 912 176 954 etiam
209 911 423 965 Monachij
459 926 513 953 ex
545 912 688 966 patria
722 926 801 954 sua
824 913 869 954 P.
894 913 1086 954 Joannes
1114 912 1401 954 Wischerius2
1433 911 1475 953 in
1509 911 1672 953 vestitu
1694 910 1805 952 mili-

43 978 143 1031 tarj,
177 979 225 1019 ut
257 977 336 1031 sibj
371 977 423 1018 de
455 976 600 1030 aliqua
631 977 838 1031 parochia
870 978 982 1031 apud
1007 977 1213 1019 Dominos
1240 977 1490 1031 prouideret
1502 979 1531 1026 3,
1565 990 1690 1029 quem
1720 975 1805 1017 dis—

45 1042 199 1084 cedere
230 1042 328 1084 hinc
368 1041 526 1095 coegib,
569 1056 622 1083 ne
654 1041 696 1083 in
729 1042 875 1096 plures
912 1043 1062 1085 turbas
1103 1042 1401 1085 incideremus
1464 1041 1643 1084 Jnuidet
1683 1040 1805 1083 nobis

45 1107 224 1157 Sathan,
269 1108 446 1161 propter
478 1106 743 1159 singularem
776 1107 964 1149 fructum
999 1107 1270 1161 spiritualem
1303 1121 1429 1160 quem
1463 1106 1653 1160 quotidie
1686 1105 1805 1147 colli-

43 1171 197 1225 gimus.
252 1171 469 1225 Siquidem
501 1171 583 1214 hac
616 1172 948 1225 quadragesima
971 1172 1173 1225 permulti
1196 1171 1421 1225 vtriusque
1443 1185 1574 1213 sexus
1596 1171 1803 1220 homines,

45 1240 89 1279 et
121 1236 290 1290 quidem
323 1236 556 1278 nobiliores
588 1250 644 1278 ex
675 1236 891 1291 profunda
925 1239 969 1279 et
1001 1236 1247 1279 inueterata
1288 1236 1457 1278 haeresi
1500 1237 1554 1278 ad
1596 1235 1804 1277 ecclesiae

44 1301 253 1354 gremium
286 1301 520 1352 redierunt,
554 1304 598 1344 et
631 1315 656 1343 a
687 1301 847 1343 nostris
881 1301 1139 1344 catechizati
1161 1304 1263 1344 sunt
1286 1336 1295 1345 .
1319 1303 1451 1354 atque
1474 1301 1580 1343 adeo
1603 1300 1801 1343 confessi.

44 1367 126 1408 Per
148 1367 260 1408 idem
283 1366 642 1419 quadragesimae
664 1369 837 1420 tempus
859 1366 1132 1420 poenitentes
1156 1366 1382 1408 habuimus
1407 1367 1535 1416 2323,
1570 1365 1646 1408 sed
1667 1366 1803 1408 multo

43 1431 211 1485 plures⁰
239 1431 275 1473 si
298 1432 442 1486 plures
464 1431 650 1473 fuissent
673 1431 856 1485 operarij
882 1432 1143 1474 sacerdotes
1208 1431 1442 1473 Conoiones
1464 1431 1506 1472 in
1530 1430 1681 1472 maiori
1704 1432 1806 1472 sunt

44 1496 151 1538 flore
180 1510 308 1549 quam
341 1501 472 1539 antea
504 1510 706 1549 vnquam,
740 1499 789 1538 vt
821 1510 930 1550 pene
963 1510 1111 1538 omnes
1144 1496 1414 1538 affirmant4:
1449 1496 1532 1537 Sed
1555 1498 1599 1538 et
1620 1495 1663 1537 in
1687 1499 1805 1538 cate-

44 1561 206 1603 chismo
239 1575 324 1603 non
355 1575 507 1615 parum
540 1564 694 1604 auctus
727 1564 794 1603 est
826 1575 1029 1603 numerus
1061 1561 1305 1604 auditorum
1318 1562 1347 1603 5.
1413 1561 1576 1603 Eodem
1608 1562 1804 1614 tempore

45 1627 127 1668 duo
150 1626 327 1668 Fratres
351 1626 532 1668 diuersis
556 1626 597 1668 in
620 1626 745 1681 pagis
768 1629 869 1669 sunt
901 1626 1156 1680 concionatj,
1191 1626 1244 1668 ob
1275 1625 1498 1680 penuriam
1530 1625 1803 1668 sacerdotum

43 1691 86 1732 in
118 1694 207 1734 tam
242 1692 386 1746 ampla
418 1705 571 1733 messe.
637 1691 722 1745 Alij
756 1691 798 1733 in
831 1691 1119 1745 Xenodochijs
1152 1694 1196 1734 et
1228 1691 1340 1745 apud
1374 1691 1564 1732 infirmos
1596 1690 1728 1744 uarijs
1760 1691 1803 1732 in

43 1756 161 1807 locis,
196 1757 309 1798 vnde
342 1771 426 1798 non
459 1770 611 1810 parum
645 1757 783 1799 creuit
815 1756 884 1798 hic
916 1756 1085 1797 diuinus
1118 1757 1271 1798 cultus.
1336 1756 1402 1798 Sit
1433 1756 1524 1797 Deo
1557 1756 1663 1799 laus.

161 1821 334 1876 Elapsis
367 1821 515 1863 diebus
546 1822 722 1863 tandem
766 1822 1013 1863 conclusere
1045 1821 1230 1871 Domini,
1273 1822 1325 1862 de
1365 1835 1451 1862 non
1491 1820 1804 1863 constituendis

41 1886 164 1928 nouis
197 1886 355 1928 scholis
387 1888 566 1940 propter
599 1886 775 1929 Patrum
811 1886 1103 1935 difficultates,
1147 1899 1254 1938 quas
1296 1885 1547 1938 frequenter
1578 1885 1802 1927 intellexe-

41 1952 192 1993 runtssz
218 1951 513 1994 Promiserunt
534 1954 683 1993 tamen
705 1951 1020 1994 Domunculam
1039 1951 1229 2004 Collegio
1252 1954 1501 2004 separatam
1524 1964 1600 2004 pro
1623 1950 1803 1992 infirmis

41 2016 251 2059 fratribus
284 2016 464 2059 nostris:
498 2017 602 2058 item
634 2017 807 2070 plenum
840 2016 954 2058 horti
987 2030 1124 2064 Vsum,
1169 2017 1213 2057 et
1244 2015 1409 2057 fontem
1442 2015 1485 2056 in
1517 2014 1656 2056 medio
1688 2015 1803 2057 horti

41 2081 191 2124 nostri.
255 2081 311 2122 Hi
344 2095 449 2123 sane
481 2095 684 2135 magnam
717 2095 820 2135 ergo
854 2095 931 2123 nos
965 2080 1188 2122 declarant
1218 2080 1535 2123 humanitatem
1576 2082 1620 2121 et
1661 2079 1800 2121 chari—

40 2149 190 2189 tatem.
245 2146 447 2188 Feliciter
480 2150 578 2189 acta
611 2149 678 2188 est
709 2149 860 2188 nostra
881 2145 1110 2187 Comoedia
1145 2145 1257 2199 apud
1279 2144 1629 2187 Jllustrissimum
1654 2144 1800 2186 Princ:

43 2212 90 2252 2Ο
121 2211 164 2252 in
196 2214 349 2253 senatu
384 2211 530 2260 ciuico,
567 2214 611 2253 et
644 2212 690 2253 30
722 2225 866 2253 coram
890 2211 1070 2265 populo:
1105 2209 1300 2251 omnibus
1334 2209 1493 2264 optime
1526 2209 1800 2251 satisfactum

160 2302 188 2333 a)
212 2303 368 2328 Obscurius
387 2303 536 2334 scriptum.
649 2302 677 2331 b)
699 2304 723 2327 A
745 2304 839 2334 Mensa.
860 2305 1018 2327 correctum
1040 2310 1075 2326 es
1095 2300 1211 2333 collegi.
1322 2302 1347 2331 c)
1369 2301 1567 2333 Supplendum
1590 2308 1649 2325 esse
1670 2301 1800 2326 dixeris.-

42 2342 264 2370 habuissemus.

165 2465 171 2482 ἓ
200 2462 353 2496 Martino
373 2460 626 2502 Stevordian0;
655 2462 714 2505 qui
741 2462 888 2495 liberius
907 2461 1064 2502 vivebat,
1093 2461 1246 2505 potando
1273 2463 1359 2500 etc.;
1388 2472 1422 2494 V.
1442 2471 1550 2504 supra
1576 2472 1607 2504 p.
1631 2460 1695 2494 158
1720 2459 1799 2494 324.

160 2521 172 2541 2
199 2520 409 2555 Vischerius
431 2519 624 2563 (Piscator)
648 2532 692 2553 ex
711 2520 1007 2563 VVurttemberga
1030 2522 1129 2553 ortus
1149 2522 1226 2554 erat
1247 2520 1352 2561 (Can.
1373 2519 1422 2552 ΙΙΙ
1441 2518 1535 2552 267⁰.
1572 2518 1660 2562 Epp.
1679 2519 1801 2552 Nadal

41 2574 74 2607 H
101 2574 198 2616 566).
249 2572 300 2606 De
327 2585 367 2607 eo
394 2585 428 2607 v.
458 2574 545 2607 Can.
573 2572 623 2606 IV
651 2574 716 2607 735
745 2573 823 2607 741.

160 2634 173 2653 ³
200 2631 431 2666 Consiliarios
459 2631 597 2665 Albcrti
623 2632 665 2666 V.
701 2632 893 2675 significat.
944 2632 1121 2666 Bavariae
1157 2632 1306 2665 ducibus
1341 2630 1497 2675 amplum
1534 2629 1709 2673 quoddam
1745 2630 1800 2664 ius

41 2688 118 2719 erat
143 2685 302 2719 homines
329 2684 373 2718 ad
400 2684 571 2718 beneficia
598 2684 843 2719 ecclesiastica
868 2685 1141 2730 praesentandi3
1170 2685 1214 2718 cf.
1247 2685 1332 2718 Can.
1362 2684 1410 2716 111
1438 2682 1516 2716 380.

159 2746 171 2764 ⁴
197 2743 341 2777 Fratres
373 2743 506 2777 ordinis
534 2743 771 2777 Eremitarum
799 2742 834 2777 S.
860 2743 1053 2787 Augustini
1090 2755 1197 2777 unum
1224 2742 1348 2786 templi
1384 2742 1437 2775 sui
1473 2741 1586 2775 altare
1613 2740 1725 2774 Sociis
1755 2741 1797 2775 ad

39 2808 181 2831 sacrum
215 2796 417 2830 faciendum
453 2799 488 2829 et
523 2807 661 2829 sacram
697 2796 950 2830 eucharistiam
988 2796 1259 2830 ministrandam
1296 2795 1563 2833 concesserant;
1604 2793 1638 2827 in
1677 2794 1798 2828 eodem

39 2849 172 2894 templo
199 2848 290 2883 Socii
317 2849 441 2882 diebus
468 2849 582 2882 sacris
608 2848 905 2882 contionabantur
930 2851 965 2882 et
991 2848 1234 2882 confessiones
1261 2847 1486 2891 excipiebant
1514 2846 1619 2888 (Can.
1644 2846 1674 2879 11
1700 2846 1798 2890 876).

41 2901 128 2936 Eam
154 2902 353 2936 contionem
380 2902 418 2935 P.
439 2901 571 2935 Paulus
598 2901 769 2935 Hoffaeus
796 2901 947 2935 habebat
977 2901 1073 2943 (vido
1100 2912 1209 2945 supra
1236 2912 1268 2944 p.
1296 2900 1392 2942 325).
1428 2899 1479 2933 De
1506 2899 1544 2933 l'.
1564 2899 1799 2934 Stevordiano

42 2956 230 2998 Menyinus
255 2954 442 2988 Monachio
468 2954 523 2988 26.
552 2953 733 2987 Februarii
763 2954 850 2988 1567
879 2954 1031 2997 Borgiae
1058 2953 1298 2997 *sci-ipsei-at:
1337 2952 1395 2994 „R
1423 2952 1600 2986 Martinus
1625 2953 1668 2986 ad
1695 2952 1797 2995 8000,

44 3007 99 3051 (ut
123 3008 192 3041 uiri
217 3008 399 3052 sapientes
424 3007 539 3049 aiunt)
567 3007 747 3040 auditores
774 3006 881 3040 habet
907 3007 942 3040 in
970 3007 1072 3039 diuae
1091 3005 1262 3048 Virginis,
1290 3008 1326 3039 et
1352 3005 1492 3049 quidem
1516 3005 1621 3039 huius
1639 3005 1798 3040 ciuitatis

41 3061 251 3105 praecipuos
277 3061 374 3094 ciues
400 3072 441 3094 ac
467 3059 623 3093 nobiles*
658 3061 717 3102 (ex
745 3062 903 3102 autogr:
936 3059 998 3101 „Gn
1028 3058 1088 3103 Ep.
1118 3058 1232 3092 V111.“
1265 3059 1287 3092 f.
1315 3058 1429 3101 223b).

161 3119 173 3138 ⁵
199 3118 464 3153 Catechismum
484 3118 576 3152 Socii
596 3118 721 3152 diebus
738 3119 852 3152 sacris
872 3118 905 3151 in
924 3117 1057 3151 sacello
1076 3118 1109 3151 S.
1125 3117 1263 3151 Nicolai
1282 3116 1509 3162 explicabant
1527 3116 1633 3160 (Can.
1650 3118 1681 3151 II
1699 3118 1796 3161 876).

161 3177 173 3196 ⁶
200 3177 477 3211 Contubernium
506 3177 789 3211 adulescentium
816 3175 987 3210 nobilium
1015 3176 1203 3210 aedificare
1232 3175 1439 3215 voluerant;
1473 3187 1505 3209 V.
1531 3187 1639 3221 supra
1665 3187 1698 3220 p.
1716 3176 1796 3210 437.
