2045 3471
295 220 395 254 1375.
422 217 592 253 Nicolaus
618 216 774 252 Lanoius
801 214 953 249 Canisio.
1006 212 1204 257 Oeniponte
1231 221 1275 243 m.
1302 209 1391 243 Nov.
1424 207 1522 242 1566.
1711 208 1793 248 355

41 339 263 384 mandarci
296 339 336 380 al
370 337 551 390 Signore
584 336 686 378 nelli
719 334 811 377 suoi
845 331 1048 385 Sacrificij
1093 332 1136 372 et
1167 329 1279 371 nelle
1314 326 1497 370 orationi
1529 324 1569 367 di
1603 327 1722 368 tutta
1753 324 1795 366 la

42 403 317 459 Compagnia.
382 403 434 444 Di
467 401 643 454 Dilinga
676 400 750 442 alli
784 401 836 441 15
871 397 911 439 di
943 395 1191 439 Nouembre
1225 394 1353 435 1566.

982 473 1115 516 Seruo
1148 470 1190 511 in
1223 469 1392 511 Christo
1428 468 1470 510 P.
1495 466 1677 509 Canisio.

161 558 188 609 †
229 557 283 598 Al
316 556 452 598 Molto
486 553 738 596 Reuerendo
780 552 823 593 in
856 550 1025 593 Christo
1059 547 1198 590 Padre
1259 545 1294 587 ll
1326 545 1372 587 P.
1397 544 1453 587 M.
1478 544 1716 585 Francesco
1758 542 1799 584 di

44 623 217 677 Borgia,
253 618 550 675 [Praepo]sito
584 617 769 660 Genera]
803 616 915 658 della
947 611 1212 667 Compagnia
1244 610 1285 652 di
1315 609 1458 652 Giesu
1511 609 1567 649 ‚Jn
1589 608 1739 649 Roma.

163 709 243 744 Una
269 719 350 742 cum
374 706 431 740 his
466 706 599 740 litteris
625 705 774 738 Romam
800 703 843 737 ad
872 701 1040 744 Borgiam
1074 700 1184 734 missa
1210 700 1266 732 est
1301 695 1456 742 epistula
1482 694 1626 737 Dilinga
1662 694 1716 728 14.
1733 693 1801 727 No-

45 763 203 798 vembris
231 761 322 796 1566
347 771 368 794 a
394 760 433 793 P.
453 759 671 802 Hieronymo
697 755 827 790 Natale
853 755 1041 789 visitatore
1078 752 1120 786 ad
1157 750 1306 785 eundem
1342 749 1437 790 data,
1473 748 1508 781 in
1544 758 1614 791 qua
1640 747 1670 780 is
1704 746 1802 785 haec,

45 818 188 862 praeter
213 814 294 854 alia,
321 811 610 847 commendabat:
638 809 797 843 Societas
823 811 885 842 aut
911 805 1150 841 confessarios
1176 815 1260 839 suos
1286 814 1307 837 a
1332 801 1558 845 Magdalem,
1593 799 1802 842 Margarita,

47 869 183 904 Helena.
208 865 465 902 archiducissis
490 864 631 898 omnino
659 863 809 903 auferat,
837 863 899 895 aut
925 860 1053 894 saltem
1073 858 1239 893 continuo
1265 857 1384 897 instet,
1412 856 1452 888 ut
1476 854 1591 888 tribus
1613 852 1687 886 illis
1712 863 1804 885 unus

47 920 288 957 confessarius
315 917 511 953 communis
538 916 595 950 sit.
638 915 871 949 Ducissarum
890 915 1008 947 autem
1036 910 1246 945 florentinae
1273 911 1308 943 et
1333 907 1560 942 ferrariensis
1585 905 1806 943 confessarii,

49 974 140 1019 quod
159 974 203 1009 ad
222 983 353 1007 annum
370 972 510 1005 tantum
530 969 618 1014 ipsis
635 968 801 1013 promissi
821 967 894 1001 sint
911 966 1013 1009 isque
1032 975 1146 998 annus
1160 975 1205 997 m.
1220 961 1412 996 Novembri
1432 972 1463 994 a.
1480 959 1569 993 1566
1583 958 1805 997 terminetur,

48 1030 84 1063 in
103 1026 332 1063 Germaniam
358 1025 589 1062 revocentur;
618 1021 744 1066 quodsi
771 1019 1010 1055 confessarios
1037 1018 1079 1051 de
1099 1017 1277 1051 Societate
1300 1015 1464 1049 ducissae
1490 1012 1620 1047 habere
1647 1014 1682 1045 et-
1707 1021 1805 1056 prae-

50 1082 188 1127 positus
215 1078 394 1123 generalis
420 1075 612 1111 concedere
638 1073 829 1111 voluerint,
859 1072 1092 1115 collegiorum
1119 1069 1260 1103 illorum
1285 1070 1444 1102 rectores
1470 1077 1509 1100 eo
1535 1075 1681 1099 munere
1705 1062 1808 1106 fungi

50 1136 235 1180 poterunt:
268 1143 351 1166 nam
386 1130 550 1164 ducissae
585 1128 668 1162 illae
701 1127 771 1161 iam
800 1126 918 1160 sciunt
952 1124 1092 1163 italice:
1130 1121 1338 1156 confessarii
1375 1120 1485 1163 igitur
1511 1117 1682 1161 germani,
1717 1128 1808 1161 quas

50 1199 144 1222 nunc
169 1186 311 1226 habent,
338 1184 521 1227 negotium
547 1181 644 1216 istud
671 1191 751 1214 cum
777 1179 821 1213 iis
846 1178 1055 1212 tractabunt
1083 1176 1185 1220 (Epp.
1205 1175 1326 1209 Nadal
1349 1173 1399 1207 IH
1427 1172 1523 1214 309).

169 1238 311 1273 Natalis
344 1237 401 1271 his
435 1235 567 1270 litteris
594 1233 756 1268 adiunxit
793 1231 969 1276 epistulae
996 1229 1222 1274 germanicae
1249 1226 1447 1271 Oeniponte
1482 1224 1547 1258 sub
1574 1224 1728 1257 medium
1763 1234 1809 1256 111.

53 1293 243 1329 Octobrem
273 1291 362 1326 1566
389 1301 409 1324 a
427 1288 645 1332 Magdalena
671 1285 916 1320 archiducissa
943 1283 986 1317 ad
1014 1283 1052 1316 P.
1073 1282 1239 1316 loannem
1259 1279 1429 1324 Dyrsium
1448 1277 1480 1312 S.
1500 1277 1532 1311 J.
1552 1276 1808 1311 confessarium

52 1359 157 1383 suum
191 1346 296 1380 datae
330 1342 531 1378 versionem
567 1340 716 1375 latinam
754 1349 903 1381 eamque
938 1347 1045 1370 manu
1081 1334 1213 1369 Canisii
1248 1333 1420 1377 scriptam
1450 1331 1573 1374 (atque
1608 1330 1652 1364 ab
1687 1330 1809 1363 eodem

56 1421 98 1424 —
116 1400 152 1434 id
177 1399 268 1433 satis
293 1399 430 1432 certum
456 1397 511 1429 est
528 1412 573 1417 —
591 1392 760 1435 factam);
789 1402 860 1435 qua
886 1389 1041 1434 epistula
1059 1387 1275 1430 Magdalena
1300 1388 1444 1429 gratum
1471 1383 1699 1426 significabat
1725 1393 1811 1425 erga

53 1452 219 1488 Natalem
246 1450 412 1489 animum,
439 1447 532 1492 quod
558 1446 589 1480 is
615 1448 764 1491 peccata
790 1443 920 1488 Dyrsio
947 1440 1139 1476 confitendi
1166 1440 1201 1473 in
1226 1441 1410 1484 posterum
1436 1447 1576 1480 quoque
1602 1435 1811 1469 facultatem

54 1506 121 1541 sibi
140 1503 396 1543 concessisset;
423 1499 529 1536 simul
546 1511 610 1544 per
627 1497 797 1543 Dyrsium
815 1495 980 1530 Natalem
1000 1494 1160 1537 rogabat,
1186 1504 1229 1526 ne
1248 1491 1447 1534 Margarita
1465 1500 1564 1523 soror
1587 1488 1762 1530 „sinatur.
1780 1516 1787 1522 .
1803 1514 1810 1521 .

56 1569 194 1594 mecum
221 1568 327 1600 agere
346 1583 353 1590 .
375 1582 381 1589 .
401 1582 407 1589 .
428 1555 470 1588 de
496 1552 666 1587 mutando
685 1549 903 1586 confessario
926 1547 1038 1587 meo‘,
1065 1557 1106 1580 ac
1125 1545 1225 1579 varia
1252 1544 1342 1578 dona
1369 1543 1482 1577 eidem
1510 1541 1676 1575 mittebat
1692 1540 1812 1574 Natali

60 1612 134 1656 (qui
162 1610 280 1645 omnia
305 1606 517 1650 recusavit).
569 1605 702 1640 Canisii
728 1603 846 1637 versio
873 1602 993 1635 exstat
1018 1600 1052 1633 in
1081 1599 1168 1643 Epp.
1188 1598 1308 1631 Nadal
1334 1596 1383 1630 III
1412 1594 1607 1630 784—785.

173 1663 324 1705 Borgias
351 1660 494 1695 Canisio
519 1657 703 1703 respondit
729 1657 761 1690 3.
780 1653 989 1690 Decembris
1018 1652 1119 1686 1566.

57 1784 206 1821 1375.
302 1781 363 1818 P.
390 1776 731 1817 NIGOLAUS
757 1772 1053 1811 LANOIUS
1082 1772 1134 1808 S.
1162 1770 1233 1814 J„
1261 1770 1404 1813 collegii
1431 1767 1658 1813 oeuipontani
1684 1769 1811 1809 rector,

247 1834 447 1871 CANISIO.
675 1830 873 1875 Oeniponte
900 1827 1006 1873 paulo
1032 1828 1114 1872 post
1139 1824 1295 1859 medium
1323 1835 1367 1857 m.
1395 1821 1635 1857 Novembrem
1664 1821 1765 1855 1566.

177 1907 230 1941 Ex
255 1904 479 1949 autographa
505 1902 626 1936 Lanoii
654 1901 697 1934 ad
724 1900 891 1942 Borgiam
919 1895 1084 1942 epistula.
1140 1894 1202 1936 „Gn
1222 1894 1284 1938 Ep.
1304 1892 1392 1928 VH‘
1424 1892 1448 1927 f,
1467 1891 1562 1925 207³.

178 1978 407 2012 scholasticos
429 1986 494 2018 per
519 1974 557 2006 P.
578 1972 740 2006 Natalem
758 1970 878 2013 Praya
907 1970 942 2001 ln
970 1967 1203 2001 Germaniam
1227 1965 1445 2008 superiorem
1472 1964 1593 1995 missos
1619 1965 1648 1994 et
1675 1961 1814 2002 colleyio

59 2033 291 2074 oenipontano
326 2029 525 2069 destinatos,
559 2028 619 2068 qai
646 2023 862 2067 Inyolstadz'o
891 2022 1114 2064 Oem'pontem
1134 2019 1336 2062 petiverint,
1369 2017 1428 2050 sed
1454 2016 1495 2049 ob
1516 2015 1750 2058 pestilentiam
1778 2014 1814 2045 in

60 2096 133 2119 eam
162 2084 279 2117 arbem
306 2083 469 2124 illapsam
495 2090 537 2112 ecc
573 2079 696 2111 itinere
723 2077 904 2118 redierint,
942 2075 1012 2107 lam
1044 2083 1144 2116 posse
1170 2072 1285 2112 mitti,-
1316 2069 1516 2113 pericnlum
1542 2068 1633 2100 enim
1659 2074 1813 2099 cessasse.

180 2144 218 2176 P.
237 2141 406 2175 Nicolaus
431 2139 595 2172 Lanoins
621 2138 658 2170 S.
677 2136 725 2179 J„
762 2135 896 2177 colleyil
921 2132 1152 2176 oenipontani
1178 2134 1302 2172 rector,
1338 2129 1379 2161 de
1405 2132 1572 2171 qztaltuor
1608 2126 1677 2158 illis
1703 2126 1813 2158 Socie-

59 2199 142 2231 tatc's
166 2194 345 2238 fratribus
368 2191 596 2233 scholasticis,
623 2200 709 2233 qnos
726 2189 764 2221 P.
783 2187 926 2221 Natalis
952 2187 1112 2219 visitator
1129 2195 1172 2217 ex
1189 2183 1331 2225 colleyio
1352 2182 1524 2224 J»·(lye1zsl
1543 2179 1815 2221 e‘nproclnelam

64 2249 279 2284 Germaniae
311 2245 508 2288 superioris
547 2242 686 2276 Canlsil
717 2240 916 2284 praepositi
949 2237 1185 2282 provincialis
1223 2240 1350 2278 royata
1389 2235 1532 2266 miserat
1571 2232 1666 2272 (vide
1703 2241 1813 2273 snpra

59 2316 95 2348 p.
114 2305 216 2345 293),
257 2300 446 2342 Oeniponte
476 2299 532 2330 20.
553 2295 758 2329 Novembris
786 2295 876 2327 1566
900 2293 1050 2325 Romam
1085 2291 1132 2324 ad
1160 2290 1194 2322 S.
1214 2289 1449 2322 Franciscnm
1484 2287 1525 2318 de
1550 2285 1683 2326 Bor-yla
1716 2294 1816 2326 prae-

62 2357 214 2400 positam
238 2352 434 2397 yeneralem
461 2350 616 2383 rettulit.-
642 2349 805 2392 „Quanto
831 2357 853 2379 a
879 2349 994 2389 questo
1023 2343 1174 2386 Colleqio
1195 2369 1200 2375 .
1222 2369 1228 2375 .
1250 2368 1257 2374 .
1282 2342 1314 2374 si
1340 2343 1562 2383 espettanano
1589 2342 1714 2380 quatro
1738 2336 1816 2378 fra-

63 2410 135 2444 telli
161 2408 276 2441 venuti
301 2417 324 2438 a
349 2403 575 2446 Jnyolstadlo
601 2402 638 2434 di
666 2401 784 2443 Praya
804 2410 872 2442 per
899 2399 1024 2432 ordine
1050 2397 1104 2430 del
1133 2396 1170 2428 Ρ.
1192 2395 1388 2435 Visitcaore,
1425 2403 1481 2424 ma
1512 2391 1651 2424 essendo
1681 2390 1817 2432 partito

63 2463 114 2497 eol
141 2461 257 2494 Padre
284 2456 512 2492 Prouinciale
541 2455 686 2488 Canislo
719 2454 757 2485 dl
791 2463 873 2495 qna,
907 2460 1130 2494 sopranenne
1157 2459 1199 2480 cn
1218 2446 1404 2490 principio
1437 2445 1476 2477 (li
1509 2443 1737 2476 tribulatione
1763 2442 1817 2474 nel

64 2515 231 2550 suburbio
257 2513 295 2545 di
321 2515 438 2555 questa
464 2508 533 2542 clm
558 2507 787 2550 seoprendose
812 2505 848 2537 la
868 2508 963 2547 peste
988 2503 1081 2537 nella
1108 2512 1189 2535 casa
1215 2501 1269 2533 del
1295 2500 1431 2532 boam-o
1466 2497 1557 2530 della
1584 2500 1675 2529 corte
1709 2499 1738 2527 et
1764 2495 1818 2527 del

70 2569 218 2611 Colleyio
245 2570 389 2599 nostro.
410 2574 452 2595 vn
477 2562 517 2594 dl
542 2562 568 2593 lc'
594 2560 686 2593 mori
703 2570 745 2592 vn
763 2559 936 2591 sernltore
956 2557 981 2590 il
1007 2556 1110 2600 quale
1136 2555 1198 2588 col’
1216 2564 1280 2586 sno
1302 2556 1454 2595 patrone
1480 2551 1564 2583 dnol
1582 2559 1600 2581 o
1623 2553 1675 2581 tre
1697 2548 1820 2590 qe'ornj

67 2622 194 2656 auanti
220 2620 278 2652 che
304 2628 433 2651 morsse
459 2626 520 2648 era
545 2617 635 2647 stato
661 2613 755 2645 nella
781 2612 927 2644 eantina
953 2611 991 2643 di·
1026 2613 1143 2653 questo
1172 2607 1322 2650 Colleyc'o
1357 2616 1418 2638 con
1446 2605 1473 2636 lc*
1501 2603 1613 2636 nostrl
1644 2612 1708 2644 per
1743 2611 1817 2633 rac-

68 2676 229 2709 conce'are
263 2672 348 2705 certi
382 2670 457 2702 vasi
491 2672 549 2700 etc.
577 2671 606 2699 et
632 2665 792 2698 anchora
826 2664 1009 2697 more'srono
1044 2662 1130 2694 (lnoi
1160 2660 1254 2702 palti
1290 2659 1327 2691 in
1363 2657 1477 2701 quella
1513 2656 1696 2688 ›nedesima
1727 2664 1818 2694 casa,

68 2728 164 2761 Vnde
186 2737 250 2770 per
276 2725 400 2758 ordine
417 2721 471 2754 del
490 2721 700 2763 Reye'mento,
725 2719 757 2750 se?
779 2718 880 2759 parti?
906 2717 943 2748 dc·
969 2715 1004 2747 la
1031 2714 1107 2758 quel
1134 2714 1269 2746 botlaro
1288 2722 1350 2744 con
1371 2711 1404 2742 la
1429 2720 1495 2742 sna
1522 2708 1644 2751 moyle'e
1670 2712 1697 2739 et
1724 2707 1819 2739 altra

67 2780 233 2824 fameylia
260 2783 288 2811 et
313 2778 355 2819 fn
381 2775 589 2816 lransferc'lo
617 2773 653 2803 in
681 2781 747 2803 ona
773 2774 867 2802 certa
893 2779 976 2801 casa
1009 2767 1190 2809 fabricata
1216 2766 1263 2797 (la
1290 2774 1380 2797 nono
1404 2773 1469 2805 per
1493 2765 1587 2793 stare
1622 2761 1647 2792 lc
1672 2760 1820 2802 apestatl

70 2845 114 2866 vn
134 2841 266 2876 paon-co
293 2831 439 2863 lontana
465 2828 556 2859 della
582 2830 691 2866 terra,
728 2823 801 2855 Lai
834 2821 1033 2863 finalmente
1068 2824 1097 2851 et
1133 2819 1169 2851 la
1194 2827 1261 2850 sna
1287 2816 1410 2859 moylle
1435 2819 1463 2847 et
1499 2814 1584 2846 ‹lnoc'
1609 2824 1628 2845 ο
1653 2817 1705 2845 tre
1734 2812 1822 2854 altrj

70 2896 154 2920 sono
180 2885 285 2926 mortj
310 2880 541 2915 risanandosi
567 2877 713 2918 alchunj
738 2877 842 2908 etiam
863 2873 1128 2917 persenerando
1163 2872 1189 2903 li
1215 2870 1301 2902 altri
1326 2879 1431 2901 sema
1460 2867 1632 2907 infirmita
1659 2876 1819 2908 nessuna,

73 2940 120 2973 Jo
144 2938 188 2972 lto
212 2937 333 2971 scritto
359 2936 467 2978 queste?
499 2933 620 2976 yiorni
646 2931 681 2962 al
707 2929 744 2961 P.
766 2927 992 2961 Prone'ncIale
1018 2925 1076 2958 che
1101 2926 1133 2957 si
1162 2933 1314 2966 possono
1340 2921 1512 2953 mccndare
1546 2918 1652 2962 <suelli
1684 2919 1821 2960 fratelli

73 2992 200 3035 liqnall
226 2999 334 3023 erano
356 2988 469 3031 yiontc'
496 2986 589 3018 insin
616 2995 636 3016 a
656 2981 843 3016 Momm-hio
865 2979 1064 3022 pervenire
1090 2976 1159 3020 qna
1185 2987 1240 3008 ma
1266 2976 1402 3008 tornati?
1427 2976 1463 3006 in
1489 2973 1602 3006 ‹lt-leto
1621 2983 1688 3015 per
1704 2975 1822 3015 questo

77 3054 166 3078 nono
201 3041 364 3086 ρι’νίεοίο,
399 3040 538 3073 essendo
573 3048 664 3070 come
698 3036 778 3067 [καί
812 3042 972 3075 speranza
1009 3031 1085 3074 quel
1115 3030 1300 3072 praecipio
1335 3028 1372 3059 dl
1397 3028 1501 3068 faoco
1531 3037 1597 3069 per
1630 3026 1666 3058 la
1696 3026 1822 3058 diuina

73 3097 192 3141 qratia
227 3096 264 3128 dl
298 3094 460 3127 maniera
493 3094 681 3131 smorzato,
718 3087 776 3119 che
811 3096 880 3118 non
909 3094 1065 3127 passura
1101 3083 1146 3115 ad
1181 3082 1271 3113 altre
1297 3090 1372 3112 case
1398 3084 1426 3111 et
1451 3081 1482 3111 si
1508 3078 1677 3119 confirma
1703 3082 1821 3121 questa

77 3159 254 3183 commane
278 3157 453 3190 speranza
476 3155 539 3187 per
557 3147 675 3186 questa
695 3139 862 3182 rapsacem
887 3138 945 3170 che
971 3137 1048 3179 quel
1076 3135 1164 3167 male
1182 3134 1380 3175 contayioso
1409 3142 1475 3165 non
1496 3142 1627 3174 και-(μω
1654 3132 1688 3163 ln
1707 3130 1819 3173 quella

78 3212 158 3234 casa
185 3193 241 3234 ma
267 3201 310 3242 fn
335 3202 520 3241 apportato
547 3197 591 3228 da
620 3194 696 3237 quel
722 3193 893 3225 serm'tore
919 3190 976 3222 che
1004 3191 1040 3221 in
1067 3198 1140 3220 essa
1167 3184 1288 3228 morjf

1471 3242 1540 3276 23*
