2045 3471
181 188 264 228 702
638 184 732 219 Μοῐιζ
753 185 822 219 774
847 184 925 219 sive
951 185 1050 221 herb.
1072 185 1137 228 (9).
1181 185 1236 219 22.
1257 184 1358 219 Febr.
1381 185 1482 219 1567.

178 302 378 336 contionem
404 301 590 343 habuerit;
616 302 652 337 hi
680 302 773 337 enim
799 303 874 337 dies
901 314 943 337 ea
968 304 1087 337 aetate
1118 303 1179 345 „de
1205 303 1416 347 praecepto“
1445 302 1539 336 sacri
1565 304 1677 336 erant.
1727 303 1821 337 Ante
1848 303 1941 337 diem

177 357 296 389 autem
324 356 356 388 6.
375 355 511 399 Aprilis
536 355 614 390 sive
645 355 885 397 ⁷,Dominicam
912 356 948 390 in
975 356 1095 390 Albis“
1128 355 1312 400 Herbipoli
1338 355 1548 389 discessisse
1574 355 1727 390 videtur.

294 408 479 452 Herbipoli
505 408 571 442 has
590 408 723 443 Canisii
750 409 933 443 contiones
959 409 1140 443 audivisse
1160 411 1195 442 et
1221 421 1283 453 per
1301 420 1372 449 eas,
1399 412 1439 442 ut
1457 409 1500 442 ad
1520 408 1732 442 catholicam
1751 409 1940 444 ecclesiam

177 461 292 505 magis
317 461 508 506 magisque
534 462 732 504 accederet,
758 464 943 506 permotus
970 474 1049 496 esse
1068 462 1210 496 videtur
1236 461 1453 496 Laurentius
1473 461 1643 496 Albertus
1660 462 1738 496 sive
1757 462 1939 497 Albrecht.

176 514 222 555 Is,
248 514 314 549 sub
341 526 371 548 a.
394 515 483 549 1540
508 514 659 559 Neapoli
685 515 721 549 in
747 515 944 549 Franconia
964 515 1160 559 (Neustadt
1178 526 1208 549 a.
1228 515 1261 549 d.
1280 514 1407 557 Aisch)
1435 526 1480 548 ex
1506 515 1715 559 parentibus
1740 518 1940 560 protestan—

175 567 272 601 tibus
297 570 397 602 ortus
424 570 460 602 et
493 579 524 602 a.
546 569 634 602 1557
662 567 918 611 Vitembergae
951 568 987 602 in
1014 569 1134 602 album
1160 568 1411 602 universitatis
1436 567 1582 607 relatus,
1617 570 1771 602 exeunte
1796 580 1827 603 a.
1850 569 1938 603 1567

176 619 234 654 vel
260 620 406 654 ineunte
432 632 462 655 a.
485 621 575 655 1568
602 620 787 665 Herbipoli
814 621 849 655 in
876 621 1064 655 ecclesiam
1092 620 1306 655 catholicam
1332 622 1500 665 receptus
1527 623 1592 655 est.
1644 620 1786 662 Postea,
1820 621 1938 656 Fride-

175 673 247 707 rico
274 685 294 706 a
320 673 511 718 Wirsberg
537 675 703 719 episcopo
730 674 969 719 herbipolensi
997 677 1031 708 et
1057 675 1188 708 Ioanne
1215 674 1376 718 Egolpho
1403 686 1423 707 a
1449 674 1668 717 Kn'oringen,
1698 675 1758 718 qui
1784 675 1938 719 primum

176 726 368 760 canonicus
393 727 665 772 herbipolensis,
703 728 829 761 deinde
856 727 1044 772 episcopus
1071 729 1295 770 augustanus
1321 728 1399 768 fuit,
1426 727 1524 760 vitae
1550 727 1710 761 subsidia
1736 728 1938 762 ministran-

175 779 281 820 tibus,
316 779 427 814 libros
453 780 590 824 aliquot
624 780 814 814 historicos
841 783 876 814 et
902 781 1144 825 apologeticos
1171 780 1392 825 conscripsit,
1427 780 1625 814 maximum
1651 783 1772 814 autem
1796 781 1938 815 laudem

175 844 215 866 eo
241 832 309 866 sibi
337 834 570 878 comparavit,
597 834 689 877 quod
709 834 865 867 omnium
884 835 1021 878 primus
1040 834 1184 877 linguae
1210 834 1438 877 germanicae
1463 836 1656 878 praecepta
1681 833 1772 867 libro
1789 834 1938 869 tradidit

178 884 375 926 („Teutsch
394 886 639 921 Grammatick
659 887 743 920 oder
761 887 1087 931 Sprach-Kunst“),
1114 888 1302 930 Augustae
1320 886 1586 920 Vindelicornm
1608 898 1638 921 a.
1661 887 1750 920 1573
1767 887 1803 920 in
1821 887 1935 921 lucem

175 938 304 972 emisso
325 939 418 982 (Nic.
436 940 582 983 Paulus,
600 940 734 974 Lorenz
754 940 936 979 Albrecht,
957 941 990 974 in
1013 939 1443 985 ,Historisch-politisohe
1461 939 1601 973 Blatter
1616 939 1730 974 CXIX
1748 940 1937 976 549—560

175 992 373 1026 625—637.
411 994 486 1026 Seb.
508 994 654 1037 Merlde,
681 993 770 1027 Eine
798 993 1046 1036 Klageschrift
1072 996 1151 1034 etc.‚
1179 994 1212 1027 in
1245 993 1402 1035 „Archiv
1428 993 1490 1027 des
1516 993 1765 1027 Historischen
1783 993 1936 1028 Vereins

176 1056 243 1078 von
270 1045 559 1079 Unterfmnken‘
581 1046 661 1079 XLI
687 1046 885 1081 266—276.
922 1048 966 1080 K.
984 1048 1190 1090 Schelllmss,
1217 1046 1574 1080 Nuntiaturberichte
1601 1058 1665 1080 aus
1691 1046 1934 1081 Deutschland

176 1098 407 1133 1572—1585
434 1099 491 1140 1V,
519 1100 639 1133 Berlin
660 1100 761 1140 1903,
788 1101 990 1134 424—425.
1029 1101 1215 1134 Hermann
1234 1101 1338 1142 Paul,
1359 1099 1554 1134 Grundriss
1581 1100 1644 1133 der
1661 1100 1934 1142 germanischen

174 1150 373 1195 Philologie
399 1152 441 1193 1²,
477 1152 693 1196 Strassburg
721 1154 822 1194 1901,
858 1153 1026 1196 22—23).
1078 1153 1235 1187 Exstant
1269 1165 1356 1187 sane
1390 1153 1674 1197 „Propositiones
1710 1153 1863 1197 aliquot,
1898 1153 1934 1188 in

173 1204 302 1247 quibus
337 1205 504 1247 breuiter,
541 1206 637 1240 clare
673 1208 709 1240 et
742 1207 930 1251 perspicue
957 1206 1232 1248 demonstratur,
1269 1218 1331 1240 cur
1357 1208 1578 1240 Lam-entius
1602 1208 1770 1240 Albertus
1795 1207 1935 1241 abiecta

174 1257 456 1292 Lutheranorum
493 1271 611 1300 causa,
647 1271 769 1294 omnes
804 1259 1004 1294 haereticos
1039 1272 1188 1301 errores,
1223 1272 1312 1304 quos
1347 1259 1431 1293 olim
1465 1259 1612 1293 fouebat
1647 1262 1683 1293 et
1709 1260 1933 1301 defendebat,

173 1312 360 1351 reuocarit,
387 1323 427 1345 ac
454 1312 489 1345 in
515 1313 692 1354 gremium
712 1312 920 1347 Catholicae
940 1313 1122 1346 Ecclesiae
1150 1323 1229 1346 sese
1256 1312 1442 1357 receperit.
1485 1313 1540 1346 Ab
1566 1312 1644 1356 ipso
1671 1313 1827 1357 scriptae
1853 1324 1932 1347 cum

173 1363 382 1409 Ingolstadij
425 1366 651 1399 uersaretur“
700 1366 950 1408 (Ingolstadii:
1000 1366 1211 1400 Excudebat
1252 1365 1456 1399 Alexander
1498 1365 1768 1400 Weissenborn.
1831 1367 1932 1400 Anno

172 1417 395 1459 M.D.LXX).
447 1418 561 1452 Huius
587 1419 668 1452 libri
694 1419 836 1453 litteras
862 1420 1109 1460 dedicatorizzs,
1137 1419 1358 1462 Ingolstadio
1384 1419 1441 1452 28.
1468 1418 1654 1452 Februarii
1683 1419 1773 1454 1570
1799 1420 1841 1453 ad
1872 1419 1931 1453 Er-

171 1473 313 1504 nestum
342 1472 518 1505 Bavariae
545 1473 669 1506 ducem
698 1475 734 1507 et
760 1473 964 1517 episcopum
1001 1473 1255 1516 frisingensem
1292 1473 1406 1513 datas,
1443 1471 1613 1506 Albertus
1649 1473 1698 1506 ita
1732 1473 1931 1508 exorditur:

175 1524 321 1565 „Annus
347 1524 418 1559 iam
445 1526 591 1569 quintus
618 1527 749 1569 agitur,
776 1526 1024 1560 illustrissime
1043 1526 1226 1570 Princeps,
1254 1528 1288 1559 et
1307 1525 1458 1559 Praesul
1476 1525 1696 1569 dignissime,
1723 1526 1767 1559 ab
1786 1538 1826 1560 eo
1844 1529 1930 1560 tem-

171 1586 266 1621 pore,
294 1589 363 1621 quo
389 1579 431 1611 de
451 1577 655 1612 Lutherano
681 1579 858 1622 dogmate,
885 1580 951 1613 sub
978 1591 1046 1623 quo
1073 1582 1179 1613 natus
1197 1590 1305 1619 eram,
1332 1579 1483 1623 primum
1505 1578 1677 1620 dubitare,
1705 1581 1741 1612 et
1758 1579 1931 1624 paulatim

171 1630 434 1664 Catholicorum
461 1632 596 1676 scripta
622 1632 754 1676 legere,
790 1644 983 1676 eorumque
1018 1633 1207 1666 conciones
1231 1631 1487 1675 Vuirtzeburgi
1522 1632 1558 1665 in
1585 1632 1782 1666 Franconia
1808 1633 1931 1667 andire

171 1684 304 1727 coepi“.
364 1684 518 1718 Multum
552 1685 694 1728 quidem
730 1686 846 1719 animo
879 1697 942 1719 suo
977 1685 1150 1719 insedisse
1186 1685 1369 1730 opiniones
1403 1685 1631 1725 lutheranas;
1667 1685 1730 1719 sed
1764 1686 1931 1720 continua

171 1738 312 1780 patrum
346 1737 484 1781 aliquot
518 1737 669 1772 lectione
696 1741 731 1772 et
757 1739 935 1782 frequenti
964 1739 1166 1772 contionum
1195 1738 1452 1772 catholicarum
1486 1738 1666 1772 auditione
1693 1738 1865 1783 paulatim
1892 1751 1930 1773 se

169 1789 318 1823 meliora
343 1801 424 1824 esse
451 1791 628 1825 edoctum.

170 1910 273 1946 724
299 1912 378 1946 sive
404 1911 555 1947 herb.
583 1912 679 1956 (9).
755 1912 811 1947 22.
831 1911 1023 1948 Februarii
1050 1912 1142 1948 1567.

286 1983 341 2017 Ex
367 1984 530 2029 exemplo
557 1984 753 2029 archetypo
781 1985 860 2025 (20;
890 1986 904 2019 1
927 1985 989 2030 p.),
1016 1985 1109 2028 quod
1139 1984 1189 2026 (in
1215 1995 1297 2029 pag.
1325 1984 1361 2027 2)
1389 1984 1439 2018 ita
1465 1983 1677 2028 inscriptum
1705 1985 1777 2017 est:
1818 1982 1926 2024 „Dein

166 2035 254 2069 hern
272 2036 449 2071 Pfarhern
476 2050 517 2072 zu
545 2038 578 2072 S.
598 2038 722 2071 Petter
749 2038 1173 2072 zuuberandttwortten.“
1215 2039 1344 2072 Exstat
1364 2037 1546 2081 Herbipoli
1572 2037 1608 2070 in
1634 2036 1781 2071 archivo
1807 2036 1926 2070 curiae

167 2089 390 2135 episcopalis,
418 2091 505 2125 fasc.
537 2091 762 2134 „Wnrzburg
788 2093 830 2125 A.
856 2091 904 2126 N?
931 2092 1009 2126 14“.
1061 2091 1218 2125 Litterae
1246 2102 1401 2125 excusae
1427 2093 1512 2124 sunt
1537 2090 1689 2134 primum
1716 2090 1750 2123 in
1781 2090 1926 2132 „l'Vc‘Zrz-

166 2143 295 2186 buryer
319 2143 607 2178 Discesanblaw
640 2144 764 2187 Jahrg.
790 2145 891 2184 1859,
919 2145 1125 2188 W⁷i'11·zburg
1152 2144 1252 2186 1859,
1280 2144 1359 2184 290,
1387 2144 1513 2177 deinde
1542 2144 1604 2187 (ex
1630 2143 1836 2188 apographo
1864 2154 1925 2176 an-

165 2195 276 2240 tiquo,
316 2197 410 2241 quod
436 2197 621 2242 Herbipoli
656 2199 691 2231 in
730 2198 945 2232 monasterio
980 2198 1205 2231 franciscano
1232 2197 1459 2238 servabatur)
1501 2197 1536 2230 in
1570 2196 1661 2230 libro
1699 2197 1734 2230 P.
1766 2197 1926 2230 Conradi

165 2250 277 2283 Enbel
302 2249 343 2284 O.
363 2250 448 2285 Min.
469 2251 580 2286 Conv.
604 2251 688 2293 ,Die
707 2251 1096 2285 Franziskanerkirche
1122 2251 1157 2284 in
1172 2250 1411 2293 Wiirzburg“,
1426 2250 1632 2293 'Wiirzburg
1652 2249 1753 2288 1882,
1774 2249 1923 2290 18—19,

166 2305 201 2336 et
226 2303 262 2336 in
288 2302 408 2337 libello
435 2303 613 2348 periodico
642 2303 910 2348 „Hausschatz‘t
939 2305 993 2339 30.
1015 2304 1153 2347 Jahrg„
1174 2303 1378 2345 X'Viirzburg
1408 2303 1507 2343 1897,
1535 2303 1733 2348 613—,614.

286 2375 465 2408 Mandata
491 2376 675 2408 Friderici
709 2377 861 2418 episcopi
895 2376 1026 2416 fist-alis
1060 2376 1172 2418 ipsius
1211 2386 1326 2408 omnes
1351 2375 1451 2408 urhis
1475 2373 1727 2416 herbipolensis
1748 2373 1923 2415 parochos

164 2431 193 2458 et
226 2428 482 2461 0οηηὀηίιίονιὴεἱ
517 2429 682 2461 certiores
714 2429 824 2469 facil:
862 2429 966 2470 Fore,
1007 2433 1041 2461 ut
1079 2429 1248 2461 C'cmesssins
1277 2438 1348 2470 pro
1382 2428 1561 2470 sinyulari
1593 2438 1660 2459 sua
1689 2427 1821 2468 pietate
1858 2436 1922 2467 per

167 2480 481 2523 Quadrayesimam
505 2482 657 2523 singulis
674 2482 795 2514 diebus
811 2482 939 2514 Lunae
957 2486 986 2514 et
1004 2483 1181 2514 Mercurii
1206 2482 1241 2513 in
1260 2482 1417 2523 qratiam
1428 2491 1629 2523 puerorzmz
1655 2484 1685 2512 et
1700 2479 1919 2521 famulorum

163 2534 405 2566 catechismum
433 2535 600 2576 e.rplicet;
634 2536 711 2567 ideo
736 2535 793 2566 die
818 2536 1008 2577 dominica,
1036 2546 1125 2577 quae
1148 2535 1319 2577 postridie
1344 2535 1473 2576 futura
1498 2534 1554 2575 sit,
1591 2533 1708 2573 fideles
1733 2532 1921 2564 monendos

163 2596 241 2627 esse,
281 2591 316 2619 itt
342 2587 462 2620 diebus
487 2588 560 2620 illis
585 2588 632 2620 ad
658 2588 901 2620 catechismtmi
927 2588 1144 2621 audiendum
1170 2588 1208 2620 in
1235 2588 1408 2620 ecclesiam
1436 2587 1768 2620 Franciseanorum
1789 2594 1920 2626 pueros

160 2639 381 2682 famulosque
406 2642 547 2673 mittant
573 2645 674 2683 atque
699 2642 803 2673 etiam
832 2642 910 2683 ipsi,
937 2642 970 2673 si
997 2642 1180 2683 rac-averit,
1206 2642 1360 2673 reniam.

280 2710 500 2752 Demnach
534 2711 610 2752 der
640 2710 872 2764 Erwyrdig
904 2711 990 2751 vnd
1030 2711 1304 2764 hochgelertt
1344 2710 1421 2751 her
1452 2710 1613 2752 Doctor
1650 2709 1805 2749 Petrus
1837 2708 1917 2749 Ca-

162 2772 294 2814 nisius
327 2775 493 2816 Dhomb
526 2775 733 2828 Prediger
774 2775 899 2825 alhie,
942 2790 993 2816 zu
1036 2775 1177 2816 dieser
1207 2775 1502 2817 Jnstehenden
1544 2774 1730 2826 heiligen
1773 2772 1915 2825 Zeytt,

163 2836 242 2877 den
276 2838 589 2881 Catechismum
623 2840 698 2881 der
729 2840 906 2892 Jugent,
945 2840 1128 2881 kindern
1161 2840 1247 2881 vnd
1280 2839 1453 2892 gesindt
1484 2854 1533 2880 zu
1567 2840 1747 2891 guttem‚
1782 2836 1916 2878 damit

162 2900 222 2941 sie
259 2902 305 2953 jn
339 2903 417 2943 den
459 2903 756 2945 fiirnembsten
798 2905 982 2946 stucken
1014 2918 1167 2946 vnsers
1201 2903 1485 2946 Christlichen
1527 2903 1749 2956 glaubenS‚
1792 2901 1915 2943 recht

161 2965 246 3004 vnd
270 2965 511 3009 Catholisch
534 2969 829 3018 vntterrichtt,
864 2969 973 3010 auch
1005 2969 1047 3009 in
1080 2969 1244 3022 pietate
1271 2969 1370 3010 woll
1403 2968 1615 3010 instituirt
1646 2966 1835 3015 wurden,
1866 2966 1913 3019 jn

161 3028 236 3068 der
259 3031 436 3071 wochen'
455 3046 599 3073 zween
622 3035 712 3084 tag‚
737 3033 963 3074 Nemblich
985 3034 1165 3086 Montag
1185 3033 1270 3074 vnd
1289 3033 1581 3081 Mittwoeheu,
1606 3032 1690 3073 auffi
1713 3030 1911 3071 sonderm

161 3092 453 3135 Christlichem
489 3096 800 3149 Gottseeligem
843 3098 978 3150 eyffer
1019 3098 1105 3138 und
1145 3112 1426 3151 zuneygung,
1471 3097 1673 3138 zulehren
1711 3095 1797 3136 vnd
1838 3109 1911 3135 zu-

159 3156 362 3209 predigen
386 3158 726 3211 furgenommen,
749 3161 804 3202 So
827 3161 963 3202 sollen
982 3164 1065 3202 aut}
1084 3162 1250 3203 befelch
1269 3162 1352 3204 defi
1374 3161 1707 3214 hochWyrdigen
1725 3160 1909 3201 Fursten
