2045 3471
190 189 273 229 594
362 184 640 219 M011.o9lsive
658 183 882 228 aug.(0·27).
924 185 977 218 17.
997 185 1069 219 Mai
1091 185 1192 219 1566.
1244 184 1312 219 692
1333 184 1368 227 (ο
1387 184 1460 228 28).
1499 184 1555 219 26.
1574 184 1661 218 Maii
1681 185 1782 219 1566.

191 303 337 348 Concilij
370 303 531 348 accipere
565 303 672 348 ipsos,
709 304 903 346 sancteque
939 314 1061 337 omues
1094 302 1254 348 polliceri
1281 302 1356 336 eius
1382 313 1420 336 se
1446 301 1555 336 iussis
1581 302 1889 346 obtemperaturos
1914 301 1949 335 in

188 357 244 402 ijs,
271 368 362 400 quae
385 356 501 397 fidem,
529 357 565 389 et
581 367 765 390 sacrorum
783 356 919 390 cultum
937 357 1169 401 respicerent,
1196 355 1273 389 sine
1292 355 1502 400 exceptione
1520 354 1603 396 ulla,
1630 357 1691 388 aut
1710 354 1950 389 dubitatione:

188 411 223 443 in
250 408 458 453 disciplinae
483 408 621 443 ratione
647 409 822 452 quaedam
849 420 929 443 esse
955 409 1086 454 capita.
1113 408 1243 453 quibus
1269 407 1386 452 excipi
1404 410 1587 453 cuperent,
1614 408 1707 451 quod
1734 408 1769 441 in
1793 410 1867 441 tam
1893 407 1951 441 de-

188 462 351 507 pravatis
377 461 559 496 hominum
585 461 752 504 moribus,
779 464 952 506 tantaque
980 461 1134 503 licentia,
1171 473 1211 495 ac
1238 460 1506 505 perturbatione
1533 460 1747 495 Germaniae
1772 472 1838 494 nec
1862 459 1952 494 utile

188 516 281 549 foret
306 517 383 549 tum
408 514 581 555 revocari,
615 525 680 548 nec
705 516 843 554 tutuni;
879 515 923 549 ad
949 515 983 549 id
1010 515 1185 559 pacatius,
1221 514 1408 558 magisque
1442 514 1678 558 tranquillum
1704 524 1782 548 esse
1808 515 1952 558 tempus

189 568 485 613 opperiendum“;
525 567 696 612 petebant
733 567 885 612 denique
923 579 943 601 a
979 568 1258 609 Commendono,
1298 570 1339 601 ut
1380 567 1591 612 „postulatis
1629 578 1749 601 eorum
1788 565 1951 611 publicis,

189 621 414 666 privatisque
440 621 533 666 apud
560 620 770 655 Pontificem
796 621 995 655 Maximum
1022 621 1236 655 auctoritate
1263 632 1339 660 sua,
1366 620 1554 664 gratiaque
1580 620 1764 654 adesset“:
1797 619 1849 654 De
1875 619 1952 653 vita

193 675 333 708 loannis
366 674 548 708 Francisci
576 673 828 708 Commendoni
859 673 919 718 [cf.
945 685 1054 719 supra
1081 686 1113 718 p.
1140 674 1222 717 219]
1249 674 1449 708 263—267.
1500 672 1675 715 Quoniam
1709 674 1829 707 autem
1864 674 1953 713 erat,

190 727 249 772 qui
275 727 371 762 hunc
389 727 553 762 Gratiani
578 727 708 761 librum
733 726 828 761 haud
854 727 905 761 ita
923 738 1090 771 magnam
1117 727 1369 761 auctoritatem
1395 726 1527 760 habere
1553 726 1697 767 diceret,
1724 737 1859 767 moneo,
1884 725 1952 760 hoo

189 780 269 815 libri
297 782 415 825 caput,
451 780 481 815 si
507 792 626 814 rerum
652 791 827 814 summam
853 783 1006 825 spectes,
1039 780 1205 825 epistulis
1231 791 1251 814 a
1278 780 1316 814 P.
1344 781 1563 823 Hieronymo
1588 781 1716 813 Natale
1742 778 1776 814 S.
1803 779 1846 821 J.,
1881 790 1953 812 uno

191 846 236 868 ex
263 834 515 869 Commendoni
550 833 739 876 theologis,
775 845 820 867 ex
854 833 942 878 ipsis
968 833 1042 867 illis
1068 833 1222 867 comitiis
1249 833 1397 867 Romam
1424 833 1545 867 missis
1573 832 1774 866 confirmari
1790 833 1810 865 ¹.
1860 831 1953 866 Vide

192 888 280 932 Epp.
308 888 429 921 Nadal
454 887 505 920 ΠΙ
534 887 598 920 147
630 886 826 921 152—153.

309 942 446 974 Paulus
463 942 597 984 Drews,
623 939 814 983 theologus
839 941 1055 984 protestans,
1082 940 1142 974 ubi
1169 940 1308 974 concilii
1335 940 1479 973 decreta
1496 939 1531 972 in
1550 939 1606 973 his
1625 939 1779 973 comitiis
1797 937 1954 972 admissa

192 1005 271 1028 esse
305 995 438 1035 narrat,
473 993 563 1027 haec
598 993 641 1027 de
668 992 810 1027 Canisio
844 996 965 1027 notat:
1006 992 1105 1035 „Dass
1141 1005 1214 1027 nun
1240 992 1405 1027 wirklich
1437 992 1498 1026 der
1524 992 1722 1035 Reichstag
1746 991 1813 1026 mit
1834 991 1952 1036 jenem

193 1047 338 1090 Erfolge
364 1046 601 1080 auseinander
628 1046 724 1090 ging‚
761 1046 825 1080 das
850 1047 897 1080 ist
924 1046 1056 1080 wieder
1081 1058 1146 1080 vor
1173 1046 1278 1080 allem
1317 1047 1379 1080 der
1404 1045 1526 1080 stillen
1554 1045 1678 1079 Arbeit
1704 1045 1766 1079 des
1791 1044 1953 1079 Jesuiten

192 1112 233 1134 zu
261 1100 411 1134 danken.
463 1099 642 1134 Zunachst
667 1099 746 1133 half
778 1111 816 1133 er
849 1099 937 1133 iiber
972 1100 1049 1133 eine
1084 1099 1213 1134 hochst
1247 1099 1469 1143 gefahrliche
1496 1099 1674 1133 Situation
1708 1098 1862 1141 hinweg,
1898 1096 1955 1131 die

192 1153 301 1187 leicht
327 1153 429 1187 einen
457 1152 595 1186 offenen
622 1152 741 1186 Bruch
767 1152 946 1187 zwischen
973 1153 1040 1186 den
1066 1153 1316 1187 katholischen
1345 1152 1502 1186 Standen
1533 1152 1603 1186 und
1629 1152 1692 1186 der
1717 1151 1827 1185 Kurie
1853 1151 1955 1184 hatte

192 1218 254 1240 zur
279 1206 389 1249 Folge
424 1206 539 1240 haben
575 1206 754 1240 konnen..
777 1233 810 1241 ..
863 1205 966 1240 Seine
1002 1206 1127 1240 immer
1153 1206 1234 1240 aufs
1261 1205 1564 1248 Nachstliegende
1597 1204 1805 1248 gerichtete‚
1841 1203 1954 1238 durch

192 1261 263 1294 und
289 1260 401 1294 durch
427 1259 634 1304 praktische
660 1258 794 1293 Politik
821 1259 947 1293 erwies
973 1259 1050 1293 sich
1077 1259 1169 1293 auch
1195 1259 1270 1293 hier
1297 1259 1350 1293 als
1376 1258 1526 1302 richtig“
1559 1258 1597 1302 (l.
1625 1270 1653 1292 c.
1683 1257 1897 1301 121—123).

194 1363 291 1399 691
318 1364 395 1398 sive
423 1373 545 1408 aug.
567 1363 617 1408 (ο
637 1363 747 1408 27).
821 1362 867 1398 17.
886 1362 969 1398 Maii
996 1362 1089 1398 1566.

312 1429 367 1462 Ex
393 1429 587 1474 archetypo
617 1430 770 1473 (partem
799 1428 874 1463 eius
900 1429 978 1473 ipse
1005 1428 1290 1462 Commendonus
1316 1427 1490 1472 scripsit),
1526 1427 1619 1471 quod
1655 1428 1776 1460 exstat
1802 1427 1954 1460 Frauen-

192 1483 297 1525 burgi
324 1482 359 1515 in
385 1482 531 1516 archivo
558 1482 763 1526 episcopali,
791 1481 874 1515 Cod.
906 1481 967 1524 ⁷‚D.
995 1482 1039 1516 :24
1069 1481 1167 1525 (31)“
1199 1493 1231 1515 n.
1253 1481 1308 1515 11.

317 1548 524 1581 Cardianus
562 1547 841 1579 Commendamus
879 1547 1061 1579 cardinali
1100 1547 1209 1579 Hosio
1247 1546 1402 1579 scribens
1438 1546 1506 1579 PP.
1535 1546 1717 1588 Natalem,
1759 1545 1956 1588 Canisimn,

195 1602 400 1634 Ledesmam
426 1601 563 1643 laudat,
589 1601 682 1643 quod
707 1601 746 1632 in
772 1601 923 1633 comitiis
949 1601 1107 1633 ecclesiae
1131 1605 1313 1633 strenuam
1341 1610 1483 1642 operam
1509 1604 1647 1632 navent.

316 1668 565 1709 Cardinalis
615 1666 947 1707 Commemlonus
993 1668 1188 1721 Auyusta
1234 1665 1542 1706 Vindelicorum
1585 1666 1654 1707 17.
1689 1666 1800 1706 Maii
1842 1666 1956 1706 1566

196 1734 410 1775 Stam'slao
443 1732 659 1773 cardinali
691 1731 836 1785 Hosio,
871 1733 1056 1786 episcopo
1087 1733 1330 1784 vai-oniensi,
1366 1731 1557 1785 scripsit:
1589 1730 1641 1771 In
1674 1731 1847 1771 comitiis
1880 1730 1955 1770 im-

193 1799 304 1853 perii
345 1797 493 1838 datum
536 1799 602 1837 est
634 1795 807 1837 Caesari
849 1796 1304 1838 maledicentissimum
1346 1794 1566 1847 scriptum,
1610 1793 1842 1847 postulatis
1876 1793 1957 1834 im-

195 1858 633 1916 pudentissimisfftq.
683 1860 918 1909 ExtinctiQ
953 1864 999 1903 ut
1032 1860 1113 1914 ipsi
1147 1860 1294 1902 dicunt
1326 1860 1610 1901 Pontificatus
1642 1860 1684 1899 in
1710 1858 1954 1908 Germania,

196 1927 525 1978 Freistellung2,
569 1925 796 1966 concordia
828 1925 1065 1979 Religionis
1107 1939 1184 1979 per
1215 1924 1446 1966 Concilium
1486 1923 1734 1966 Nationale.
1796 1923 1956 1965 Indife-

196 1991 337 2034 rentia
377 1991 420 2032 in
462 1990 592 2032 certis
634 1990 860 2044 capitibus
924 1990 1143 2031 Professio
1176 1989 1373 2031 Caesaris
1408 2003 1492 2042 qua
1525 2003 1571 2030 se
1603 1991 1753 2042 aperte
1784 1989 1956 2030 illorum

196 2056 391 2111 partibus
423 2056 633 2108 adiungat
645 2056 673 2097 3.
728 2055 935 2097 Catholici
970 2057 1123 2108 petunt
1155 2068 1304 2108 pacem
1338 2055 1405 2096 55.
1431 2054 1543 2096 anni.
1597 2053 1805 2095 Catholici
1837 2053 1955 2095 illam

197 2136 326 2164 vnam
359 2123 517 2174 Vrgent
533 2154 541 2162 .
558 2123 602 2162 et
634 2134 791 2173 magno
825 2134 870 2161 se
892 2120 1093 2161 benefitio
1118 2120 1297 2161 affectos
1320 2122 1500 2172 putant.
1517 2118 1553 2160 si
1575 2118 1736 2161 reiecto
1760 2118 1955 2160 Articulo

198 2200 323 2239 quem
365 2185 511 2227 dicunt
543 2184 780 2237 Religionis
822 2187 1026 2226 maneant
1067 2185 1108 2225 in
1152 2199 1203 2225 ea
1235 2198 1355 2237 pace,
1399 2197 1509 2236 quae
1541 2186 1686 2225 tamen
1719 2197 1858 2237 neque
1890 2185 1957 2225 est

198 2265 334 2304 neque
367 2264 555 2303 vnquam
589 2250 672 2291 erit
711 2263 810 2303 pax.
876 2249 1105 2291 Strenuam
1139 2249 1270 2291 1300ss
1303 2262 1478 2303 operam
1512 2251 1676 2290 nauant
1708 2248 1880 2290 Natalis
1912 2251 1956 2290 et

198 2316 393 2358 Canisius
445 2318 489 2357 et
536 2314 774 2356 Lemesnab
820 2314 1027 2364 Iesuitae,
1083 2317 1130 2356 ut
1182 2313 1304 2355 nobis
1353 2313 1547 2355 omnibus
1596 2313 1669 2354 uix
1715 2312 1956 2366 respirandi

199 2385 369 2434 tempus
403 2380 540 2422 detur.

201 2494 306 2530 692
333 2495 410 2529 sive
438 2504 560 2538 aug·-
581 2494 631 2538 (c
652 2492 766 2538 28).
841 2493 896 2529 26.
917 2491 1003 2528 Maii
1030 2493 1124 2529 1566.

318 2565 371 2598 Ex
398 2567 577 2599 Donaeeer
602 2565 624 2599 1.
652 2577 680 2599 o.
710 2566 787 2599 116.
838 2564 957 2599 Etiam
983 2565 1077 2609 apud
1105 2566 1239 2607 struve,
1274 2563 1494 2598 Psaltzische
1520 2563 1851 2597 Kirchen-Historie
1878 2563 1956 2598 200.

318 2637 361 2668 In
388 2637 537 2669 comitiis
564 2637 774 2678 augustanis
791 2637 933 2669 ordines
954 2640 1187 2678 protestantes
1206 2635 1460 2668 IlIccoec'miliano
1475 2635 1524 2667 Π.
1546 2634 1764 2676 imperatori,
1790 2637 1828 2665 'ut
1854 2634 1957 2665 etiam

205 2690 295 2720 [nter
321 2689 507 2722 catholicos
533 2690 765 2722 dissensiones
791 2700 858 2721 esse
882 2689 1040 2731 probent,
1066 2688 1280 2730 significant,
1311 2688 1495 2720 Cani-§imm
1516 2688 1692 2731 proxime,
1720 2697 1797 2719 cum
1823 2698 1839 2718 e
1855 2696 1957 2719 sacro

201 2746 358 2783 suffles-tac
384 2743 524 2783 diceret,
546 2743 815 2784 promissionem
854 2742 951 2773 illam
977 2742 1018 2773 de
1046 2741 1186 2774 Christo
1213 2745 1317 2783 caput
1342 2741 1513 2783 setpentis
1539 2742 1736 2773 contritam-0
1759 2740 1891 2780 factam
1919 2741 1958 2771 in

204 2794 359 2825 Mariam
388 2794 530 2827 trahere
556 2798 717 2827 conatum
746 2805 824 2827 esse.

324 2862 350 2891 a)
372 2863 420 2886 Vel
441 2860 708 2894 in1pudicissimis;
728 2861 974 2895 impuditissimis
994 2864 1099 2887 archer.
1173 2861 1203 2893 b)
1225 2862 1271 2887 Sic
1291 2862 1416 2893 (1.›·chet.;
1435 2861 1616 2886 scribendum
1636 2860 1711 2891 fuit:
1730 2859 1885 2886 Ledesma.

325 2958 333 2975 ¹
361 2957 411 2990 De
430 2957 608 2991 Friderico
627 2957 774 2990 aVVeda
793 2957 1058 3001 archiepiscopo
1086 2956 1277 2990 coloniensi
1299 2957 1576 2990 Commendonus
1599 2954 1676 2998 ipse
1702 2956 1858 2988 testatus
1883 2956 1957 2987 est:

209 3007 265 3047 „Si
292 3011 308 3040 ὸ
336 3011 474 3051 portato
500 3010 608 3043 molto
635 3010 724 3044 bene
749 3010 808 3043 nel
833 3010 976 3053 negotio
1003 3010 1046 3043 de
1068 3009 1103 3043 la
1121 3010 1292 3043 scrittura
1311 3008 1362 3042 de'
1379 3007 1564 3042 catholici⁴⁴
1590 3007 1757 3050 (Poyeam
1774 3006 1958 3051 Epistolae

206 3060 254 3092 JV
274 3060 373 3102 300):
401 3061 503 3101 idem,
532 3065 722 3105 antequam
742 3063 907 3105 Augusta
934 3063 1059 3103 abiret,
1086 3064 1297 3096 reverentur
1324 3061 1366 3095 ad
1394 3060 1496 3094 Pium
1511 3060 1552 3093 V.
1581 3060 1726 3103 scripsit
1754 3059 1790 3101 (l.
1811 3071 1839 3093 c.
1859 3059 1957 3101 301).

324 3113 336 3132 2
363 3113 470 3146 Plura
497 3114 538 3146 de
565 3114 630 3148 hoc
657 3115 818 3148 ordinum
844 3115 1123 3159 protestantium
1149 3115 1282 3159 scripto
1308 3115 1390 3148 vide
1417 3124 1525 3157 supra
1550 3124 1583 3156 p.
1603 3112 1681 3146 212.

325 3165 336 3183 3
354 3164 415 3198 Cf.
443 3176 549 3208 supra
576 3178 607 3209 p.
629 3167 723 3200 2522.
869 3170 881 3187 ‘²
908 3168 933 3201 Ι.
962 3180 990 3200 e.
1019 3167 1211 3201 Ecclesiae.
