2045 3471
656 198 752 233 Mon.
771 198 842 233 854
867 197 946 232 sive
971 197 1040 231 utt.
1063 196 1128 240 (3).
1168 196 1270 231 1565.
1767 196 1852 237 793

92 318 183 353 1565
201 318 404 352 Messanam
424 318 467 351 ad
486 317 526 351 P.
546 317 804 361 Hieronymum
823 315 1027 350 Domenech
1053 314 1259 360 provinciae
1283 313 1417 348 siculae
1441 312 1686 358 praepositum
1711 312 1853 347 missis:

95 371 274 413 „Volendo
293 371 326 406 S.
346 371 489 406 Santita
506 382 545 405 se
563 371 684 404 scriua
700 369 758 404 un'
778 380 886 414 opera
912 371 1036 403 contra
1055 368 1174 412 quelle
1193 367 1363 402 Centurie
1382 366 1467 400 delli
1492 366 1643 401 heretici
1661 365 1727 400 che
1744 366 1853 400 fanno

90 427 191 459 tanto
218 424 335 458 danno
361 424 434 458 alla
458 423 645 467 Religione
672 422 867 462 Catholica,
894 422 951 455 fra.
975 421 1094 455 alcuni
1121 421 1203 454 altri
1231 423 1249 454 e
1275 422 1372 455 stato
1399 419 1508 454 eletto
1533 419 1558 453 il
1585 419 1701 453 Padre
1719 418 1853 453 Salme-

89 489 175 511 rone
201 489 264 522 per
288 479 392 521 parte
418 477 472 510 del
492 477 610 521 Papa“
643 475 705 520 (ex
730 474 950 521 apographis
976 474 1088 508 eiusd.
1107 476 1216 518 temp.
1237 473 1321 508 Ood.
1344 473 1452 518 „Epp.
1471 473 1515 507 lt.
1536 472 1704 517 [Praepp.
1723 471 1852 515 Genu]

94 530 348 564 1565—1567“
377 530 401 564 f.
423 530 477 564 19.
529 529 584 564 Of.
604 529 723 571 etiam,
760 539 851 573 quae
877 528 997 573 posuit
1023 528 1098 562 Jos.
1119 528 1264 561 Schmid
1289 527 1325 560 in
1355 525 1621 568 „Historisches
1646 525 1850 560 Jahrbuch‘

91 583 196 617 XVII
224 582 392 625 79—87).

211 636 353 670 Canisio
379 647 511 670 novum
537 647 608 669 non
634 637 721 675 erat,
757 634 892 679 scripta
918 635 1105 668 auctorum
1131 634 1187 667 sui
1217 632 1390 677 temporis
1416 632 1618 676 aequalium
1645 631 1855 666 excudenda

92 700 236 724 curare:
269 688 483 723 Hannibalis
518 688 677 722 Codretti
704 688 738 722 S.
758 688 794 722 J.
823 687 1026 732 „Principia
1053 686 1336 721 Grammatices“
1375 685 1419 719 ad
1455 684 1715 720 Germanorum
1749 696 1854 719 usum

93 754 113 776 a
139 754 178 777 se
203 742 473 777 accommodata
490 741 703 785 Ingolstadii
729 753 760 775 a.
783 741 872 775 1556
891 740 1077 783 vulgavit;
1105 739 1276 774 Stanislai
1303 738 1405 773 Hosii
1432 738 1570 781 „Verae
1589 765 1596 772 .
1618 765 1625 772 .
1645 766 1651 772 .
1672 737 1854 772 doctrinae

92 795 244 830 solidam
278 795 628 840 Propugnationem“
668 794 836 828 Coloniae
871 805 916 828 ex
951 793 1096 827 officina
1131 792 1287 826 Materni
1323 791 1463 827 Cholini
1497 803 1528 825 a.
1551 791 1641 825 1558
1669 791 1703 824 in
1736 790 1853 824 lucem

92 848 221 890 emisit,
256 860 362 893 opere
395 848 432 882 in
466 848 577 882 libros
603 850 670 881 etc.
697 847 899 888 distributo,
934 858 1052 880 rerum
1078 846 1229 880 summis
1263 846 1299 879 in
1326 845 1547 889 marginibus
1573 844 1741 889 ascriptis
1767 847 1853 884 etc.;

91 901 259 945 Dilingae
294 902 329 935 in
365 901 508 935 officina
535 900 678 935 Sebaldi
704 901 832 945 Mayer
865 900 968 934 annis
997 900 1229 934 1557-1565
1264 911 1335 933 non
1369 898 1485 932 solum
1520 909 1628 943 opera
1663 909 1683 931 a
1709 909 1748 932 se
1774 909 1854 931 con-

92 955 230 1000 scripta
254 955 313 989 vel
339 955 490 989 collecta
518 954 574 998 (ut
600 953 878 994 Cateehismum,
903 953 1050 987 Librum
1075 953 1331 997 precationum,
1359 951 1545 997 Epistulas
1572 951 1606 986 S.
1634 951 1854 996 Hieronymi,

92 1008 421 1053 Martyrologffim),
457 1008 519 1042 sed
546 1007 695 1041 aliorum
723 1007 831 1041 etiam
865 1006 975 1040 libros
1009 1006 1108 1051 typis
1143 1006 1398 1040 exscribendos
1434 1004 1590 1045 curavit;
1626 1008 1666 1038 ut
1700 1004 1854 1049 priorem

91 1063 232 1107 partem
263 1061 545 1103 „Confessionis“
575 1060 746 1094 hosianae
775 1060 892 1103 (cuius
917 1059 1086 1104 plagulas
1111 1059 1187 1104 ipse
1213 1059 1447 1102 emendavit),
1489 1058 1590 1093 Hosii
1621 1057 1851 1101 „Dialogum'⁴

95 1115 132 1158 (a
157 1126 196 1149 se
221 1114 477 1157 recognitum),
508 1112 775 1158 „Supplication
802 1113 865 1147 der
891 1111 1178 1153 Catholischen“‚
1208 1112 1411 1157 „Epistulas
1436 1112 1613 1153 Indicas“‚
1643 1111 1855 1154 „Hortulum

92 1169 264 1202 Anima&
289 1167 429 1211 (Caml
457 1167 560 1207 59223
589 1167 621 1200 ll
648 1166 835 1201 887-089
860 1166 930 1200 895
958 1166 1048 1206 89&
1074 1166 1124 1199 III
1153 1166 1239 1206 78ος
1267 1165 1318 1200 IV
1344 1165 1561 1207 983—995).
1605 1165 1739 1199 Ibidem
1766 1165 1856 1198 duos

92 1221 194 1255 Hosii
220 1221 361 1255 libellos
387 1221 591 1264 germanice
617 1231 637 1253 a
663 1231 701 1253 se
720 1231 845 1253 versos
863 1231 895 1254 a.
917 1219 1006 1254 1559
1025 1218 1192 1261 vulgavit
1212 1218 1272 1261 (N.
1293 1220 1439 1262 Paulus,
1466 1218 1531 1252 Die
1550 1217 1856 1260 Briefsammlung

93 1275 156 1309 des
181 1273 319 1317 seligen
338 1273 514 1314 Canisius,
542 1273 577 1307 in
599 1271 1030 1317 „Historisch-politische
1047 1272 1206 1306 Blatter“
1230 1271 1342 1306 CXXI
1369 1272 1466 1315 765).
1502 1272 1627 1316 Neque
1651 1273 1773 1305 tamen
1790 1270 1855 1304 ulli

93 1339 140 1361 ex
157 1327 214 1361 his
228 1326 329 1360 Hosii
347 1326 562 1360 editionibus
578 1325 744 1360 Canisius
761 1337 889 1359 nomen
907 1336 1012 1359 suum
1030 1324 1208 1369 ascripsit.
1237 1324 1453 1369 Comparent
1467 1325 1575 1359 etiam
1590 1325 1625 1358 in
1641 1324 1856 1358 editionibus

92 1380 264 1415 librorum
283 1379 395 1420 Hosii,
415 1390 504 1423 quas
521 1379 626 1413 modo
646 1379 730 1419 dixi,
750 1378 951 1424 complures
968 1379 1211 1423 praefationes
1230 1380 1266 1411 et
1284 1378 1384 1412 Hosii
1402 1378 1627 1412 laudationes
1645 1389 1855 1422 anonymae,

94 1445 184 1478 quas
202 1445 222 1467 a
238 1433 380 1467 Canisio
396 1433 612 1477 compositas
627 1444 705 1466 esse
719 1432 825 1466 valde
839 1431 1036 1466 verisimile
1051 1434 1106 1465 est
1121 1431 1228 1474 (Can.
1243 1431 1277 1465 Il
1295 1431 1363 1466 889
1382 1431 1582 1466 895—896.
1608 1431 1743 1464 Paulus
1760 1430 1782 1465 l.
1795 1430 1854 1474 c.).

214 1485 414 1527 Quaeritur,
449 1498 532 1520 num
562 1485 727 1520 Canisius
754 1487 862 1520 etiam
889 1485 1000 1519 Bruni
1030 1485 1358 1527 „Admonitionem“
1389 1485 1632 1519 excutiendam
1661 1485 1796 1518 curarit
1822 1488 1859 1518 et

94 1540 273 1585 copiosam
309 1539 408 1573 illam
435 1539 478 1573 de
504 1539 615 1573 Bruni
641 1539 719 1572 vita
754 1541 789 1572 et
824 1538 970 1583 scriptis
1004 1538 1265 1583 praefationem
1300 1538 1562 1582 conscripserit.
1614 1538 1734 1572 Facile
1760 1539 1857 1571 certe

93 1593 171 1627 fieri
198 1595 349 1638 poterat,
375 1595 416 1626 ut
441 1592 633 1626 cardinalis
659 1591 858 1626 Truchsess
881 1591 1208 1634 „Admonitionem“
1231 1602 1252 1625 a
1277 1591 1396 1624 Bruno
1422 1591 1491 1625 sibi
1517 1591 1687 1625 traditam
1715 1590 1857 1626 Canisio

93 1647 196 1681 daret
221 1646 481 1689 evulgandani;
508 1646 560 1680 ita
577 1645 778 1680 Truchsess
804 1645 913 1679 etiam
943 1645 1312 1689 „Propugnationem“
1342 1644 1439 1678 illam
1458 1645 1560 1679 Hosii
1580 1644 1723 1679 Canisio
1749 1644 1857 1678 tradi-

93 1701 196 1734 derat
230 1699 555 1743 recognoscendam
590 1701 626 1732 et
660 1698 758 1743 prelo
793 1698 1039 1732 subiciendam
1067 1698 1172 1741 (Can.
1201 1698 1234 1731 Il
1269 1698 1485 1741 202—203).
1536 1698 1679 1732 Brunus
1715 1697 1858 1732 Canisio

93 1753 263 1794 amicitia,
289 1753 356 1786 toti
383 1752 555 1786 Societati
582 1752 661 1786 lesu
685 1752 951 1794 „communione
977 1751 1147 1785 bonorum
1175 1751 1436 1796 spiritualium“
1458 1751 1600 1785 iunctus
1620 1754 1716 1791 erat;
1744 1751 1856 1786 Sociis

94 1806 289 1849 dilinganis
315 1806 457 1839 domum
484 1805 673 1848 legaverat
701 1806 807 1848 (Can.
836 1805 886 1838 III
913 1804 957 1838 38
983 1804 1047 1844 82;
1077 1804 1125 1838 IV
1155 1804 1220 1839 183
1247 1805 1327 1839 318.
1372 1805 1497 1847 Sper-ht
1523 1805 1545 1839 l.
1566 1817 1595 1838 c.
1617 1805 1704 1847 14³).

216 1859 306 1893 Item
344 1858 403 1892 ille
439 1858 481 1892 de
517 1859 593 1892 vita
628 1861 664 1892 et
699 1858 844 1902 scriptis
875 1857 987 1891 Bruni
1022 1858 1301 1892 commentarius
1328 1877 1371 1881 —
1401 1859 1444 1892 16
1478 1858 1693 1902 paginarum
1729 1860 1784 1891 est
1811 1878 1857 1882 -—

95 1913 156 1957 qui
184 1912 426 1946 Admonitioni
453 1914 508 1945 est
533 1911 770 1956 praepositus,
797 1914 905 1951 certe,
931 1911 962 1945 si
988 1922 1046 1944 res
1072 1911 1170 1955 ipsas
1196 1914 1349 1956 specteS,
1377 1911 1520 1945 Canisio
1546 1911 1677 1954 dignus
1704 1914 1776 1951 est;
1808 1911 1857 1945 di-

94 1966 195 2000 cendi
215 1977 355 2009 quoque
382 1976 495 2008 genus
522 1964 608 1998 mihi
626 1964 769 2008 quidem
796 1965 936 1997 omnino
963 1964 1185 1998 canisianum
1212 1976 1290 1998 esse
1309 1965 1470 2005 videtur;
1498 1966 1607 2008 atque
1632 1964 1795 2009 inprimis
1821 1965 1857 1998 in

94 2021 196 2064 parte
214 2019 286 2059 illa,
314 2030 383 2061 qua
402 2018 444 2051 de
463 2018 772 2052 Centuriatoribus
790 2017 989 2057 disseritur,
1015 2017 1219 2060 singulares
1238 2018 1413 2061 quaedam
1432 2020 1624 2052 occurrunt
1650 2018 1858 2060 locutiones,

94 2083 228 2116 eaeque
254 2071 348 2105 haud
376 2072 426 2104 ita
451 2082 598 2115 paucae,
625 2081 714 2114 quas
742 2070 884 2104 Canisio
910 2071 1064 2104 usitatas
1090 2071 1202 2105 fuisse
1228 2073 1384 2111 constat:
1413 2070 1578 2114 exempla
1604 2082 1714 2115 pono:

168 2132 242 2173 „De
267 2133 337 2163 vita
371 2137 402 2163 et
430 2132 573 2173 scriptis
598 2127 740 2163 Brum’“
768 2129 793 2163 f.
821 2130 849 2162 A
866 2130 922 2163 4³:
1106 2131 1272 2164 Canisins
1297 2129 1407 2163 Hosio
1433 2131 1488 2164 29.
1509 2129 1588 2164 Oct.
1610 2130 1718 2164 1563:
1751 2130 1857 2171 ἌΟεὲῃ»

98 2184 182 2226 „Isti
210 2182 478 2218 Centuriatores
504 2185 540 2216 et
565 2182 706 2217 Stoici.“
1031 2183 1224 2217 turiatores
1244 2211 1250 2217 .
1271 2210 1277 2217 .
1299 2211 1305 2217 .
1325 2183 1477 2216 stoicum
1500 2183 1674 2226 rigorem*
1698 2183 1858 2217 obtinere

1031 2236 1157 2270 volunt
1185 2236 1291 2279 (Can.
1311 2235 1360 2270 IV
1380 2236 1478 2279 368).

1106 2290 1274 2324 Canis-ins
1303 2289 1345 2322 de
1375 2288 1669 2329 „novatoribus“:
1711 2289 1858 2330 „Fatum

1030 2353 1101 2375 vna
1136 2354 1216 2376 cum
1252 2341 1400 2376 Stoicis‘
1439 2343 1606 2375 astruunt
1646 2341 1713 2385 (De
1748 2342 1858 2376 Verbi

1029 2395 1093 2429 Dei
1145 2395 1357 2439 corruptelis
1408 2394 1441 2435 Ι,
1493 2394 1704 2437 ingolstadii
1756 2395 1857 2435 1583,

1030 2448 1215 2481 Praemon.
1243 2449 1268 2482 f.
1295 2460 1315 2481 a
1333 2447 1399 2491 6¹¹).

171 2502 245 2544 „Dc
276 2499 365 2534 cita“
394 2502 462 2534 etc.
489 2500 512 2535 f.
533 2501 634 2535 A3b:
672 2501 813 2535 Brunus
852 2501 921 2543 „in-

96 2554 242 2597 dignum
271 2553 431 2598 putabat,
467 2552 543 2598 [per
570 2554 849 2597 Centuriatores]
877 2555 922 2588 ad

97 2619 211 2641 nouae
246 2609 366 2640 sectae
393 2606 607 2650 deprauatas
643 2609 678 2641 et
712 2607 923 2651 pestilentes

97 2661 281 2705 opiniones
307 2659 544 2703 contorqueri,
574 2671 775 2704 magnaque
801 2661 837 2694 vi
863 2661 921 2695 ab·

98 2713 176 2758 ripi,
212 2724 303 2756 quae
330 2712 547 2746 sanctissimi
574 2715 695 2757 patres
721 2713 827 2757 longe
853 2713 922 2747 alio

98 2778 205 2801 sensu
233 2765 498 2810 scripsissenff.

172 2979 248 3021 „De
275 2975 364 3010 ciust
385 2979 451 3010 etc.
471 2977 495 3010 f.
514 2977 544 3011 A
560 2978 612 3011 7³:
645 2977 736 3022 „ipsi
755 2977 855 3012 velut
881 2990 925 3012 ex

99 3030 238 3075 tripode
265 3030 532 3074 p1·onunciant.“

1105 2502 1273 2535 Canz'sius
1290 2500 1524 2535 Truchsessio
1542 2500 1708 2544 Augusta
1727 2502 1757 2535 7.
1773 2500 1857 2536 Dec.

1034 2554 1143 2588 156οε
1174 2555 1384 2597 „Indignum
1407 2554 1547 2588 facinus
1567 2553 1858 2588 Ecclesiasticam

1031 2607 1216 2641 historiam
1252 2609 1306 2641 tot
1340 2607 1454 2641 modis
1489 2619 1509 2640 a
1535 2606 1707 2651 Sectarijs
1733 2607 1859 2652 depra-

1032 2661 1127 2694 uari“
1162 2661 1268 2703 (Can.
1289 2660 1338 2693 111
1365 2660 1438 2703 30).

1105 2714 1273 2747 Canistus
1293 2714 1400 2747 Hosio
1420 2714 1586 2755 Augusta
1604 2713 1635 2746 3.
1656 2712 1734 2747 Oct.
1756 2714 1858 2753 1562,

1032 2767 1074 2800 de
1101 2766 1430 2800 Centuriatoribus:
1462 2765 1681 2809 „Diligentes
1706 2766 1758 2800 illi
1784 2767 1858 2810 qui-

1032 2820 1111 2853 dem
1138 2820 1173 2853 in
1204 2819 1365 2864 histor-ijs
1391 2820 1547 2852 omnium
1573 2821 1774 2863 temporum
1801 2820 1858 2853 de-

1032 2872 1226 2917 prauandis
1252 2874 1288 2906 et
1314 2872 1356 2905 ad
1384 2883 1487 2905 suum
1514 2871 1718 2906 institutum
1746 2873 1858 2907 detor-

1032 2925 1200 2968 quendis“
1235 2925 1272 2967 (l.
1293 2936 1321 2959 e.
1341 2925 1440 2966 491).

1108 2980 1275 3011 Canise'us
1302 2978 1333 3011 in
1354 2977 1575 3011 dedicatione
1598 2977 1856 3022 „Epistularum

1035 3031 1073 3065 B.
1090 3030 1316 3074 Hieronymi‘*
1340 3029 1506 3074 Dilingae
1524 3042 1555 3064 a.
1573 3030 1663 3065 1562
1681 3031 1857 3065 editarum

1034 3084 1076 3117 dc
1096 3083 1335 3117 lssrasmianis:
1367 3083 1487 3124 „Licet
1506 3083 1577 3117 illis
1596 3084 1688 3127 quod
1706 3084 1856 3118 libet...

1034 3135 1134 3169 velut
1176 3147 1219 3169 ox
1270 3136 1408 3180 tripode
1453 3137 1703 3180 pronuntiare“
1751 3138 1857 3181 (Can.

1036 3189 1083 3222 111
1109 3188 1206 3230 281).
