2045 3471
233 190 321 231 526
406 189 507 223 1465.
534 189 568 223 S.
587 189 802 224 Franciscus
829 190 872 224 de
898 191 1030 236 Borgia
1057 191 1210 227 Canisio.
1263 192 1364 227 1466.
1393 192 1559 228 Canisius
1585 193 1730 229 Nicolao
1756 194 1899 231 Lanoio.

230 307 478 349 Ministrum
520 307 752 362 acciperet,
797 309 973 362 eiusque
1015 324 1146 364 opera
1178 310 1345 364 indiget
1376 325 1480 353 sane
1512 312 1805 356 uehementer.
1869 313 1996 355 Nunc

228 380 355 416 uero,
399 381 495 408 cum
537 366 583 409 P.
620 367 860 421 Georgius1
899 369 1101 412 Minister
1140 369 1239 411 hinc
1280 370 1399 412 abire
1440 375 1622 424 cogatur
1663 373 1717 414 ad
1759 372 1995 425 Collegium

229 431 569 485 Herbipolense³
609 435 658 475 ut
695 436 910 487 putamus,
953 435 1049 488 plus
1081 435 1210 477 fratri
1242 438 1401 486 metuo,
1444 435 1526 477 nisi
1558 436 1759 479 fortassis
1792 452 1847 479 ex
1878 437 1996 480 Vrbe

229 496 377 538 ueniat
411 496 566 549 aliquis
598 497 695 539 huic
725 502 853 552 aptus
875 499 1127 550 ministerio,
1163 499 1276 553 quod
1298 513 1379 553 ego
1403 500 1470 541 cui
1492 502 1799 553 commendem,
1832 502 1996 544 nullum

228 561 399 616 reperio
421 561 465 603 in
478 562 709 605 Prouincia
730 566 894 607 nostra.
933 564 1143 606 Dominus
1164 564 1399 607 nobiscum.
1439 565 1641 619 Dilingae
1665 567 1720 608 24
1737 567 1840 621 ,Julij
1868 568 1994 610 1567.

1123 636 1285 678 Seruus
1316 636 1360 677 in
1393 635 1564 679 Christo
1596 637 1644 679 P.
1668 637 1877 681 Canisius.

347 705 374 757 †
406 703 648 747 Admodum
671 705 926 748 Reuerendo
958 706 1001 747 in
1034 706 1203 749 Christo
1227 706 1348 748 Patri
1369 707 1600 750 Francisco
1633 722 1658 750 a
1680 709 1842 762 Borgia
1863 709 1996 751 Prae-

228 769 370 824 posito
405 770 605 812 Generali
638 771 869 813 Societatis
900 771 1054 814 JESV.
1118 772 1296 814 Romae.

346 851 499 894 Borgias
526 851 668 885 Canisio
695 852 878 896 respondit
904 852 960 887 23.
979 851 1200 897 Septembris
1228 853 1329 887 1567.

229 965 381 1002 1465.
501 965 805 1003 SANCTUS
840 966 1269 1004 FRANCISOUS
1305 967 1398 1003 DE
1434 967 1734 1012 BORGIA,
1769 970 1996 1015 praepositus

420 1020 600 1064 generalis
627 1020 818 1055 Societatis
844 1021 937 1062 Iesu,
965 1021 1166 1057 CANISIO.
1512 1022 1625 1056 Roma
1652 1024 1707 1057 26.
1734 1023 1816 1057 Iulii
1845 1024 1946 1058 1567.

291 1091 656 1180 20?{0}¹1]aginibus
691 1091 985 1138 photographicis
1017 1093 1253 1138 epistularum
1289 1093 1441 1136 Canisii,
1478 1105 1569 1138 quae
1605 1096 1690 1128 sunt
1723 1093 1760 1127 in
1801 1094 1859 1137 „E.
1881 1093 1990 1129 C.11“

229 1158 264 1180 n.
459 1173 465 1179 .

352 1218 520 1253 Canisins
545 1218 698 1260 Borqiae
723 1218 866 1261 scripsit
895 1218 1085 1260 Oeniponte
1110 1219 1166 1251 16.
1194 1219 1347 1261 Auyusti
1374 1220 1483 1251 1567.·
1510 1220 1578 1262 „26
1603 1219 1700 1260 Julij
1724 1230 1746 1251 α
1775 1219 1811 1251 Ρ.
1836 1218 1873 1252 Τ.
1892 1219 1996 1251 datas

232 1269 381 1315 accepi.“
418 1271 464 1304 Et
482 1272 644 1313 Auyusta
670 1273 726 1304 27.
746 1272 900 1314 Auyusti
917 1273 1031 1304 1567.·
1058 1271 1259 1315 „Postremo
1286 1273 1403 1315 accepi:
1420 1272 1532 1304 Roma
1559 1272 1662 1305 (latas
1690 1274 1732 1305 15
1751 1276 1780 1304 et
1799 1274 1845 1304 26
1863 1269 1992 1314 Julij.“

350 1342 532 1376 Posterior
550 1341 639 1375 haec
657 1340 811 1386 epistula
829 1341 966 1386 perisse
989 1343 1097 1385 atque
1123 1341 1301 1375 oblivione
1328 1342 1482 1385 quadam
1508 1342 1585 1376 sive
1611 1341 1834 1385 negligentia
1858 1341 1995 1374 factum

231 1407 310 1430 esse
324 1395 477 1433 videtur,
495 1397 535 1428 ut
553 1395 588 1428 in
603 1394 755 1437 Borgiae
770 1393 976 1437 Registrum
991 1406 1061 1428 non
1075 1395 1387 1429 transcriberetur.
1420 1394 1609 1429 Caeterum
1624 1406 1666 1428 ex
1684 1393 1816 1427 Canisii
1831 1393 1995 1438 epistula,

231 1460 336 1493 quam
364 1449 467 1482 modo
494 1448 577 1489 dixi,
614 1450 649 1481 et
675 1458 720 1481 ex
748 1448 900 1490 Borgiae
934 1447 1065 1482 litteris
1091 1448 1148 1482 26.
1175 1448 1255 1482 Iulii
1283 1448 1372 1482 1567
1400 1448 1444 1482 ad
1470 1448 1510 1482 P.
1537 1447 1732 1482 Antonium
1757 1447 1875 1481 Vinck
1901 1446 1995 1480 datis

230 1502 425 1546 colligitur,
453 1502 620 1545 Borgiam
640 1500 782 1535 Canisio
801 1501 900 1541 haec,
926 1504 1068 1546 praeter
1086 1500 1166 1542 alia,
1192 1501 1436 1544 significasse:
1463 1501 1612 1536 Placere
1630 1500 1696 1535 sibi
1714 1511 1829 1534 novas
1853 1499 1995 1534 litteras

228 1556 450 1590 fundationis
476 1555 617 1598 collegii
643 1554 922 1599 herbipolensis;
949 1554 1132 1589 Canisium
1151 1556 1187 1588 et
1204 1554 1397 1589 Vinckium
1423 1555 1512 1589 bene
1531 1566 1610 1588 cum
1629 1554 1793 1598 episcopo
1811 1553 1994 1596 negotium

228 1609 316 1643 illud
350 1610 546 1649 tractasse;
582 1620 674 1642 novo
709 1607 860 1651 collegio
896 1610 1071 1642 rectorem
1105 1608 1396 1653 praeponendum
1431 1608 1546 1642 videri
1580 1608 1620 1641 P.
1648 1606 1842 1650 Georgium
1868 1605 1994 1648 Bader,

230 1662 371 1706 collegii
398 1662 571 1705 dilingani
597 1661 822 1701 ministrunr:
851 1661 894 1695 cf.
922 1672 1032 1706 supra
1057 1673 1090 1706 p.
1110 1662 1191 1696 502.

349 1716 429 1750 Una
464 1727 545 1749 cum
582 1714 638 1748 his
675 1715 808 1748 litteris
844 1714 987 1748 Canisio
1026 1717 1061 1748 et
1100 1714 1190 1748 aliae
1228 1715 1360 1749 missae
1403 1716 1487 1748 sunt-
1526 1713 1719 1758 epistulae,
1765 1714 1801 1746 et
1839 1711 1994 1757 epistula

229 1768 342 1803 Roma
369 1769 423 1803 25.
451 1769 532 1802 Iulii
559 1768 649 1802 1567
686 1779 706 1802 a
732 1769 868 1812 Boi-qia
903 1768 946 1801 ad
973 1767 1012 1802 P.
1039 1767 1206 1802 Natalem
1232 1767 1423 1802 Societatis
1457 1767 1683 1802 visitatorem
1717 1766 1820 1806 data;
1856 1766 1892 1799 in
1922 1776 1993 1809 qua

228 1822 289 1856 ille
314 1822 494 1863 narrabat,
522 1822 555 1855 S.
575 1822 678 1855 Pium
696 1821 750 1861 V..
778 1833 859 1855 cum
886 1833 930 1855 ex
955 1833 994 1855 se
1020 1821 1219 1866 accepisset
1245 1820 1434 1864 collegium
1460 1820 1708 1865 herbipolense
1734 1820 1805 1852 iam
1830 1830 1851 1852 a
1877 1818 1993 1852 Socie-

227 1878 304 1910 tate
330 1876 525 1910 admissum
552 1887 641 1915 esse,
669 1887 710 1909 ea
736 1886 774 1909 re
799 1875 905 1909 valde
931 1874 1148 1908 delectatum
1175 1885 1254 1909 esse
1280 1876 1316 1908 et
1342 1873 1493 1917 collegio
1518 1886 1611 1907 novo
1637 1872 1865 1907 benedixisse
1886 1871 1990 1916 (Epp.

229 1930 351 1963 Nadab
376 1929 426 1963 111
453 1929 550 1971 507).
600 1928 713 1962 Missa
749 1930 804 1962 est
829 1928 937 1962 etiam
964 1927 1118 1972 epistula
1144 1939 1164 1961 a
1190 1928 1322 1971 Borgia
1347 1928 1402 1961 26.
1432 1927 1510 1961 Iulii
1539 1927 1627 1961 1567
1655 1926 1699 1960 ad
1725 1925 1945 1959 Fridericum
1971 1936 1992 1958 a

228 1982 417 2025 Wirsberg
445 1982 649 2026 episcopum
676 1981 760 2015 data
785 1992 855 2014 una
881 1993 960 2015 cum
987 1981 1163 2025 prioribus
1189 1980 1262 2014 illis
1287 1980 1417 2015 litteris
1443 1980 1672 2021 fundationis,
1700 1990 1789 2023 quas
1815 1990 1835 2012 a
1860 1978 1992 2021 Borgia

229 2048 299 2070 non
326 2035 495 2081 probatas
513 2034 716 2069 Fridericus
734 2034 801 2069 sibi
820 2035 954 2068 remitti
972 2034 1146 2075 iusserat:
1174 2046 1207 2068 V.
1227 2045 1334 2079 supra
1361 2046 1392 2079 p.
1413 2034 1482 2069 508
1508 2035 1544 2067 et
1561 2033 1655 2067 infra
1672 2044 1763 2066 mon.
1784 2031 1880 2066 herb.
1899 2031 1988 2075 (17).

230 2156 383 2193 1466.
498 2156 715 2192 CANISIUS
754 2154 815 2191 P.
850 2153 1151 2191 NICOLAO
1188 2153 1445 2190 LANOIO
1487 2154 1539 2190 S.
1567 2153 1638 2197 J„
1676 2154 1807 2188 rectori
1845 2153 1988 2197 collegii

420 2210 659 2256 oenipontani.
1325 2209 1491 2252 Augusta
1516 2208 1622 2242 Vind.
1649 2208 1704 2242 26.
1730 2207 1813 2241 Iulii
1840 2207 1942 2242 1567.

346 2281 403 2316 Ex
428 2282 551 2316 Lanoii
577 2281 731 2326 epistula
758 2279 1000 2324 autographa;
1032 2280 1094 2322 „G.
1122 2279 1185 2323 Ep.
1212 2279 1318 2312 V111“
1349 2278 1372 2313 f.
1402 2279 1494 2312 185³.

347 2355 391 2387 Se
416 2364 497 2386 mox
527 2353 749 2395 Oem'pontem
775 2351 909 2394 collegii
933 2352 1102 2383 visitandi
1124 2351 1245 2392 qratia
1272 2361 1340 2383 esse
1364 2354 1558 2383 venturum.

347 2425 385 2457 P.
414 2425 585 2457 Nieolaus
610 2425 773 2457 Lanoius
799 2423 833 2456 S.
855 2423 889 2455 J.
917 2427 1032 2454 rector
1067 2422 1201 2464 collegat·
1235 2421 1463 2463 oenipontani
1496 2421 1684 2463 Oemponte
1708 2419 1871 2452 2811πῖἰί
1898 2420 1990 2452 1567

229 2477 265 2511 S.
284 2478 481 2510 Francisco
501 2478 655 2519 Boryiae
677 2476 881 2518 praeposito
903 2476 1063 2518 yeneralc'
1088 2476 1139 2507 ita
1165 2475 1205 2507 de
1227 2474 1371 2507 Canisio
1396 2474 1561 2515 scripsit:
1587 2473 1741 2515 „Adesso
1766 2472 1809 2505 ho
1836 2473 1989 2505 riceuute

226 2531 257 2563 Ze
291 2531 407 2563 lettere
441 2530 496 2563 del
523 2531 560 2564 P.
588 2530 816 2563 Prouinciale
850 2529 930 2561 date
955 2531 1000 2561 26
1025 2529 1062 2561 dt
1098 2532 1214 2571 questo
1249 2528 1286 2560 in
1313 2528 1474 2569 Augusta
1510 2530 1539 2558 et
1565 2527 1597 2558 ci
1615 2529 1785 2568 prometto
1811 2526 1849 2557 di
1868 2528 1988 2567 presto

229 2585 477 2617 comminciare
513 2585 547 2616 Za
583 2584 684 2616 visita
719 2583 757 2615 di
790 2583 870 2615 ,ςιιοί
904 2581 1040 2624 οοῖῖθφζῐ
1063 2581 1214 2614 venendo
1240 2581 1348 2613 dritto
1374 2591 1397 2612 a
1423 2580 1595 2622 ¹Jnaprzcgt.
1647 2579 1702 2611 La
1729 2579 1786 2610 cni
1810 2578 1987 2620 presentia

224 2641 333 2681 porra
360 2638 464 2670 darei
489 2647 648 2670 soe-corso
673 2638 712 2668 in
737 2633 926 2669 Domino.“

346 2707 385 2741 P.
401 2708 553 2740 Ioannes
570 2707 611 2740 de
631 2707 782 2740 Polanco
800 2704 990 2739 societatis
1008 2703 1224 2739 secretarius
1241 2702 1411 2736 mandatu
1430 2701 1582 2744 Borgiae
1599 2700 1731 2734 Lanoio
1750 2700 1798 2734 ita
1817 2699 1988 2744 *scripsit

229 2760 270 2794 de
308 2760 530 2793 Ferdinando
550 2759 593 2793 ΙΙ.
633 2758 822 2792 archiduce
861 2760 896 2791 et
933 2757 1062 2791 Tirolis
1100 2757 1280 2801 principe,
1319 2755 1379 2799 qui
1417 2753 1607 2788 Societatis
1644 2752 1834 2795 collegium
1872 2752 1987 2786 Halae

229 2812 290 2856 (cf.
309 2824 418 2857 supra
444 2824 475 2856 p.
497 2812 579 2855 502)
608 2811 798 2846 instituere
821 2813 855 2844 et
874 2811 1060 2851 auditoria,
1088 2821 1178 2854 quas
1197 2809 1289 2843 Socii
1309 2808 1506 2852 Oeniponte
1534 2807 1567 2840 in
1592 2806 1807 2839 monasterio
1825 2805 1986 2839 Francis-

228 2876 396 2899 canorum
422 2865 611 2906 habebant,
646 2864 895 2898 Franciscanis
921 2864 1005 2897 dare
1031 2863 1186 2903 volebat,
1221 2874 1263 2896 ac
1289 2862 1331 2895 de
1357 2861 1486 2895 officiis
1512 2859 1661 2894 rectoris
1694 2858 1986 2902 ingolstadiensis

228 2921 263 2951 et
295 2918 445 2952 rectoris
480 2919 707 2962 oenipontani
743 2918 836 2951 inter
861 2917 901 2951 P.
927 2916 1123 2951 Martinum
1150 2915 1389 2949 Leubenstain
1425 2917 1461 2947 et
1495 2913 1611 2957 ipsum
1636 2912 1675 2946 P.
1703 2912 1874 2946 Lanoium
1909 2923 1985 2956 per-

227 2971 426 3005 mutandis:
466 2971 542 3013 „Ha
568 2971 658 3005 fatto
684 2971 773 3004 bene
799 2970 841 3004 V.
869 2971 909 3004 R.
937 2970 972 3003 di
1005 2972 1188 3014 aspettare
1222 2968 1257 3002 la
1292 2970 1424 3002 uenuta
1451 2966 1508 3001 del
1533 2966 1648 2999 Padre
1674 2964 1896 2999 Prouinciale
1924 2976 1986 3010 per

229 3023 435 3057 dissuadere
470 3024 504 3057 al
531 3024 764 3058 Serenissimo
791 3023 977 3064 Arcstluca,
1015 3023 1037 3056 il
1065 3022 1223 3065 Collegio
1259 3022 1293 3055 di
1321 3021 1422 3061 Hala,
1457 3020 1516 3062 gia
1551 3018 1616 3053 che
1651 3030 1719 3052 non
1753 3019 1784 3052 si
1811 3018 1984 3052 edificaua

349 3092 376 3121 a)
398 3094 461 3118 Duo
481 3101 522 3118 vv.
542 3102 599 3125 sqq.
621 3103 638 3119 (ι
659 3095 687 3119 C.
708 3094 770 3125 ipso
789 3102 881 3125 supra
903 3101 1015 3118 versum
1037 3093 1147 3124 scripta
1167 3095 1243 3117 sunt.

352 3186 361 3204 ¹
388 3186 513 3219 Bader.
