2077 3461
224 200 278 241 90
730 198 830 232 1236.
858 198 1099 233 Theodoricus
1126 198 1291 233 Canisius
1319 199 1472 234 Canisio.

221 316 342 359 liaris
373 316 432 358 sit
463 316 509 359 P.
545 316 797 358 Guilielmus
829 316 999 358 filiabus
1032 316 1336 367 ConfessioniS,
1371 321 1414 360 et
1447 319 1563 360 solus
1595 319 1637 360 in
1671 320 1830 362 Sancto
1853 319 1982 361 Lam-

222 382 345 423 berto
361 383 375 408 1
401 395 586 434 regnare
608 381 715 423 velit
738 383 833 431 eto„
869 381 1055 423 Difficile
1088 382 1170 424 erit
1200 395 1351 423 curare
1375 382 1420 425 P.
1444 383 1692 434 Martinum,
1718 398 1843 438 quem
1866 385 1982 427 nullo

222 446 347 488 modo
390 446 445 487 ad
477 446 713 499 Collegium
758 446 932 499 aliquod
974 445 1100 487 huius
1142 446 1390 500 prouinciae
1431 450 1527 490 tuto
1559 448 1674 490 mitti
1706 463 1832 502 posse
1864 453 1982 503 puto.

223 510 545 553 Coloniensibus
576 511 690 553 forte
723 526 807 553 non
841 512 957 552 esset
988 510 1199 564 ingratus
1235 514 1279 553 et
1311 511 1482 554 iuuaret
1513 512 1633 554 illum
1666 514 1883 556 suauitate
1906 528 1983 556 sua

223 576 269 619 P.
303 576 553 617 Leonardus
566 577 594 626 2,
630 576 701 629 qui
733 576 853 617 illum
887 575 1094 618 Societati
1128 576 1365 619 lucrefecit.

342 640 577 693 Negotium
597 640 649 682 de
666 655 798 694 puero
817 640 1032 689 Castrato,
1057 643 1106 682 vt
1127 640 1317 693 fingitur,
1342 640 1473 683 miras
1496 641 1705 684 excitauit
1721 643 1983 696 tragoedias,

224 720 406 759 quarum
438 706 620 748 necdum
652 705 749 746 finis
782 708 861 747 est.
926 705 1066 758 Vrget
1097 705 1499 747 Reuerendissimus
1541 710 1690 749 noster
1721 707 1985 762 principem3

224 770 468 824 diligenter,
502 773 551 812 vt
573 770 743 824 publico
767 769 912 811 aedito
935 769 1184 811 testimonio
1207 773 1454 813 nostrorum
1477 771 1736 814 iudicialiter
1758 772 1984 826 probatam

222 835 512 877 innocentiam
545 837 721 876 tueatur
753 837 797 876 et
829 834 1021 877 vindicet
1035 835 1062 877 4.

344 900 567 942 Palatinus
599 900 775 941 Elector
807 899 998 953 Spirensi
1037 902 1079 941 et
1113 899 1440 942 Vuormaciensi
1473 900 1595 942 Clero
1628 900 1868 951 insidiatur,
1910 901 1986 943 sed

225 965 349 1007 audio
402 966 601 1007 senatum
656 964 838 1006 ciuicum
887 965 1010 1006 Clero
1059 967 1211 1006 contra
1263 965 1503 1018 palatinum
1557 968 1790 1019 tyrannum
1837 969 1985 1020 patro-

225 1029 372 1072 cinari.
448 1029 677 1071 Excidium
731 1032 971 1071 extremum
1021 1028 1063 1069 in
1113 1029 1344 1071 Germania
1392 1029 1471 1071 hoc
1524 1044 1635 1071 anno
1683 1030 1872 1073 minatus
1919 1033 1986 1073 est

224 1095 407 1149 papistis
460 1095 676 1137 Eleet0r5.
761 1094 846 1136 Sed
898 1094 1227 1136 mentietur
1288 1094 1587 1147 iniquitas
1649 1095 1807 1138 sibiss.
1891 1096 1985 1138 Duo

226 1159 357 1202 aediti
410 1162 510 1201 sunt
562 1159 816 1213 pestilentes
869 1159 1003 1200 libelli
1055 1162 1206 1201 contra
1256 1159 1412 1201 librum
1461 1160 1512 1201 de
1566 1161 1861 1202 communione
1908 1161 1985 1202 sub

224 1239 312 1267 vna
352 1226 402 1267 D.
437 1224 574 1274 Pauli,
620 1225 733 1266 alter
774 1239 799 1266 a
841 1223 1142 1274 Schmidelin0‚
1186 1224 1298 1266 alter
1341 1239 1366 1266 a
1398 1225 1576 1278 Cyriaco
1618 1225 1984 1279 Spangenbergio,

226 1290 298 1332 sed
348 1290 466 1344 prior
512 1290 651 1332 alt-ero
698 1290 827 1342 longe
873 1292 941 1331 est
988 1288 1267 1332 inodestior7.
1340 1289 1520 1339 Quidam
1566 1294 1776 1343 cognatus
1820 1290 1985 1344 Eysen-

226 1355 362 1409 grenij
406 1354 709 1408 jurisperitusa
751 1354 978 1396 historiam
1022 1353 1376 1396 Ecclesiasticam
1421 1355 1609 1396 scribere
1651 1355 1841 1397 instituit
1883 1355 1986 1398 toti-

227 1421 322 1462 dem
363 1419 455 1461 fere
495 1420 638 1469 tomis,
682 1422 786 1472 quot
818 1419 1025 1472 Jllyricus
1058 1433 1153 1460 cum
1186 1419 1328 1472 socijs,
1374 1420 1449 1460 sed
1483 1419 1631 1461 ordine
1662 1419 1853 1462 nonnihil
1893 1435 1986 1462 mu-

225 1488 334 1528 tato,
399 1485 562 1538 Scopus
607 1487 695 1534 est,
741 1484 967 1526 mendacia
1012 1484 1228 1533 refutare,
1275 1486 1319 1526 et
1360 1498 1508 1526 veram
1554 1487 1706 1527 texere
1746 1484 1984 1529 historiam.

226 1549 326 1592 Fuit
373 1550 486 1603 apud
534 1563 602 1591 me
650 1549 828 1599 author,
883 1549 954 1602 qui
1001 1548 1168 1590 iuuenis
1216 1548 1445 1590 admodum
1493 1551 1580 1599 est,
1635 1550 1711 1591 sed
1758 1549 1885 1591 valde
1932 1550 1986 1591 ad

225 1614 436 1656 iuuandos
488 1614 730 1657 Catholicos
793 1613 1022 1656 animatus,
1098 1613 1291 1655 onrem
1351 1614 1438 1655 iam
1500 1614 1655 1665 habet,
1719 1614 1762 1656 ni
1814 1614 1983 1656 fallorS.

350 1702 376 1725 a)
398 1701 535 1732 Sequitur
555 1702 671 1731 contra,
691 1709 708 1725 a
732 1701 780 1725 Th.
802 1702 871 1725 Can.
891 1700 979 1724 oblr'tt.

351 1801 361 1820 ¹
388 1800 463 1834 Hoc
489 1800 672 1843 sacellum,
700 1812 779 1835 cum
807 1801 955 1835 aedibus
982 1799 1245 1845 episcopalibus
1271 1800 1510 1841 coniunctum,
1535 1800 1646 1834 Sociis
1673 1801 1717 1834 ad
1744 1800 1986 1834 confessiones

230 1853 461 1898 excipiendas
488 1856 524 1887 et
550 1854 620 1888 alia
638 1865 741 1888 sacra
768 1854 933 1888 facienda
951 1865 971 1888 a
990 1853 1165 1887 cardinali
1185 1852 1316 1887 Ottone
1342 1854 1566 1897 assignatum
1594 1854 1671 1887 erat
1691 1853 1796 1896 (Can.
1816 1853 1864 1887 IV
1888 1853 1985 1897 816).

348 1907 360 1926 2
386 1907 522 1947 Kessel,
550 1907 691 1950 collegii
718 1907 930 1941 coloniensis
956 1908 1082 1940 rector.
1229 1907 1242 1926 ³
1267 1906 1454 1940 Albertum
1482 1918 1516 1940 v.
1536 1906 1711 1940 Bavariae
1738 1907 1874 1940 ducem.

348 1962 360 1980 4
386 1959 487 2001 Vide,
514 1972 605 2004 quae
632 1961 674 1994 de
700 1960 793 1994 falsa
819 1960 887 1994 hac
913 1960 1161 1994 criminatione
1187 1960 1253 1993 sub
1280 1959 1378 2004 ipsas
1404 1959 1470 1994 has
1495 1960 1637 1994 litteras
1663 1959 1836 1994 dicentur.

347 2014 360 2032 ⁵
386 2013 587 2047 Fridericus
614 2014 676 2047 ΙΙΙ.
708 2014 841 2058 „pius“,
879 2013 1158 2047 Calvinistarum
1194 2015 1387 2057 patronus,
1424 2015 1524 2046 tanta
1561 2013 1728 2057 superbia
1762 2012 1986 2056 saevitiaque

228 2068 303 2099 tum
335 2065 372 2100 in
407 2066 601 2100 catholicos
636 2069 711 2100 tum
748 2067 783 2100 in
818 2066 1025 2101 lutheranos
1060 2066 1295 2108 grassabatur
1330 2067 1439 2110 atque
1476 2066 1583 2100 etiam
1619 2067 1654 2100 in
1687 2065 1847 2100 homines
1873 2065 1986 2110 ipsius

227 2119 375 2163 imperio
401 2131 470 2153 non
496 2119 676 2154 subiectos
703 2120 898 2154 invadebat
924 2119 991 2162 (ita
1009 2118 1166 2163 episcopi
1184 2119 1358 2163 spirensis
1377 2121 1413 2152 et
1430 2119 1684 2153 vormatiensis
1703 2131 1748 2153 ex
1766 2118 1985 2163 principibus

226 2172 366 2216 imperii
392 2172 522 2216 erant),
559 2175 598 2206 ut
634 2172 741 2206 etiam
770 2172 971 2217 complures
998 2184 1042 2205 ex
1069 2172 1299 2216 principibus
1316 2171 1515 2206 lutheranis
1542 2172 1773 2206 vehementer
1799 2171 1830 2205 ei
1856 2172 1985 2205 irasce-

228 2227 353 2259 rentur
380 2225 551 2267 (Janssen
577 2225 601 2259 l.
629 2237 657 2259 c.
686 2225 736 2259 IV
763 2225 950 2260 202-208
978 2225 1056 2259 219.
1107 2226 1223 2268 Goetz,
1259 2225 1428 2268 Beitrage
1463 2225 1495 2258 V
1530 2225 1625 2258 3422.
1670 2226 1712 2258 F.
1739 2225 1785 2258 X.
1811 2225 1983 2268 Remlcbzq,

228 2277 446 2312 Geschichte
473 2279 536 2312 der
562 2278 729 2311 Bisch'ofe
755 2290 798 2311 zu
825 2278 961 2322 Speyer
987 2278 1031 2319 II,
1059 2277 1176 2311 Mainz
1205 2277 1306 2317 1854,
1334 2278 1431 2321 378).
1576 2279 1589 2297 ⁶
1616 2277 1662 2311 Ps
1689 2278 1744 2318 26,
1774 2277 1826 2311 12.

347 2332 358 2351 ⁷
385 2331 570 2365 Adversus
604 2331 643 2365 P.
674 2331 774 2364 Pauli
814 2331 948 2364 Hoffaei
979 2330 1162 2373 „Berichff
1206 2330 1304 2372 (vide
1340 2342 1447 2375 supra
1472 2342 1504 2375 p.
1532 2330 1607 2373 202)
1646 2342 1666 2364 a
1693 2329 1983 2374 Spangenbergio

226 2384 389 2418 ministro
415 2384 602 2418 lutherano
631 2384 693 2426 (cf.
717 2384 803 2417 Can.
823 2384 1100 2423 111409-410;
1128 2383 1178 2417 IV
1197 2384 1281 2426 672)
1309 2383 1438 2417 librum
1462 2383 1593 2425 „wider
1611 2383 1674 2417 das
1692 2383 1803 2423 Buch,
1830 2382 1983 2416 welches

225 2449 267 2471 zu
295 2437 471 2471 Miinchen
498 2439 603 2471 unter
628 2437 708 2470 dem
735 2436 833 2470 Titul
859 2449 929 2470 von
955 2437 1017 2470 der
1044 2437 1276 2471 Communion
1302 2437 1374 2470 und
1400 2436 1542 2470 rechter
1568 2436 1748 2479 Niessung
1783 2435 1852 2469 defi
1878 2435 1982 2469 Leibs

224 2490 295 2524 und
332 2490 436 2524 Bluts
474 2490 607 2524 Christi
643 2490 691 2523 im
726 2489 971 2531 Abendinahl,
1007 2491 1055 2523 im
1091 2489 1211 2523 Truck
1246 2490 1293 2523 ist
1327 2491 1590 2533 aussgangen“,
1625 2488 1745 2522 Islebii
1783 2487 1980 2531 (Eisleben)

226 2554 256 2577 a.
275 2544 364 2577 1565
383 2543 573 2587 vulgatum
592 2554 671 2577 esse
689 2545 853 2576 notatum
871 2542 1009 2586 repperi
1030 2554 1050 2575 a
1065 2544 1174 2577 Mart.
1188 2544 1351 2586 Lipem'o,
1370 2542 1594 2576 Bibliotheca
1612 2542 1719 2576 realis
1736 2541 1937 2583 theologica
1956 2541 1981 2581 Ι,

225 2596 451 2630 Francofurti
485 2597 529 2630 ad
557 2596 725 2630 Moenum
754 2595 854 2633 1685,
891 2595 970 2629 349.
1022 2595 1252 2629 Schmidelini
1290 2598 1409 2630 autem
1445 2595 1575 2629 librum
1610 2596 1687 2639 ipse
1713 2594 1805 2634 vidi3
1842 2593 1902 2637 qui
1931 2593 1980 2626 in-

225 2649 381 2693 scriptus
417 2651 491 2683 est:
532 2647 808 2691 „Grundtlicher
835 2648 907 2681 vnd
933 2647 1179 2691 warhafftiger
1205 2648 1480 2691 Gregenbericht,
1511 2660 1582 2681 von
1609 2647 1855 2682 Catholischer
1880 2646 1979 2680 Com-

225 2702 379 2743 munion,
406 2702 478 2735 vnd
504 2701 646 2735 rechter
673 2701 854 2743 Niessung
881 2701 943 2734 des
969 2700 1075 2734 Leibs
1102 2701 1173 2734 vnd
1200 2700 1305 2734 Blfits
1332 2700 1476 2741 Christi,
1507 2701 1554 2734 im
1580 2700 1735 2743 heiligen
1761 2698 1978 2732 Nachtmal.

225 2753 335 2787 wider
375 2754 440 2787 den
480 2753 635 2795 Bericht,
674 2753 746 2787 auss
783 2753 934 2787 benelch
962 2781 968 2787 .
997 2781 1003 2787 .
1032 2780 1039 2787 .
1068 2780 1086 2793 .,
1127 2753 1238 2786 durch
1277 2753 1450 2787 Jacobum
1486 2753 1626 2787 Andree
1664 2752 1705 2786 D.
1741 2751 1870 2785 Probst
1908 2751 1979 2784 vnd

226 2805 391 2840 Cantzler
418 2808 480 2840 der
509 2807 731 2840 Vniuersitet
755 2806 799 2840 zi'i
826 2806 1025 2849 Tubingen.
1077 2805 1255 2840 Getruckt
1281 2806 1324 2839 zu
1351 2806 1539 2848 Tubingen
1558 2832 1564 2839 .
1586 2806 1708 2840 1565.“

342 2860 354 2879 S
390 2859 602 2893 Guilielmus
634 2859 858 2904 Eysengrein
895 2858 1136 2901 (Eisengrein)
1174 2858 1303 2892 nobilis
1339 2858 1529 2903 spirensis,
1574 2858 1639 2892 sub
1674 2868 1705 2890 a.
1735 2857 1826 2891 1544
1860 2859 1978 2898 natus,

224 2911 372 2945 Martini
414 2912 638 2956 Eysengrein
678 2912 881 2955 theologiae
923 2911 1138 2955 professoris
1183 2915 1219 2945 et
1259 2911 1404 2956 parochi
1454 2909 1745 2953 ingolstadiensis
1795 2909 1978 2954 patruelis,

224 2975 269 2998 m.
296 2964 488 2998 Februario
527 2977 558 2999 a.
594 2965 684 2999 1562
719 2965 755 2998 111
796 2964 1023 3007 „matricula“
1063 2964 1314 2998 universitatis
1349 2962 1640 3007 ingolstadiensis
1674 2962 1867 3007 inscriptus
1902 2964 1979 2996 erat

229 3017 429 3058 „studiosus
465 3017 800 3062 iurisprudentiae“.
851 3020 892 3052 A.
928 3018 1017 3052 1566
1054 3017 1263 3059 ingolstadii
1299 3016 1393 3061 apud
1427 3015 1673 3050 Alexandrum
1708 3018 1743 3049 et
1777 3015 1978 3049 Samuelem

224 3069 537 3104 Weissenhornios
563 3070 695 3104 fratres
722 3071 757 3104 in
783 3071 822 3107 29
848 3082 1003 3104 excusus
1030 3073 1085 3104 est
1111 3070 1201 3104 liber
1231 3069 1432 3111 „Guilielmi
1450 3068 1712 3113 Eysengreinii.
1751 3068 1802 3102 De
1828 3067 1976 3102 Nemeto

225 3122 404 3167 Spirensis
432 3123 633 3156 Centenarii
660 3123 754 3157 XVI.
792 3123 1024 3157 Continentes
1052 3123 1308 3167 descriptiones
1334 3133 1451 3155 rerum
1478 3121 1768 3162 memorabilium,
1795 3121 1831 3154 in
1850 3120 1977 3154 Ortho-

224 3176 315 3209 doxa
351 3178 387 3209 et
421 3174 627 3219 Apostolica
663 3175 794 3209 Christi
831 3176 994 3209 Ecclesia
1030 3175 1231 3215 Gestarum,
1261 3202 1267 3209 .
1296 3201 1303 3208 .
1331 3202 1338 3209 .
1390 3174 1575 3207 Adversus
1607 3173 1746 3208 Novam
1780 3174 1975 3207 Historiam
