2045 3471
327 206 422 240 Mon.
442 206 511 240 659
537 206 616 240 sive
641 217 724 250 aug.
747 206 783 249 (b
806 206 876 249 16).
915 206 945 239 A
973 206 1005 240 d.
1025 206 1080 240 27.
1099 204 1200 240 Febr.
1220 205 1263 240 ad
1291 205 1346 239 22.
1365 205 1451 239 Maii
1472 205 1572 239 1566.
1744 206 1828 247 563

66 323 246 358 doctrinas
272 325 308 357 et
330 324 513 369 opiniones
530 323 928 367 neochristianorum“).
964 324 996 358 2.
1023 323 1223 368 Epistulam
1252 326 1287 357 et
1304 322 1536 367 apostolicam
1563 325 1598 356 et
1624 321 1830 356 canonicam

66 387 146 410 esse
180 376 355 411 adversus
390 379 632 421 protestantes
668 377 898 411 demonstrat.
956 376 987 410 3.
1027 376 1079 410 De
1115 376 1240 410 Jacobi
1279 375 1446 409 laudibus
1484 375 1571 409 dicit
1609 374 1829 418 („nunquam

67 439 192 463 carnes
218 429 390 471 comedit,
411 457 417 463 .
438 457 444 463 .
466 457 472 463 .
492 441 672 474 nunquam
701 429 808 464 etiam
836 429 925 464 bibit
949 429 1071 463 uinum
1099 431 1161 462 aut
1187 429 1350 463 siceram.
1403 428 1438 462 Si
1464 440 1558 462 nunc
1584 427 1748 462 ueniret³
1773 427 1832 460 uel

65 481 283 515 monachusb
309 482 367 516 uel
390 482 601 527 pharisaeus
624 482 758 526 esset“)
791 482 828 525 (1.
848 493 877 516 c.
896 482 920 515 f.
942 482 1118 524 72—1122).
1153 480 1236 514 Sine
1263 481 1330 515 die.
1367 480 1493 514 Contio
1520 481 1662 514 omnino
1688 480 1831 514 videtur

65 534 189 569 habita
216 546 294 569 esse
321 535 357 568 in
382 535 516 580 templo
543 535 576 569 S.
606 535 749 569 Ioannis
774 535 865 569 feria
891 535 952 569 VI.
979 536 1061 579 post
1088 533 1243 574 Cineres,
1270 534 1349 567 sive
1378 534 1407 568 1.
1428 534 1549 568 Martii
1579 534 1680 568 1566.

189 586 260 629 „De
286 588 473 631 euangelio
499 587 796 632 quadragesimae
822 587 959 622 Matth:
986 589 1008 621 4
1024 589 1043 620 ¹.
1096 586 1199 620 Circa
1224 585 1291 620 hoc
1317 587 1545 630 euangelium
1572 586 1642 620 iam
1668 586 1828 620 auditum

66 642 167 685 patet
200 640 305 675 facile
340 641 532 675 cuilibet*
568 644 635 675 etc.
689 640 787 683 „Non
823 641 927 675 credo
955 650 1170 684 quemquam
1197 639 1322 673 adesse
1350 639 1409 683 qui
1436 640 1574 673 nesciat
1600 651 1665 674 nos
1691 650 1770 673 esse
1795 639 1830 673 in

66 694 342 737 quadragesima
377 697 412 728 et
438 695 474 728 in
508 694 623 739 prima
648 693 852 728 Dominica“
887 694 933 736 (3.
961 692 1081 726 Martii
1110 692 1229 736 1566).
1285 691 1429 734 „Dicam
1458 693 1502 726 1(Ι
1539 693 1623 736 quid
1650 691 1831 736 simplices

65 746 133 780 hoc
158 748 318 791 tempore
353 747 543 792 praecipue
569 748 662 781 scire
698 749 734 780 et
759 747 878 780 facere
905 745 1058 780 debeant
1083 745 1103 778 2
1131 756 1194 778 cur
1219 756 1322 779 nemo
1349 745 1493 788 grauari
1520 745 1648 779 debeat
1673 745 1831 778 ieiunare

65 799 260 833 secundum
296 799 454 833 ordinem
485 799 669 834 Ecclesiae
696 800 716 833 3
753 799 927 843 quomodo
961 797 1199 832 resistendum
1239 796 1437 839 Sathanae,
1474 798 1534 841 qui
1570 798 1673 832 hodie
1708 800 1829 831 contra

66 851 245 886 Jeiunium
280 852 434 886 libenter
467 852 659 897 disputat.“
717 852 839 894 „Nunc
873 853 1012 885 tantum
1048 850 1224 894 loquendo
1259 850 1302 884 de
1330 850 1523 885 Catholicis
1558 849 1743 884 fatendum
1776 853 1831 884 est

65 904 204 939 nullum
239 916 318 940 esse
352 916 441 950 opus
478 906 606 939 bonum
641 906 733 949 quod
769 904 878 939 vilius
914 904 1126 938 aestimatur
1160 906 1196 937 et
1230 903 1333 948 peius
1368 904 1591 938 obseruatur.
1645 903 1746 937 Vnde
1772 903 1830 936 1101

66 969 192 992 carnes
218 958 418 999 comedunt,
443 958 501 992 uel
519 969 627 1003 saepe
646 958 837 992 comedunt
862 958 897 991 in
916 957 972 990 die
998 960 1034 990 et
1059 955 1182 990 multis
1208 956 1311 990 annis
1338 956 1394 990 uel
1421 959 1498 990 tota
1524 956 1600 990 vita
1625 968 1694 990 non
1719 955 1830 990 semel

65 1013 213 1045 seruant
240 1011 563 1056 quadragesimam.
614 1011 730 1045 Pudet
755 1022 811 1044 me
838 1011 880 1044 de
907 1010 974 1044 hac
1000 1021 1037 1043 re
1063 1008 1159 1053 loqui
1186 1011 1222 1042 et
1248 1009 1355 1043 timeo
1381 1021 1424 1042 ne
1451 1009 1595 1053 quidam
1621 1012 1749 1054 putent
1774 1020 1831 1042 me

67 1075 146 1098 esse
171 1064 342 1099 acriorem
364 1065 467 1109 quasi
485 1065 533 1099 sit
550 1064 903 1109 temporalisandum.
946 1062 1014 1097 Sed
1041 1064 1186 1107 propter
1211 1061 1417 1096 obedientes
1444 1062 1617 1096 ecclesiae
1643 1062 1735 1096 filios
1761 1073 1830 1097 non

67 1128 212 1162 possum
238 1118 403 1152 omittere
430 1119 515 1162 quin
541 1118 751 1152 admoneam
778 1128 838 1151 eos
864 1119 904 1150 vt
930 1116 1088 1150 ordinem
1116 1115 1291 1149 ecclesiae
1317 1115 1439 1158 magni
1465 1115 1602 1150 faciant
1626 1118 1662 1149 et
1679 1115 1831 1150 libenter

67 1170 329 1215 amplectantur
363 1173 399 1205 et
424 1171 634 1216 praesertim
665 1171 700 1204 in
727 1182 767 1204 eo
793 1181 831 1204 se
858 1170 1082 1204 confortente
1116 1180 1179 1213 per
1204 1168 1413 1202 hodiernum
1440 1168 1696 1212 Euangelium“
1729 1169 1829 1212 (cod.

71 1224 176 1266 „Cam
200 1224 264 1259 27⁸⁴
294 1225 318 1259 f.
340 1225 588 1268 1662—1712).
624 1224 726 1258 Hanc
752 1224 952 1258 contionem
980 1221 1147 1256 Canisius
1172 1221 1405 1264 significavit,
1433 1233 1513 1255 cum
1539 1222 1630 1255 feria
1648 1222 1709 1256 lV.
1730 1221 1830 1256 Cine-

68 1288 168 1318 rum,
203 1279 395 1322 postquam
420 1277 533 1312 Deum
570 1277 721 1317 ieiunia,
762 1275 1056 1319 „castigationem
1092 1274 1284 1318 corporis“‚
1323 1274 1653 1316 „mortificationem
1689 1275 1825 1309 carnis“

67 1331 212 1374 exigere
238 1330 340 1372 dixit,
366 1330 454 1364 haec
480 1330 644 1365 adderet:
676 1329 829 1372 „Verum
858 1329 899 1362 de
927 1329 992 1362 hoc
1018 1328 1121 1372 plura
1148 1327 1324 1361 dominico
1343 1327 1419 1361 die“
1444 1328 1482 1371 (l.
1502 1339 1530 1361 0.
1551 1327 1574 1362 f.
1594 1328 1660 1371 4³).
1698 1328 1828 1362 Habita

68 1385 123 1417 est
148 1383 183 1417 in
210 1383 362 1418 ecclesia
388 1383 597 1418 cathedrali.

195 1437 261 1479 „Jn
297 1437 476 1482 prioribus
512 1436 757 1471 contionibusf
789 1434 934 1469 memini
961 1446 1004 1468 ex
1033 1434 1162 1478 quibus
1189 1435 1326 1468 causis“
1359 1436 1424 1467 etc.
1481 1433 1702 1478 „Propositio
1715 1440 1738 1468 ἕ.
1782 1434 1831 1468 Vt

67 1490 147 1535 plus
172 1490 343 1535 temporis
368 1491 547 1525 lucremur
573 1501 642 1523 non
667 1490 782 1524 sinam
809 1500 865 1522 me
892 1488 1041 1522 detineri
1078 1487 1172 1521 circa
1198 1486 1446 1530 Euangelium.
1497 1486 1600 1521 Nunc
1627 1487 1670 1521 ad
1696 1487 1830 1521 saluta-

65 1543 199 1578 tionem
238 1544 448 1578 accedemus
487 1545 523 1577 et
560 1543 712 1588 primam
749 1541 875 1576 deinde
913 1540 1128 1575 sententiam
1167 1539 1459 1585 explicabimus.“
1525 1540 1749 1585 Superiorem
1789 1540 1831 1574 de

67 1596 224 1641 epistula
249 1597 365 1631 lacobi
403 1597 600 1631 contionem
638 1596 796 1630 breviter
830 1595 961 1639 repetit
995 1598 1032 1628 et
1056 1594 1210 1638 primum
1246 1592 1422 1637 epistulae
1449 1603 1593 1627 versum
1619 1593 1831 1636 singillatim

67 1650 326 1694 interpretatur
345 1650 383 1694 (1.
403 1662 432 1684 0.
451 1650 475 1685 f.
497 1649 697 1693 lib—14³).
734 1648 816 1683 Sine
835 1648 902 1682 die.
938 1647 1064 1682 Contio
1091 1646 1214 1681 habita
1241 1657 1321 1680 esse
1347 1645 1488 1679 omnino
1515 1646 1658 1680 videtur
1684 1646 1774 1680 feria
1786 1646 1831 1680 Il.

67 1705 149 1747 post
172 1703 273 1737 Dom.
300 1703 326 1737 1.
354 1703 484 1745 Quadr.
511 1704 588 1738 sive
613 1704 646 1738 4.
665 1702 789 1737 Martii
817 1702 907 1735 1566
933 1702 968 1734 111
995 1700 1128 1745 templo
1156 1699 1189 1734 S.
1209 1700 1364 1733 [oannis.

184 1756 224 1790 In
242 1756 302 1791 Iac
322 1758 350 1798 l,
369 1757 472 1790 2—6.
523 1756 755 1801 „Propositio‚
782 1755 897 1789 dicam
919 1756 934 1788 1
964 1754 1006 1788 de
1033 1753 1152 1787 causis
1178 1752 1383 1796 gaudendih
1408 1755 1568 1797 tempore
1594 1753 1831 1786 tentationum

67 1809 88 1841 2
114 1809 157 1843 de
183 1809 278 1844 dicto
305 1809 479 1853 sequenti,
516 1808 559 1842 Si
596 1809 703 1853 quis
742 1811 953 1842 uestrum
989 1806 1219 1849 indiget“1
1249 1805 1323 1848 [Iac
1351 1806 1380 1844 1,
1408 1805 1454 1849 5],
1481 1805 1503 1840 1.
1531 1817 1560 1839 0.
1588 1805 1630 1839 (10
1655 1806 1833 1850 sapientia

66 1873 86 1895 a
112 1862 185 1896 Deo
219 1863 384 1907 petenda.
439 1862 608 1907 „Sectarij
635 1862 749 1896 nostri
775 1861 946 1905 temporis
965 1888 972 1894 .
994 1887 999 1894 .
1021 1887 1027 1893 .
1047 1859 1174 1893 nolunt
1199 1870 1323 1892 curare
1348 1858 1518 1892 iudicium
1545 1858 1727 1900 ecclesiae,
1762 1870 1832 1893 non

66 1915 189 1950 audire
213 1916 342 1950 Patres
375 1915 433 1949 uel
461 1915 619 1949 Concilia
653 1915 711 1949 uel
737 1914 1013 1954 Vniuersitates‚
1050 1912 1112 1946 sed
1149 1914 1278 1956 putant
1312 1911 1389 1946 sine
1415 1911 1547 1945 talibus
1574 1911 1701 1956 medijs
1727 1923 1831 1956 posse

66 1968 203 2003 discere
222 1971 256 2003 et
275 1968 477 2012 intelligere
492 1969 682 2003 ueritatem
701 1968 782 2002 fidei
801 1970 837 2001 et
851 1966 1085 2001 christianam
1105 1965 1236 1999 habere
1254 1965 1488 2009 sapientiam“
1509 1964 1619 2007 (l.c.f.
1632 1965 1829 2008 142—1912).

66 2022 148 2056 Sine
184 2022 250 2056 die.
302 2021 427 2056 Contio
461 2021 592 2063 habita,
630 2024 669 2055 ut
703 2021 844 2055 omnino
880 2020 1033 2059 videtur,
1070 2019 1104 2052 in
1140 2018 1272 2063 templo
1308 2017 1341 2051 S.
1370 2018 1511 2052 Ioannis
1547 2018 1636 2051 feria
1663 2018 1723 2051 IV.
1751 2022 1831 2062 post

65 2075 167 2110 Dom.
195 2076 221 2109 Ι.
248 2074 378 2116 Quadr.
406 2076 483 2109 sive
510 2075 566 2109 die
592 2076 624 2109 6.
643 2075 765 2109 Martii
795 2075 895 2108 1566.

187 2128 420 2172 ⁷‚Audiuimus
455 2140 500 2162 ex
534 2127 832 2173 praecedentibus
868 2125 1095 2161 concionibus
1122 2124 1287 2168 egregias
1314 2123 1553 2159 sententias..
1575 2151 1580 2157 .
1603 2152 1608 2157 .
1660 2124 1699 2157 In
1726 2126 1827 2157 textu

64 2181 344 2226 progrediemur,
379 2184 420 2215 ut
444 2181 581 2215 similes
608 2182 902 2224 margaritas
928 2178 1159 2224 reperiamus,
1190 2177 1276 2211 licet
1301 2177 1392 2222 apud
1420 2188 1547 2222 porcos
1573 2188 1697 2221 parum
1725 2177 1828 2211 aesti-

64 2238 206 2268 mentur
231 2235 301 2268 imo
327 2234 435 2268 etiam
474 2234 824 2268 conculcentur
858 2233 959 2267 suis
996 2231 1258 2276 pedibus.“²
1310 2231 1348 2264 In
1375 2231 1433 2264 lac
1463 2231 1490 2271 l,
1518 2230 1644 2264 5—12.
1697 2230 1827 2265 Contra

69 2288 279 2332 7,ὸῖιβόχουξι
305 2288 341 2330 (l.
362 2299 392 2322 c.
410 2287 434 2321 f.
454 2288 654 2330 202—21b).
698 2287 781 2321 Sine
808 2286 875 2320 die.
910 2285 1035 2320 Contio
1061 2284 1195 2325 habita,
1221 2285 1262 2317 ut
1287 2283 1428 2317 omnino
1454 2283 1606 2324 videtur,
1633 2284 1668 2316 in
1695 2283 1828 2327 templo

64 2341 99 2376 S.
116 2340 260 2375 Ioannis
286 2340 375 2374 feria
401 2340 461 2374 VI.
489 2342 569 2385 post
594 2341 695 2374 Dom.
722 2340 748 2374 J.
768 2339 898 2382 Quadr.
924 2339 1002 2373 sive
1029 2338 1059 2373 8.
1079 2337 1201 2371 Martii
1231 2337 1330 2371 1566.

186 2393 391 2436 „Dominica
426 2393 716 2427 Reminiseere“k
754 2393 813 2436 (z
840 2393 884 2427 II.
913 2390 1217 2434 Quadragesimae
1252 2391 1330 2423 sive
1360 2389 1411 2423 10.
1436 2389 1558 2423 Martii
1588 2389 1706 2433 1566).
1761 2388 1826 2432 „Si

64 2447 170 2491 quis
198 2449 408 2481 uestrum
436 2446 624 2489 indiget
659 2446 936 2491 sapientia³
962 2447 1029 2479 etc.
1065 2444 1116 2477 De
1144 2442 1369 2478 Oratione*
1414 2442 1542 2487 incipit
1567 2442 1611 2476 ab
1639 2441 1826 2485 evangelio

64 2499 144 2542 diei,
171 2500 262 2544 quod
290 2511 330 2533 eo
356 2502 515 2544 tempore
533 2500 569 2533 in
588 2499 739 2534 ecclesia
757 2501 960 2542 augustana
977 2500 1056 2532 erat
1073 2498 1116 2531 de
1134 2496 1283 2530 muliere
1302 2495 1519 2536 chananaea,
1547 2495 1601 2528 Mt
1618 2497 1670 2537 15,
1685 2495 1825 2530 21—28

65 2552 163 2596 (vide
189 2564 298 2597 supra
325 2565 356 2597 p.
384 2553 480 2596 550).
535 2553 601 2594 „Jn
636 2552 806 2586 hodierno
834 2550 1030 2594 Euangelio
1066 2550 1159 2594 quod
1195 2550 1238 2583 ab
1273 2549 1387 2583 tribus
1424 2548 1667 2591 Euangelistis
1703 2548 1824 2582 sedulo

62 2605 277 2640 describitur
293 2605 403 2639 habet
424 2605 549 2639 fidus¹¹¹
576 2605 799 2650 praedicator
821 2604 948 2639 bonam
975 2604 1198 2637 occasionem
1223 2601 1401 2636 tractandi
1428 2601 1470 2635 de
1494 2601 1605 2646 varijs
1632 2601 1825 2635 uirtutibus

62 2659 97 2693 in
116 2658 305 2694 Cananaea
331 2659 593 2693 relucentibus*
625 2661 692 2692 etc.
728 2658 804 2692 Has
830 2657 987 2692 breviter
1012 2658 1186 2690 recenset.
1222 2654 1376 2688 Deinde:
1408 2654 1500 2696 „Nos
1526 2656 1630 2689 uero*
1646 2661 1672 2696 ¹¹,
1698 2655 1824 2699 inquit,

67 2711 258 2755 „habemus
276 2712 312 2745 in
330 2712 446 2746 animo
465 2723 533 2746 non
553 2711 632 2757 plus
650 2714 806 2746 tractare
825 2711 867 2744 de
885 2709 1094 2753 Euangelio,
1121 2709 1181 2742 sed
1210 2707 1424 2752 praeeipue0
1451 2707 1492 2741 de
1516 2707 1673 2741 oratione
1700 2708 1824 2742 demus

168 2795 195 2823 a)
216 2793 335 2818 uiueret
354 2793 420 2817 libr.
495 2792 524 2823 b)
547 2791 703 2817 monichus
724 2792 788 2816 libr.
864 2795 889 2819 c>
917 2792 962 2816 Ita
985 2793 1012 2815 c.
1033 2798 1086 2814 sua
1109 2798 1194 2814 manu
1215 2790 1342 2813 cor-rescit
1362 2797 1398 2813 ea·
1418 2787 1460 2813 Ex
1480 2787 1536 2813 hoc
1556 2788 1718 2820 Euangelio
1743 2797 1823 2816 com—

62 2834 144 2866 munj
164 2835 200 2867 [Ρ]
226 2834 285 2860 iam
305 2834 408 2860 audito
430 2835 513 2867 patet
534 2833 664 2864 cuilibet,
691 2841 763 2865 quae
782 2833 942 2864 scripserat
962 2832 1028 2856 libr.
1103 2829 1132 2861 d)
1155 2832 1234 2855 Haec
1249 2831 1412 2862 propositio
1432 2834 1457 2855 et
1478 2831 1584 2855 divisio
1604 2832 1639 2855 ab
1661 2832 1722 2863 ipso
1743 2832 1771 2856 C.
1791 2832 1820 2856 in

62 2877 193 2908 maryine
213 2877 323 2907 scripta
343 2879 392 2900 est.
463 2875 490 2905 e)
511 2874 688 2900 confortant
707 2875 772 2899 libr.
847 2874 875 2904 s)
898 2874 941 2898 Ita
958 2874 986 2898 C.
1002 2874 1062 2904 ipse
1083 2873 1209 2897 vorrein
1230 2880 1266 2896 ex
1279 2871 1398 2896 Dictum
1419 2873 1449 2896 et
1470 2872 1633 2897 tractatum
1655 2873 1703 2898 est
1721 2879 1822 2905 supra,

62 2925 134 2949 quae
153 2918 313 2948 scripserat
334 2917 399 2941 libr.
479 2916 509 2947 g)
531 2918 591 2941 Hoc
611 2925 634 2942 ι’.
654 2920 679 2940 e!
702 2918 734 2940 10
747 2924 805 2947 sqq.
825 2916 860 2940 ab
882 2915 943 2946 ipso
964 2916 991 2939 C.
1014 2915 1042 2938 in
1063 2914 1194 2944 maraine
1214 2914 1324 2944 sni-ima
1344 2917 1420 2938 sunl.
1504 2912 1534 2945 11)
1556 2915 1694 2945 Sequitur
1713 2913 1821 2945 tribuS,

61 2966 79 2983 a
100 2960 128 2984 C.
148 2959 236 2983 obtin.
305 2957 325 2989 i)
346 2959 425 2983 Haec
440 2959 603 2989 propositio
623 2958 658 2982 ab
679 2958 741 2988 ipso
762 2959 789 2981 ζ’.
810 2957 920 2987 scripta
941 2959 990 2980 ese.
1059 2954 1089 2985 k)
1112 2956 1188 2979 Haec
1210 2963 1249 2979 ι·ι“.
1270 2955 1388 2986 scripsit
1412 2955 1470 2986 ipse
1493 2957 1520 2979 Γ.
1583 2954 1604 2985 1)
1625 2957 1704 2981 Haec
1726 2964 1765 2981 cc.
1786 2957 1821 2980 ab

60 3000 124 3031 ipso
144 3002 172 3024 (J.
192 2999 303 3031 scripta
322 3002 399 3024 sunt.
479 3002 519 3030 111)
548 3000 593 3024 Ita
615 3001 642 3023 C.
663 2998 789 3023 correxit
816 3005 851 3022 ex
877 2997 984 3027 bonuS‚
1011 2997 1083 3027 quod
1103 3000 1239 3027 posuerat
1260 2997 1326 3020 mar.
1407 2998 1437 3027 11)
1464 2997 1602 3028 Sequitur
1621 2996 1712 3029 aliud,
1731 2998 1820 3023 oblim.

63 3040 91 3072 ο)
112 3042 159 3065 Ita
180 3042 208 3065 C.
229 3041 290 3072 ipse
310 3041 437 3065 cori-erit
458 3048 494 3065 ex
513 3040 622 3069 animo,
642 3046 750 3071 nempe
771 3040 813 3069 ut,
834 3046 906 3070 quae
923 3041 1063 3069 posuerat
1084 3038 1148 3061 libr.

186 3137 194 3156 ¹
221 3136 267 3169 Et
293 3137 496 3179 augustana
522 3134 667 3177 liturgia
695 3140 729 3167 et
755 3144 901 3167 romana
927 3133 1110 3166 Dominica
1138 3133 1162 3165 l.
1183 3132 1485 3176 Quadragesimae
1512 3131 1689 3167 habebant
1716 3144 1820 3167 evan-

61 3188 193 3231 gelium
221 3189 275 3222 Mt
300 3190 332 3227 4,
362 3189 486 3222 1—11.
645 3188 657 3205 '·’
684 3187 736 3220 Mt
764 3188 793 3227 7,
821 3186 851 3219 6.
998 3192 1010 3209 ³
1039 3186 1095 3219 Iac
1125 3187 1154 3226 l,
1181 3186 1212 3220 5.

1461 3246 1534 3279 36*
