2045 3471
206 207 289 248 452
684 201 784 235 1435.
812 199 977 233 Canisius
1003 198 1037 232 S.
1062 198 1252 232 Francisco
1278 197 1320 231 de
1347 197 1488 240 Borgia.

205 323 280 366 sed
313 323 444 365 etiam
477 319 716 362 extruendo
740 318 978 360 Seminario
1011 320 1175 359 certam
1207 315 1432 371 pecuniam
1464 315 1533 356 uel
1566 315 1802 368 prouentus
1834 325 1962 366 quos-

206 389 303 430 dam
346 385 648 428 beneficiorum
693 383 867 425 addicat
908 385 1040 436 atque
1080 381 1349 436 polliceatur.
1413 379 1553 421 Audio
1594 393 1679 420 non
1719 377 1827 420 satis
1868 391 1964 419 esse

205 453 418 495 salubrem
462 464 606 492 aerem
639 448 934 498 Constantiae,
977 447 1089 490 sicut
1129 447 1298 501 expertj
1333 446 1558 488 fatentur.
1583 443 1676 485 Nec
1711 457 1863 497 parum
1895 456 1964 484 re-

206 518 318 560 feret
351 531 376 558 a
408 515 531 558 nobis
572 513 804 569 prouideri,
849 512 1019 566 quando
1061 515 1106 555 et
1147 512 1299 565 quibus
1340 509 1581 552 rationibus
1621 511 1836 560 utrunque
1868 507 1963 549 Col-

206 582 380 634 legium,
414 581 451 622 si
484 581 706 630 offeratur,
741 579 794 621 ab
827 578 1043 632 Episcopo
1076 575 1396 618 Constantiensi
1429 577 1474 616 et
1505 572 1823 627 Argentinensi‚
1856 571 1964 613 ueli-

206 661 300 689 mus
333 649 377 688 et
408 645 622 700 possimus
665 644 895 686 instituere
909 645 936 685 1.
1000 642 1189 684 Primum
1228 642 1281 683 ab
1322 640 1406 681 illis
1448 639 1528 680 1100
1570 637 1874 692 postulabitur,
1916 639 1965 678 ut

206 711 562 754 Concionatorem
595 712 671 752 aut
703 708 774 762 qui
806 708 999 762 parando
1032 705 1225 749 aedificio
1248 704 1425 758 Collegij
1451 717 1595 745 coram
1617 703 1744 753 adsit,
1778 701 1964 755 aliquem

207 791 229 819 e
252 776 412 818 nostris
445 775 530 817 cito
553 774 778 817 mittamus
803 789 811 815 :
835 772 1036 814 fortassis
1067 786 1197 813 unum
1221 773 1351 824 atque
1374 770 1559 812 alterum
1583 768 1713 810 etiam
1736 766 1966 809 accedere¹⁸

206 841 392 896 cupient.
447 840 608 890 Quibus
640 839 693 881 de
724 839 854 880 rebus
886 837 1035 879 audire
1058 836 1181 890 cupio
1204 835 1465 877 sententiam
1489 834 1534 876 P.
1559 833 1678 875 Tuae
1709 831 1966 886 praesertim

207 907 320 960 quod
351 905 488 947 maior
520 904 691 957 quidem
724 902 828 944 mihi
861 902 1095 944 difficultas
1128 914 1224 942 sese
1253 900 1408 942 offerat
1440 913 1495 941 ex
1526 901 1652 952 parte
1683 909 1965 951 personarum

209 970 437 1013 Societatis
460 969 769 1012 mittendarum
793 968 847 1009 ad
875 966 1118 1008 huiusmodi
1138 979 1252 1007 noua
1276 964 1466 1017 Collegia
1489 962 1803 1012 constituenda,
1838 974 1965 1014 quam

208 1036 288 1078 exb
320 1038 448 1090 parte
481 1048 684 1076 censuum
719 1047 769 1075 30
802 1031 1048 1074 dotationis.
1103 1030 1281 1080 Deinde,
1316 1031 1365 1071 ut
1395 1029 1528 1070 libere
1561 1027 1713 1077 dicam,
1746 1029 1967 1080 postrema

208 1103 379 1155 patrum
413 1099 703 1153 Congregatio
745 1111 813 1139 me
855 1097 1106 1139 sollicitumc
1139 1110 1189 1138 30
1230 1095 1426 1137 timidum
1458 1093 1601 1135 reddit
1641 1093 1684 1133 in
1716 1091 1839 1133 nouis
1871 1090 1966 1132 Col-

208 1166 332 1221 legijs
365 1163 678 1219 amplectendis
691 1164 719 1213 2,
762 1161 1020 1217 praesertim
1054 1175 1148 1203 cum
1191 1161 1232 1201 in
1267 1159 1459 1214 Spirensi
1491 1161 1534 1201 et
1566 1155 1867 1211 Herbipolensi
1899 1157 1968 1197 tot

210 1246 259 1274 ac
291 1233 443 1273 tantae
469 1229 581 1271 iamd
612 1228 807 1270 incidant
839 1227 1134 1276 difficultates,
1169 1225 1321 1278 quibus
1354 1224 1486 1267 etiam
1509 1223 1677 1273 amotis,
1712 1235 1843 1274 aegre
1866 1234 1966 1262 con-

208 1297 425 1349 quiremus
448 1293 716 1336 necessarios
738 1292 824 1335 illic
847 1292 1099 1346 operariose,
1125 1293 1169 1333 et
1191 1289 1438 1332 constitutis
1460 1289 1546 1331 13111
1564 1287 1764 1340 Collegijs
1786 1286 1967 1328 uulnera

209 1361 434 1414 quaedam,
467 1363 516 1402 ut
547 1359 639 1401 fieri
673 1359 797 1408 solet,
832 1357 1090 1410 infligemus.
1146 1356 1306 1397 Verum
1329 1355 1380 1396 de
1412 1354 1477 1396 his
1510 1366 1684 1395 monere
1717 1365 1800 1393 non
1833 1350 1966 1392 debeo

208 1426 465 1480 superiores,
500 1424 571 1477 qui
603 1438 680 1478 pro
710 1437 792 1478 *sua
824 1421 1054 1476 prudentia
1087 1424 1132 1463 et
1154 1420 1375 1463 Charitate
1407 1419 1569 1461 rectius
1593 1431 1720 1470 quam
1747 1415 1850 1470 egof
1877 1415 1966 1457 for-

208 1495 339 1542 tasse,
375 1489 634 1533 Germaniae
667 1488 910 1530 consultum
944 1491 988 1529 et
1019 1489 1295 1540 prospectum
1328 1485 1492 1527 uolunt.

329 1557 393 1598 De
427 1556 522 1610 alijs
555 1555 680 1608 plura
712 1553 864 1607 scripsi
897 1551 1191 1606 superioribus
1232 1550 1382 1592 literis.
1446 1548 1703 1591 Commendo
1736 1546 1869 1600 igitur
1900 1559 1968 1587 me

211 1625 254 1664 et
286 1621 550 1675 prouinciam
584 1619 694 1661 hanc
727 1632 895 1660 omnem
929 1616 1151 1669 sacrificijs
1183 1617 1227 1658 et
1258 1615 1457 1669 precibus
1490 1614 1536 1657 P.
1555 1613 1673 1655 Tuae
1705 1626 1756 1654 ac
1787 1611 1967 1653 Patrum

211 1685 519 1728 Assistentium
556 1684 599 1725 in
632 1683 801 1726 Christo
834 1682 975 1725 JESv.

327 1750 590 1792 Benedictus
612 1749 743 1797 Deus,
778 1747 849 1800 qui
872 1746 1115 1789 Catholicos
1148 1746 1190 1787 in
1215 1744 1446 1787 Germania
1467 1743 1650 1785 multum
1672 1743 1752 1784 hoc
1773 1743 1968 1795 tempore

214 1816 476 1865 consolatur,
517 1828 611 1855 cum
644 1812 894 1865 intelligunt
925 1811 1196 1865 praeclarum
1230 1810 1394 1852 factum
1427 1807 1590 1861 egregij
1626 1806 1801 1849 Comitis
1833 1805 1968 1847 Vdal-

212 1881 287 1922 rici
322 1881 376 1922 ab
410 1877 721 1921 Helffensteing
752 1891 836 1918 non
869 1876 1070 1929 ignobilis
1111 1876 1320 1917 hactenus
1352 1872 1589 1916 Lutherani
1626 1871 1749 1914 annis
1781 1871 1968 1913 fortasse

216 1946 310 1988 15.3
342 1945 419 1987 sub
453 1958 536 1997 quo
569 1957 648 1984 sex
678 1941 915 1984 Lutherani
948 1940 1274 1982 concionatores
1306 1942 1445 1981 10111111
1487 1938 1601 1979 illius
1634 1937 1894 1979 Comitatum
1925 1935 1969 1977 in

212 2010 381 2053 haeresi
426 2008 746 2051 continebant4.
809 2006 858 2047 Js
900 2019 1002 2047 uero
1044 2005 1125 2046 Dei
1165 2004 1310 2057 gratia
1353 2004 1598 2045 illustratus
1639 2004 1683 2044 et
1722 1993 1967 2043 nostrorum

213 2074 504 2117 admonitione
546 2073 843 2120 confirmatus,
887 2070 1111 2112 reuocauit
1151 2069 1327 2111 tandem
1369 2067 1580 2109 haeresim
1622 2080 1767 2108 coram
1808 2065 1968 2114 multis,

214 2143 258 2183 et
298 2154 324 2182 a
362 2139 493 2181 Patre
534 2135 843 2179 Raibenstein¹¹
882 2136 936 2177 ad
973 2135 1093 2176 illum
1135 2134 1201 2175 his
1246 2133 1396 2175 diebus
1438 2132 1568 2174 misso
1610 2146 1695 2173 non
1734 2131 1872 2173 solum
1915 2130 1969 2172 ab

213 2205 382 2247 haeresi
420 2202 671 2246 solemniter
709 2198 994 2254 absolutu[s]i
1035 2199 1130 2250 fuit,
1173 2213 1320 2241 uerum
1365 2197 1495 2240 etiam
1537 2196 1671 2239 totius
1709 2196 1825 2238 uitae
1866 2208 1971 2237 suae

215 2269 535 2312 Confessionem
582 2267 836 2309 Generalem
884 2265 1010 2315 fecit,
1059 2265 1230 2317 iamque
1279 2264 1354 2305 dat
1401 2260 1619 2317 oper[am]
1663 2261 1775 2315 lupis
1822 2261 1970 2314 expel-

332 2362 359 2393 3)
380 2362 413 2386 In
429 2363 454 2386 A
467 2360 600 2392 sequitur
614 2367 648 2389 v„
668 2359 741 2390 quor]
762 2358 866 2382 deinde
886 2365 903 2381 α
924 2357 1066 2388 scriptore
1082 2364 1211 2388 prorsus
1230 2356 1427 2380 oblitteratum
1447 2358 1498 2379 est.
1562 2353 1592 2385 b)
1614 2355 1649 2379 In
1663 2355 1685 2378 A
1701 2354 1833 2384 sequitur
1845 2353 1971 2378 alterum

216 2411 264 2435 ex,
290 2404 378 2429 oblitt.
471 2403 497 2433 c)
528 2403 592 2426 Duo
621 2409 661 2425 vv.
681 2408 740 2432 sqq,
760 2408 853 2431 snpra
879 2407 994 2424 versum
1020 2398 1130 2429 scripta
1157 2401 1234 2422 sunt.
1326 2396 1355 2427 d)
1386 2398 1445 2421 Hoc
1471 2404 1494 2420 v.
1515 2404 1608 2427 supra
1628 2402 1741 2420 versum
1760 2395 1901 2426 scriptum
1921 2397 1970 2419 est.

215 2445 242 2476 e)
263 2444 436 2477 opaerarios
456 2445 491 2468 Α.
582 2442 611 2472 f)
639 2443 699 2466 Hoc
724 2449 748 2467 v.
768 2449 860 2472 supra
889 2448 999 2465 versum
1026 2440 1167 2471 scriptum
1196 2442 1245 2463 est.
1337 2438 1366 2469 g)
1394 2440 1419 2463 Α
1439 2438 1523 2462 habet
1543 2435 1750 2461 Herffenstein
1772 2437 1814 2460 vel
1833 2434 1971 2460 Herffen-

216 2486 312 2518 stain;
332 2487 374 2511 B:
393 2483 616 2514 Herffrnstein;
636 2492 659 2508 v.
680 2484 763 2514 infra
780 2484 881 2514 p.453.
956 2481 986 2511 h)
1007 2482 1054 2506 Ita
1074 2482 1145 2506 AB.
1219 2480 1239 2511 i)
1260 2480 1429 2511 Suppletum
1448 2487 1484 2504 em
1503 2479 1569 2504 BC.

341 2607 345 2623 ¹
374 2603 428 2637 Ad
448 2602 634 2636 Erasmum
659 2612 679 2634 a
697 2600 868 2643 Limburg
887 2600 1092 2644 episcopum
1111 2600 1442 2642 argentoratensem
1461 2597 1558 2630 adire
1576 2596 1696 2629 iussus
1713 2597 1790 2628 erat
1808 2594 1972 2628 Canisius

217 2669 285 2690 non
311 2659 396 2697 tam,
424 2658 463 2689 ut
489 2656 531 2689 de
558 2654 707 2698 collegio
734 2665 813 2688 cum
841 2665 880 2686 eo
908 2655 1042 2697 ageret,
1070 2663 1176 2696 quam
1202 2653 1243 2685 ut
1269 2662 1349 2684 eum
1375 2650 1419 2683 ad
1446 2649 1685 2683 coadiutorem
1712 2648 1747 2680 in
1765 2647 1972 2692 episcopatu

217 2709 283 2743 sibi
310 2708 574 2752 adiungendum
601 2707 804 2741 adduceret.
858 2705 1025 2740 Ceterum
1051 2705 1223 2739 Erasmus
1250 2704 1319 2737 iam
1346 2715 1377 2737 a.
1407 2703 1496 2737 1556
1522 2701 1709 2736 consilium
1735 2704 1879 2745 ceperat
1905 2700 1972 2734 001-

217 2762 300 2805 legii
328 2762 518 2796 Societatis
545 2760 711 2804 Friburgi
737 2760 949 2802 Brisgoviae
976 2758 1205 2798 instituendi;
1233 2769 1266 2791 v.
1297 2757 1383 2790 Can.
1411 2756 1444 2789 II
1470 2755 1514 2789 29
1541 2755 1586 2789 64
1614 2754 1690 2788 197.

336 2815 348 2834 2
376 2814 572 2848 Secundam
606 2809 926 2856 Cbngrcgationem
954 2810 1158 2854 generalem
1185 2809 1385 2849 Societatis,
1413 2819 1505 2852 quae
1531 2819 1551 2841 a
1579 2807 1667 2841 1565
1694 2805 1826 2840 Romae
1853 2805 1974 2839 habita

221 2868 283 2900 cst.
311 2866 414 2906 dicit3
442 2867 529 2900 haec
557 2866 639 2910 quid
667 2866 709 2900 de
736 2865 897 2908 collegiis
924 2864 1134 2904 decreverit,
1162 2862 1243 2896 vide
1269 2873 1378 2906 supra
1403 2873 1436 2906 p.
1458 2860 1549 2894 121¹.

339 2921 350 2937 ³
377 2919 466 2953 Vide
493 2931 601 2963 supra
627 2931 660 2963 p.
679 2918 867 2953 317—318
895 2917 974 2951 321.

340 2974 349 2989 ³
378 2972 525 3005 Praeter
542 2972 775 3005 Dachtlerum
794 2973 830 3004 et
848 2970 1109 3012 Halbergerum
1131 2968 1227 3011 (vide
1245 2979 1354 3012 supra
1376 2979 1409 3011 p.
1425 2965 1525 3009 317⁷)
1544 2965 1580 2998 hi
1599 2971 1804 3009 comparent
1821 2963 1974 2998 ministri

220 3021 397 3055 lutherani
416 3024 606 3058 comitatus
625 3024 740 3058 illius:
760 3023 965 3057 Leonardus
985 3022 1159 3056 Culmann
1177 3024 1213 3055 et
1235 3020 1296 3063 „D.
1314 3018 1548 3053 Laurentius“
1571 3016 1754 3060 (Frisaeus
1765 3018 1812 3060 ⁶2),
1831 3028 1862 3052 a.
1884 3017 1973 3051 1556

222 3085 291 3107 una
326 3086 405 3107 cum
432 3076 622 3110 Dachtlero
657 3077 701 3110 ab
727 3076 897 3110 Udalrico
924 3078 960 3109 et
985 3075 1194 3109 Sebastiano
1221 3074 1297 3107 eius
1323 3074 1434 3106 fratre
1461 3070 1622 3105 ecclesiis
1648 3070 1861 3114 praepositi;
1890 3069 1973 3103 Leo-

221 3127 353 3160 nardus
381 3127 553 3161 Eisenhut
588 3128 764 3172 parochus
798 3130 832 3162 in
868 3127 1118 3162 Reichenbach
1156 3127 1202 3170 (a.
1232 3125 1358 3169 1566);
1394 3124 1600 3158 Theodorus
1627 3122 1764 3164 Glaser,
1798 3122 1975 3168 parochus

222 3178 373 3223 primum
401 3180 435 3212 in
462 3179 711 3221 Westerheim,
740 3181 865 3214 deinde
895 3180 1018 3223 (1565)
1046 3180 1081 3213 in
1107 3179 1344 3213 Neenstetten
1373 3177 1628 3220 (Veesemneyer
1652 3175 1674 3209 l.
1702 3188 1730 3210 0.
1760 3176 1801 3210 11
1832 3176 1874 3210 18
1901 3174 1974 3218 38).
