2045 3471
643 197 807 240 Augusta
826 195 930 230 Vind.
953 195 1005 230 14.
1025 194 1109 229 Dec.
1131 193 1232 228 1566.
1723 191 1806 232 363

55 317 310 360 viaticorum
343 319 527 370 spectat,
568 315 687 357 breui
728 316 853 369 plura
893 313 1142 363 scribemus,
1187 314 1234 353 ut
1274 314 1393 354 recte
1425 311 1625 352 constent
1666 306 1809 349 omnia

53 383 243 436 nihilque
266 395 344 423 nos
374 381 501 423 isthic
525 381 772 423 debeamus,
825 380 1030 421 Fortasse
1060 391 1172 419 nunc
1195 375 1326 418 etiam
1356 373 1589 418 accesserit
1610 373 1668 415 M.
1692 372 1809 414 Mar-

54 447 229 502 quezius
262 460 358 488 cum
390 460 498 499 equo
532 460 608 488 suo
635 480 642 487 .
668 444 914 486 dubitamus
953 446 1099 486 tamen
1132 441 1184 483 de
1215 440 1346 482 Lucio
1378 454 1510 494 puero
1544 441 1587 481 et
1619 437 1809 480 eiusdem

54 512 222 562 comite,
257 525 383 564 quem
415 511 614 553 adiunxit
647 510 693 553 P.
717 509 904 558 Natalis,
939 508 1009 562 qui
1042 507 1094 549 de
1126 509 1311 559 Vtroque
1344 503 1594 559 perscripsit
1608 505 1635 545 1.

171 577 392 631 Expectat
423 576 559 617 bonus
582 578 733 629 pastor
755 573 1055 615 Brixinensis2
1077 571 1279 625 gratiam,
1313 573 1356 612 et
1378 575 1481 611 nos¹²
1502 569 1563 610 illi
1595 571 1643 611 ut
1666 569 1809 616 antea,

54 642 181 686 ualde
215 641 408 696 cupimus
441 654 536 682 esse
568 640 677 682 bene
711 639 956 681 consultum
988 638 1030 679 in
1063 637 1143 679 hoc
1175 635 1390 689 scrupulo.

172 707 307 748 Plane
341 705 606 754 confidimus,
641 704 695 746 ad
728 704 980 745 Decanum3
1014 705 1058 744 et
1080 700 1319 744 Canonicos
1352 697 1567 753 Spirensis
1589 696 1811 738 Ecclesiae

54 773 140 815 iam
183 771 343 813 allatas
385 783 481 812 esse
524 769 676 811 literas
709 769 755 811 P.
780 768 832 811 V.
866 767 977 810 sicut
1019 767 1149 809 etiam
1192 766 1246 808 ad
1280 765 1327 807 P.
1353 763 1663 806 Prouintialem
1697 761 1812 803 Rhe-

54 836 260 880 nensem4
306 836 482 877 alteras.
559 833 678 883 Quae
730 846 808 887 per
858 834 1182 886 procuratorem
1229 826 1593 872 Reuerendissimi
1645 824 1812 868 nostri5

53 903 298 951 mittuntur,
333 899 495 942 certius
528 898 798 951 celeriusque
830 897 911 939 huc
943 896 1059 939 mitti
1086 896 1302 945 uidentur,
1336 894 1418 937 etsi
1441 892 1661 946 Dilingam
1694 889 1812 944 prius

53 966 364 1021 perferantur.
389 965 535 1017 Atque
567 963 779 1006 hactenus
812 962 866 1004 ad
899 961 1063 1016 scripta
1096 961 1142 1003 P.
1167 961 1219 1003 V.
1243 960 1300 1003 sit
1332 971 1598 1013 responsum.

172 1030 372 1084 Dilingae
418 1028 733 1083 philosophiam
781 1028 1041 1081 profitentur
1081 1026 1138 1069 M.
1186 1025 1403 1068 Gerardus
1446 1020 1726 1065 Louaniensis
1769 1022 1814 1062 et

54 1097 110 1139 M.
135 1096 296 1149 Symon
319 1093 569 1137 Leodiensis
582 1094 610 1136 6.
657 1093 850 1134 Priorem
881 1091 1044 1133 iudicat
1065 1091 1111 1134 P.
1135 1089 1308 1133 Natalis
1340 1088 1511 1132 omnino
1544 1085 1813 1128 liberandum

52 1161 132 1203 hoc
165 1159 345 1202 docendi
377 1172 506 1201 onere
538 1161 630 1201 tum
664 1158 716 1199 ob
748 1156 1045 1199 infirmitatem
1079 1155 1284 1209 corporis,
1326 1156 1418 1196 tum
1451 1153 1504 1195 ob
1546 1150 1814 1194 debilitatem

53 1226 295 1276 oculorum,
339 1225 409 1278 qui
451 1223 680 1266 lectionem
722 1223 839 1264 ferre
880 1220 1120 1274 aegerrime
1161 1222 1355 1274 possunt.
1427 1218 1553 1260 Nunc
1597 1214 1815 1269 cogimurb

54 1291 169 1333 alere
201 1303 394 1344 puerum,
437 1288 509 1342 qui
541 1290 711 1330 tantum
745 1286 859 1329 illius
892 1299 1197 1328 amanuensem
1235 1287 1352 1338 agat,
1394 1286 1444 1325 vt
1475 1281 1664 1335 excipiat
1705 1292 1816 1333 quae

53 1356 245 1399 lecturus
276 1355 348 1396 ille
381 1354 519 1396 dictat
550 1353 593 1395 in
627 1352 834 1401 cubiculo,
868 1351 1117 1405 priusquam
1140 1349 1288 1391 veniat
1320 1348 1375 1390 ad
1408 1347 1603 1389 classem.
1651 1344 1817 1386 Deinde

54 1421 112 1464 M.
135 1420 296 1474 Symon
336 1419 399 1462 uti
431 1419 594 1460 Romae
636 1428 711 1459 suo
745 1415 921 1458 Rectori
961 1429 1045 1457 non
1088 1413 1316 1463 satisfecit,
1359 1412 1420 1455 ita
1461 1410 1662 1464 Dilingae
1702 1409 1814 1451 idem

54 1499 192 1538 neque
235 1483 396 1526 nostris
441 1483 692 1536 quibuscum
738 1483 940 1523 uersatur
985 1479 1208 1528 fratribuS,
1254 1491 1392 1531 neque
1433 1477 1475 1518 in
1518 1474 1709 1517 docendo
1751 1473 1815 1515 di-

54 1550 230 1604 scipulis
261 1549 369 1592 facit
401 1547 522 1591 satis.
578 1548 659 1590 Est
690 1547 770 1589 hoc
803 1544 1021 1599 ingenium
1046 1544 1172 1597 quale
1194 1543 1358 1585 Romae
1390 1544 1549 1584 norunt
1581 1542 1625 1582 et
1647 1538 1817 1593 experti

55 1618 168 1666 sunt,
208 1614 380 1656 minime
418 1616 560 1656 tutum
594 1627 644 1654 ac
677 1611 872 1660 solidum,
914 1613 963 1653 ut
995 1609 1216 1651 doleamus
1248 1608 1429 1649 classem
1462 1603 1814 1660 philosophicam,

55 1693 165 1733 quae
205 1680 282 1721 sub
324 1679 420 1733 alijs
461 1678 636 1731 egregie
678 1676 887 1725 habebat,
930 1688 1041 1716 nunc
1083 1672 1275 1726 aegrotis
1316 1672 1411 1715 istis
1454 1670 1662 1714 traditam
1707 1669 1815 1711 adeo

54 1746 266 1787 laborare.
321 1743 456 1793 Quam
489 1743 542 1784 ob
574 1756 664 1784 rem
698 1755 883 1791 oramus,
917 1739 1028 1782 sicut
1061 1742 1104 1781 et
1137 1738 1278 1781 orabit
1310 1738 1356 1780 P.
1386 1735 1602 1786 Natalis⁷‚
1636 1737 1684 1777 vt
1715 1734 1816 1776 mit-

54 1812 174 1853 tatur
215 1822 326 1851 anno
369 1807 565 1861 sequenti
608 1806 763 1859 aliquis
804 1805 984 1847 idoneus
1025 1803 1245 1858 professor
1288 1803 1341 1845 ad
1388 1801 1572 1855 logicam
1617 1800 1813 1842 classem.

55 1874 431 1927 Jngolstadienses
464 1873 595 1915 etiam
628 1885 776 1913 rursus
817 1872 1055 1923 queruntur
1087 1869 1138 1910 de
1170 1867 1420 1910 valetudine
1452 1867 1499 1910 P.
1523 1864 1699 1908 Henrici
1732 1863 1816 1905 Ar-

57 1939 188 1990 borei,
232 1939 303 1992 qui
344 1938 483 1991 magis
517 1951 567 1979 ac
600 1935 739 1989 magis
772 1935 827 1977 ad
867 1934 1027 1989 ptysim
1062 1933 1242 1983 accedit,
1285 1935 1329 1975 et
1360 1932 1441 1974 hoc
1473 1930 1652 1973 docendi
1686 1942 1816 1971 onere

57 2004 175 2058 cupit
206 2003 250 2045 in
282 2007 477 2057 tempore
509 2001 682 2043 liberari
697 2002 726 2043 S.
791 2000 951 2042 Verum
985 1997 1258 2052 respiciet
1299 2011 1394 2038 nos
1426 1995 1728 2043 Dominus9,
1772 1995 1815 2035 et

56 2068 278 2118 iuuabunt,
322 2067 386 2110 uti
426 2080 663 2121 speramus,
706 2064 948 2119 superiores
990 2066 1184 2117 tempore
1217 2068 1329 2104 suo⁰.
1383 2062 1549 2103 Vereor
1580 2073 1633 2101 ne
1664 2059 1708 2100 in
1740 2072 1815 2112 pe-

56 2134 186 2177 tendo
218 2131 433 2174 immodici
465 2131 701 2173 uideamur.

174 2199 230 2241 M.
257 2197 472 2239 Robertus
505 2196 559 2238 ad
581 2195 785 2248 Logicam
817 2193 1103 2248 profitendam
1136 2195 1264 2247 aptus
1297 2206 1380 2234 non
1404 2191 1575 2233 videtur
1590 2191 1636 2237 1⁰,
1671 2192 1714 2231 et
1749 2190 1816 2230 est

58 2263 349 2318 superioribus
372 2263 603 2313 utcumque
635 2260 855 2307 molestus,
889 2261 979 2301 tam
1013 2258 1150 2299 multa
1173 2257 1253 2299 sibi
1276 2257 1392 2311 cupit
1424 2254 1648 2308 indulgeri.
1692 2253 1816 2294 Vnde

177 2345 203 2374 a)
226 2344 363 2375 Sequitur
382 2341 477 2372 illum,
497 2350 512 2365 a
529 2343 557 2366 (¹.
572 2341 662 2366 omitt.
722 2340 752 2372 b)
774 2340 911 2372 Sequitur
932 2345 1008 2364 sum.
1028 2348 1044 2362 n
1061 2340 1088 2363 Γ.
1105 2339 1192 2363 oblitt.
1260 2339 1286 2370 c)
1308 2336 1483 2362 Sententiam
1505 2338 1664 2367 sequentem
1681 2334 1817 2359 (anisius

55 2390 155 2418 postea
176 2386 290 2410 adiecit.

182 2490 190 2508 ¹
218 2486 269 2520 De
296 2487 426 2519 loanne
453 2484 561 2518 Lucio
598 2482 738 2517 novicio
764 2482 846 2516 vide
879 2482 972 2516 infra
1008 2492 1100 2515 mon.
1120 2492 1195 2514 var.
1226 2480 1323 2523 (21);
1360 2479 1402 2513 de
1431 2479 1468 2512 l'.
1495 2478 1624 2511 Ioanne
1651 2476 1819 2519 Marquez

60 2541 106 2576 cf.
132 2552 239 2585 supra
266 2551 298 2584 p.
327 2539 406 2574 300.

180 2594 193 2614 ²
218 2592 390 2627 Erasmus
417 2591 574 2629 Steiner3
603 2589 682 2623 vide
709 2600 817 2633 supra
843 2600 875 2632 p.
904 2588 981 2621 347.

181 2648 192 2666 ³
219 2645 406 2690 Philippus
433 2642 685 2678 alValsbronn
715 2642 751 2684 (†
772 2641 825 2676 10.
844 2640 1059 2675 Novembris
1087 2639 1191 2680 1568)
1221 2636 1438 2672 cathedralis
1466 2635 1636 2670 ecclesiae
1664 2635 1819 2669 decanus

62 2702 139 2734 erat
167 2700 355 2742 (Remlinq,
382 2696 550 2731 Bisehofe
578 2696 609 2729 ΙΙ
637 2695 734 2737 835).
881 2695 893 2713 ⁴
921 2692 1115 2727 Antonium
1142 2690 1272 2725 Vinck.

182 2754 193 2772 ⁵
219 2751 352 2786 Romae
379 2751 413 2784 id
439 2750 596 2783 officium
623 2747 768 2782 tenebat
795 2746 943 2780 Ioannes
971 2745 1104 2779 Paulus
1131 2743 1380 2781 Castelli11ius;
1409 2742 1453 2776 cf.
1481 2752 1589 2786 supra
1617 2753 1648 2785 p.
1668 2740 1746 2775 263.

181 2806 193 2825 ὃ
221 2804 401 2839 Gerardus
428 2802 608 2837 Pastelius
644 2802 679 2834 et
704 2799 823 2834 Simon
851 2798 1040 2833 Damerius
1069 2797 1164 2839 (vide
1199 2808 1307 2840 supra
1345 2807 1376 2839 p.
1403 2794 1542 2829 84—85
1569 2794 1637 2828 260
1670 2796 1703 2827 et
1732 2793 1818 2838 Epp.

63 2860 183 2893 Nadal
209 2858 259 2892 ΙΙΙ
287 2858 354 2892 174
381 2856 477 2898 332).

183 2915 194 2934 ⁷
220 2910 360 2945 Natalis
399 2910 452 2943 12.
480 2906 688 2942 Decembris
727 2905 760 2938 id
798 2904 1028 2949 praestiterat
1067 2902 1104 2945 (l.
1133 2914 1161 2935 c.
1191 2901 1240 2935 llI
1277 2900 1492 2942 332—333).
1544 2899 1640 2933 idem
1679 2899 1820 2933 Canisio

63 2964 179 3009 planis
206 2963 326 2998 verbis
351 2962 597 3001 mandaverat,
635 2960 773 3003 peteret
809 2969 828 2991 a
855 2956 998 2999 Borgia.
1035 2958 1073 2988 nt
1110 2967 1172 2999 pro
1208 2954 1246 2987 P.
1275 2952 1431 2987 Pastelio
1459 2953 1551 2986 alius
1577 2951 1821 2997 philosophiae

64 3017 243 3062 professor
268 3017 489 3055 mitteretur;
518 3013 599 3047 vide
626 3012 718 3045 infra
747 3022 838 3044 mon.
858 3009 955 3043 herb.
979 3010 1044 3051 (5).

183 3070 196 3089 ⁸
222 3068 401 3102 Arboreus
427 3068 461 3101 in
488 3066 725 3100 universitate
752 3063 904 3106 logicam
932 3060 1097 3095 tradebat
1126 3060 1163 3101 (1.
1189 3072 1217 3093 c.
1245 3059 1295 3092 ΙΙΙ
1322 3058 1418 3101 379).

184 3124 197 3142 ³
223 3121 320 3156 Eccli
347 3121 401 3162 36,
431 3121 460 3154 1.
512 3119 566 3154 Cf.
594 3118 646 3151 Lv
673 3117 726 3151 26.
755 3117 794 3155 9;
824 3116 871 3149 ΡΞ
897 3115 952 3155 89,
982 3114 1044 3154 16;
1073 3114 1106 3146 Is
1132 3114 1187 3152 64,
1215 3112 1235 3146 9
1263 3115 1329 3145 etc.

174 3174 199 3194 ¹⁰
225 3174 401 3208 Robertus
429 3172 588 3207 Girulius
616 3170 814 3214 Oeniponte
840 3167 1054 3201 rhetoricam
1081 3165 1244 3199 tradebat
1273 3164 1377 3209 (Epp.
1406 3165 1526 3197 Nadal
1552 3163 1600 3197 ΙΙΙ
1629 3163 1725 3207 33⁴2).
1752 3166 1754 3168 ’
