2045 3471
182 206 266 247 670
544 203 640 237 Mon.
659 203 726 237 747
753 203 832 237 sive
858 213 969 245 germ.
988 202 1011 237 1.
1032 202 1122 246 (22).
1163 202 1327 235 Exeunte
1353 212 1446 235 anno
1474 200 1575 235 1565.

178 321 347 355 Ioannem
373 320 417 355 ab
435 320 541 365 Hoya
558 321 750 354 convenit.
770 320 865 364 apud
891 331 970 354 eum
999 321 1144 353 coactus
1171 320 1227 352 est
1251 329 1396 352 manere
1421 318 1524 352 binas
1549 317 1802 360 hebdomadas,
1830 329 1942 362 eoque

179 373 351 419 amplius;
387 373 573 417 multaque
606 373 773 418 princeps
799 373 842 407 de
867 373 1040 416 religione
1067 371 1300 406 conferebat.
1318 371 1514 416 productus
1540 374 1596 405 est
1624 371 1719 405 illico
1744 371 1780 404 in
1806 370 1942 416 templo

178 427 337 472 principe
363 427 399 461 in
425 438 528 462 sacra
546 429 674 467 rostra,
701 426 914 470 Dominique
931 425 1127 459 Natalitias
1152 424 1263 458 ferias
1281 424 1490 468 quotidiana
1509 424 1662 458 dictione
1680 424 1810 469 populo
1829 423 1940 458 Osna-

178 479 349 523 brugensi
375 480 574 514 sanctiores
600 479 840 523 laetioresque
867 479 972 513 fecit“
999 479 1060 521 (ex
1078 477 1270 512 voluminis
1290 478 1349 513 VI.
1369 477 1534 522 exemplo
1560 477 1604 511 ab
1622 479 1673 512 Io.
1691 478 1818 511 Everh.
1838 478 1941 511 Hazz-

178 545 261 567 man
287 533 352 567 sub
379 544 410 567 a.
428 533 519 568 1764
549 544 614 574 „ex
641 532 874 576 autographis
893 531 1012 566 Patris
1030 530 1172 565 Turck“
1203 531 1395 575 exscripto,
1423 531 1516 575 quod
1543 533 1665 565 exstat
1690 530 1940 564 Paderbornae

177 586 212 619 in
239 585 456 619 bibliotheca
481 585 723 626 theodoriana,
752 585 835 619 Cod.
866 585 925 626 „P.
945 596 977 618 a.
998 584 1083 618 109“
1114 595 1147 628 p.
1167 583 1265 625 386).

296 638 424 673 Omnia
450 639 571 682 igitur,
598 650 689 682 quae
708 638 819 682 posui,
846 650 915 671 non
942 637 985 671 ab
1012 637 1214 671 hominibus
1234 636 1375 671 Canisio
1403 636 1622 680 aequalibus,
1649 636 1711 670 sed
1731 647 1752 670 a
1769 636 1939 680 posterio-

177 691 277 726 ribus
311 694 514 726 narrantur.
565 690 721 732 Quorum
757 691 897 734 aliquos
930 702 999 724 non
1030 701 1135 735 posse
1161 689 1266 724 huius
1293 690 1344 724 rei
1371 690 1511 734 plenam
1539 690 1658 723 facere
1687 689 1805 729 fidem,
1840 690 1940 733 patet

177 745 285 778 etiam
320 756 366 778 ex
400 756 451 785 eo,
488 745 579 788 quod
615 744 695 778 illos
722 744 765 777 de
791 743 871 777 aliis
899 743 1030 777 Canisii
1058 743 1166 777 rebus
1191 743 1285 777 haud
1311 745 1408 777 recte
1434 743 1592 777 sensisse
1618 744 1770 776 constat.
1821 740 1938 775 Nolim

177 797 320 841 quidem
355 797 410 831 his
445 798 565 831 verbis
601 799 725 830 notare
760 796 942 837 Rostium,
983 796 1165 830 Canisium
1204 796 1432 830 contionandi
1468 795 1585 839 gratia
1621 794 1746 839 Hoyae
1782 794 1938 839 episcopi

176 850 332 884 invitatu
359 850 611 893 Osnaburgum
637 850 781 884 venisse
807 852 1049 890 asserentem3
1074 861 1155 883 nam
1175 849 1322 883 tametsi
1348 850 1483 883 certum
1511 851 1577 889 est,
1602 847 1785 882 Canisium
1803 847 1858 881 Pii
1877 847 1937 881 IV.

175 903 346 937 mandatu
372 903 511 938 concilii
538 914 646 937 causa
672 903 795 936 eodem
820 903 975 942 venisse,
1002 903 1079 936 fieri
1104 905 1225 936 tamen
1243 905 1393 947 poterat,
1422 905 1460 936 ut
1481 901 1587 936 simul
1607 901 1810 935 contionum
1829 911 1938 934 causa

176 957 219 990 ab
247 956 350 1001 Hoya
377 957 499 990 eodem
525 958 787 991 arcesseretur:
825 958 976 1000 poterat,
1004 956 1161 1000 inquam,
1188 956 1283 996 fieri;
1320 967 1434 999 neque
1461 955 1565 996 enim,
1596 954 1688 988 unde
1714 953 1861 987 Rostius
1887 953 1938 987 ita

174 1009 311 1043 factum
338 1021 416 1043 esse
443 1009 631 1053 acceperit,
650 1009 734 1043 scio.
774 1008 882 1053 Lapsi
900 1011 1019 1043 tamen
1039 1012 1123 1043 sunt
1141 1009 1329 1050 Turckius,
1350 1008 1530 1049 Sandhoff,
1550 1007 1717 1047 Strunck,
1737 1018 1816 1040 cum
1835 1006 1937 1041 Cani-

175 1063 267 1096 sium
285 1062 532 1096 Paderbornae
558 1062 670 1096 fuisse
697 1062 874 1102 dicerent;
902 1062 978 1107 ipse
998 1062 1163 1097 Canisius
1190 1066 1314 1096 contra
1340 1062 1448 1098 dixit:
1477 1062 1559 1095 vide
1582 1072 1690 1105 supra
1716 1072 1749 1105 p.
1770 1059 1837 1094 152
1857 1059 1935 1094 157.

174 1115 394 1149 Erraverunt
420 1115 562 1160 Python
589 1118 623 1149 et
650 1115 822 1160 Dorigny,
857 1128 937 1149 cum
964 1116 1104 1161 Hoyam
1141 1116 1247 1150 rebus
1283 1128 1303 1149 a
1330 1115 1472 1149 Canisio
1499 1114 1702 1157 Osnaburgi
1739 1113 1861 1156 gestis,
1897 1114 1937 1146 ut

175 1168 365 1202 Societatis
391 1168 579 1212 collegium
606 1168 737 1202 ibidem
764 1169 915 1203 condere
941 1171 1129 1209 statueret,
1159 1169 1342 1203 inductum
1371 1180 1450 1202 esse
1476 1168 1690 1207 scriberent:
1727 1166 1832 1210 Hoya
1858 1177 1934 1199 eam

174 1222 433 1255 institutionem
461 1234 505 1255 ex
531 1221 668 1265 aliquot
694 1222 763 1255 iam
791 1222 893 1256 annis
919 1222 1180 1263 meditabatur;
1207 1222 1289 1256 vide
1307 1233 1415 1266 supra
1433 1234 1466 1266 p.
1488 1222 1564 1255 155.
1605 1219 1854 1262 Quaerendum
1881 1220 1937 1252 est

173 1274 302 1318 igitur:
330 1274 466 1316 Quibus
492 1275 651 1308 fontibus
678 1275 882 1319 scriptores,
909 1286 999 1319 quos
1025 1275 1109 1315 dixi,
1136 1278 1220 1309 sunt
1245 1275 1332 1309 usi‘?
1370 1275 1494 1318 Neque
1520 1275 1555 1308 in
1580 1273 1805 1316 ⁷,Relatione“
1828 1282 1934 1315 quam

173 1328 258 1369 dixi,
292 1339 407 1372 neque
433 1328 467 1361 in
496 1328 610 1362 Rostii
638 1328 846 1369 Annalibus,
882 1340 998 1373 neque
1023 1329 1059 1362 in
1086 1329 1175 1362 libro
1203 1328 1320 1362 Caroli
1348 1327 1460 1362 Stiive
1495 1326 1697 1361 huiusmodi
1732 1326 1849 1359 fontes
1885 1325 1935 1358 in-

173 1381 337 1414 dicantur
353 1382 371 1414 ¹.
415 1381 593 1415 Turckius
620 1382 655 1415 in
681 1381 779 1415 illius
805 1381 934 1426 capitis
961 1382 1061 1415 initio
1091 1382 1126 1420 (l.
1156 1394 1183 1416 c.
1212 1394 1245 1426 p.
1264 1382 1349 1425 385)
1376 1381 1567 1424 significat,
1602 1391 1641 1413 se
1668 1378 1831 1413 Sacchini
1849 1377 1935 1411 Vita

173 1434 354 1468 canisiana
389 1437 424 1468 et
460 1435 618 1468 eiusdem
654 1435 814 1469 Historia
849 1435 1040 1469 Societatis
1076 1447 1179 1469 usum
1217 1447 1314 1475 esse;
1351 1434 1387 1468 in
1418 1434 1618 1477 „Historia“
1648 1432 1935 1474 osnaburgenses

173 1488 354 1521 contiones
380 1489 735 1532 praetermittuntur:
777 1500 867 1532 quae
894 1490 1013 1522 autem
1040 1489 1075 1522 in
1105 1489 1229 1530 „Vita“
1262 1489 1304 1522 de
1330 1488 1375 1522 iis
1409 1490 1600 1522 narrantur
1629 1486 1730 1530 (Can.
1758 1485 1856 1528 223),
1893 1495 1934 1518 ea

173 1540 350 1574 Turckius
377 1541 420 1574 ad
447 1541 606 1580 verbum,
633 1542 753 1575 addito
785 1541 937 1586 „templo
963 1542 1157 1586 principe⁴⁴‚
1186 1541 1377 1586 expressit.

291 1595 441 1628 Ioannes
458 1595 665 1628 Ererardeis
684 1597 788 1628 Stilve
813 1595 965 1628 lectores
989 1595 1141 1628 remittit
1160 1595 1201 1628 ad
1222 1594 1419 1629 Hermanni
1443 1593 1693 1628 Hamelmanni
1717 1589 1934 1635 „Historiam

171 1646 286 1680 renati
308 1646 494 1690 Evangelii
522 1648 555 1681 in
583 1648 669 1681 urbe
689 1648 937 1691 Osnaburga“,
958 1648 992 1682 in
1012 1649 1088 1682 eius
1111 1648 1328 1693 „Operibus“
1352 1645 1806 1691 [genealogice-historicis,
1834 1643 1934 1677 Lem-

170 1699 297 1742 goviae
323 1711 354 1733 a.
376 1700 462 1734 1711
493 1700 611 1744 editis]
644 1713 696 1745 „p.
718 1702 850 1741 1154“;
883 1704 919 1735 at
946 1714 1144 1746 perperam,
1173 1713 1253 1736 cum
1280 1713 1396 1745 neque
1423 1701 1499 1740 hoc,
1526 1712 1641 1744 neque
1668 1699 1737 1733 alio
1763 1696 1933 1731 historiae

169 1752 475 1787 hamelmannicae
494 1753 570 1787 loco
589 1754 631 1787 de
650 1754 783 1788 Canisii
802 1755 1026 1789 contionibus
1045 1755 1374 1799 osnaburgensibus
1394 1754 1589 1798 quidquam
1607 1754 1784 1786 narretur.
1815 1751 1933 1784 Sand-

168 1806 246 1848 hoff
263 1805 380 1849 (cuius
398 1807 518 1840 verbis
535 1808 634 1840 Riese
652 1807 831 1850 innititur)
853 1808 971 1852 specie
990 1809 1132 1852 quidem
1157 1809 1261 1850 „Vita
1280 1809 1413 1843 Canisii
1431 1808 1525 1852 apud
1545 1806 1721 1846 Sachin.“‚
1748 1816 1785 1838 re
1812 1806 1932 1837 autem

170 1858 226 1901 (ut
244 1859 333 1902 dixi)
354 1860 472 1904 potius
490 1860 580 1893 libro
606 1861 720 1894 utitur
740 1862 937 1895 Struma-lcii.
965 1861 1031 1903 Qui
1059 1873 1097 1895 se
1123 1874 1180 1895 res
1199 1862 1447 1895 Paderbornae
1475 1863 1510 1894 et
1528 1858 1731 1902 Osnaburgi
1750 1869 1770 1890 a
1789 1855 1930 1891 Canisio

169 1914 291 1955 gestas
310 1925 355 1946 ex
376 1913 482 1955 ,Vita
501 1912 617 1947 Canis.
637 1924 692 1958 ap.
713 1913 875 1949 Sachin.“
898 1914 1062 1949 hausisse
1081 1915 1272 1958 significat.
1303 1915 1392 1948 Tres
1410 1914 1563 1957 denique
1582 1912 1714 1946 Canisii
1733 1908 1930 1953 biographi,

170 1977 319 2009 quorum
338 1965 433 1999 dicta
451 1977 559 2010 supra
578 1968 689 2010 posui.
716 1967 758 2000 de
777 1967 852 2001 suis
871 1968 1014 2011 quidem
1033 1968 1142 2002 silent
1167 1969 1341 2009 testibus;
1368 1968 1430 2001 sed
1457 1967 1487 2000 si
1510 1967 1590 2010 quis
1610 1976 1731 1999 eorum
1748 1963 1868 2002 libros,
1895 1968 1931 1995 et

168 2018 324 2052 maxime
350 2019 473 2052 horum
502 2020 751 2063 praefationes,
779 2021 971 2063 diligenter
996 2021 1135 2065 legerit,
1162 2033 1374 2066 persuasum
1392 2020 1547 2061 habebit,
1575 2019 1728 2053 Oddium
1752 2019 1788 2050 et
1808 2015 1929 2058 Dorig-

168 2071 266 2105 nium
292 2071 422 2105 librum
448 2071 549 2105 illum
576 2072 853 2114 sacchinianum,
890 2074 1090 2119 Pythonem
1117 2075 1246 2109 librum
1275 2074 1523 2117 dorignianum
1557 2071 1782 2110 adhibuisse3
1816 2069 1929 2102 Boero

169 2124 320 2168 denique
338 2125 373 2158 in
393 2124 557 2158 Sacchini
583 2128 619 2159 et
638 2126 809 2169 Dorignii‚
837 2127 981 2170 Seguin,
1009 2127 1148 2169 Gai-cia,
1176 2128 1270 2169 Alet,
1297 2127 1503 2170 Daurignac
1521 2127 1555 2159 in
1575 2125 1691 2159 Boerii
1715 2122 1930 2157 auctoritate

167 2178 341 2212 nituntur.

287 2231 342 2265 lta
368 2232 486 2265 omnia
511 2232 654 2265 tandem
683 2244 726 2266 ex
754 2233 928 2267 Sacchino
955 2234 1137 2279 exscripta
1163 2237 1257 2268 sunt.

287 2285 482 2317 Sacchimcs
499 2286 617 2318 autem
640 2285 740 2327 (Can.
761 2286 845 2329 223)
865 2286 953 2321 haec
970 2287 1096 2322 habet:
1127 2288 1203 2330 „Ad
1223 2287 1451 2321 Guilielmum
1472 2286 1705 2319 luliacensem
1726 2282 1928 2326 Principem

168 2337 338 2379 postridie
356 2348 462 2380 quam
482 2337 663 2372 Coloniam
681 2342 840 2380 venerat,
867 2340 918 2374 ire
944 2341 1121 2385 perrexit:
1149 2341 1237 2374 nihil
1255 2341 1458 2379 deterritus,
1485 2350 1565 2373 cum
1584 2337 1725 2382 quidem
1744 2336 1927 2378 ingrueret

168 2389 302 2429 bruma,
338 2391 414 2424 siue
439 2391 597 2425 locorum
623 2392 770 2433 iniuriis,
806 2393 882 2426 siue
913 2394 1142 2428 inclementia
1167 2398 1378 2439 temporum.
1429 2393 1565 2426 Aberat
1590 2391 1780 2434 Princeps:
1816 2397 1926 2431 quare

167 2442 211 2475 ad
247 2442 459 2487 Episcopum
487 2444 799 2488 Osnaburgensem
837 2447 945 2480 Pater
978 2447 1134 2482 diuertit.
1186 2448 1290 2492 Apud
1326 2458 1406 2481 eum
1441 2446 1590 2480 summis
1624 2443 1789 2489 precibus
1825 2441 1926 2474 binas

167 2494 416 2537 hebdomadas,
443 2508 555 2541 eoque
581 2498 734 2542 amplius
761 2502 906 2533 coactus
932 2503 987 2534 est
1012 2512 1146 2534 moram
1174 2502 1291 2534 facere
1318 2500 1519 2545 cupientem
1547 2498 1589 2531 de
1614 2496 1787 2539 religione
1812 2493 1925 2527 multa

168 2548 338 2582 conferre.
381 2550 581 2584 Productus
607 2554 662 2585 est
686 2551 782 2586 illico
808 2553 843 2586 in
869 2564 973 2586 sacra
999 2557 1134 2588 rostra:
1161 2554 1372 2597 Dominique
1390 2552 1574 2587 natalitias
1592 2551 1702 2584 ferias
1719 2547 1926 2593 quotidiana

168 2600 320 2635 dictione
355 2602 622 2646 osnaburgensi
658 2605 787 2649 populo
824 2606 1040 2647 sanctiores,
1078 2607 1316 2651 laetioresque
1354 2606 1450 2640 fecit.
1501 2604 1698 2646 Collegium
1734 2600 1924 2635 Societatis

291 2714 299 2733 ¹
325 2715 480 2748 Mamm
498 2717 583 2748 Rost
608 2715 642 2748 in
673 2716 899 2758 „Prooemio“
922 2717 1027 2752 valde
1054 2718 1223 2759 breviter,
1251 2730 1340 2762 quos
1366 2721 1532 2752 auctores
1562 2718 1723 2761 „praeter
1748 2712 1856 2746 alios“
1888 2713 1923 2745 et

169 2768 310 2808 praeter
338 2767 498 2808 „litteras
534 2771 570 2802 et
603 2770 849 2814 manuscripta
882 2771 1123 2815 probatasque
1149 2783 1275 2806 senum
1302 2771 1512 2805 memorias“
1541 2770 1585 2803 ad
1616 2766 1813 2810 „Annales“
1843 2776 1921 2798 con-

169 2817 372 2853 scribendos
398 2820 609 2862 adhibuerit,
635 2822 816 2865 significat
843 2823 880 2866 (1.
901 2836 929 2858 o.
950 2836 982 2868 p.
1003 2825 1130 2868 2⁰3„
1159 2837 1279 2869 quare,
1306 2825 1399 2859 unde
1425 2823 1646 2858 canisianum
1672 2819 1759 2853 illud
1786 2818 1921 2852 factum

169 2872 357 2913 acceperit,
382 2884 451 2905 non
478 2873 600 2917 liquet.
643 2875 801 2920 Accepit,
828 2879 924 2920 puto,
961 2889 1005 2911 ex
1031 2877 1195 2912 Sacchini
1221 2878 1307 2912 Vita
1334 2878 1517 2912 canisiana
1543 2887 1574 2909 a.
1596 2874 1685 2908 1616
1711 2870 1920 2915 Ingolstadii

169 2931 303 2977 ericusa
332 2923 390 2965 (de
416 2936 484 2967 qua
510 2937 591 2959 mox
618 2927 756 2971 plura);
793 2940 874 2962 nam
901 2930 995 2963 inter
1020 2941 1050 2963 a.
1074 2931 1162 2965 1656
1190 2934 1225 2964 et
1253 2932 1343 2965 1662
1369 2930 1534 2972 Dilingae
1564 2928 1599 2960 in
1626 2925 1815 2959 Societatis
1842 2923 1921 2956 lesu

169 2972 357 3017 dlsoiplina
390 2976 607 3020 aliquamdiu
634 2983 800 3014 versatus
827 2984 882 3015 est
909 2981 947 3021 (l.
967 2993 996 3015 c.
1017 2994 1047 3026 p.
1069 2982 1182 3026 VIII).
1237 2984 1272 3017 C.
1293 2985 1406 3027 Sta’c’ve,
1442 2982 1502 3026 qui
1527 2979 1686 3015 Annales
1721 2976 1818 3022 typis
1844 2975 1920 3008 vul—

169 3026 280 3067 gavit,
307 3026 393 3061 haec
410 3032 529 3064 notat:
551 3031 637 3072 „Ein
656 3032 890 3075 eigentliches
905 3034 1220 3069 Geschichtswerk
1237 3063 1242 3070 .
1263 3064 1268 3070 .
1285 3063 1292 3070 .
1312 3036 1431 3069 wollte
1449 3035 1598 3068 Maurus
1615 3030 1716 3065 nicht
1733 3028 1919 3063 schreiben

169 3077 240 3110 und
270 3078 323 3112 als
349 3081 585 3122 eigentlichen
613 3083 1010 3120 Geschichtsschreiber
1034 3087 1129 3121 sieht
1154 3100 1192 3121 er
1216 3088 1293 3122 sich
1318 3088 1418 3122 nicht
1443 3099 1499 3122 an.
1549 3085 1625 3119 Auf
1647 3083 1767 3117 diesen
1794 3081 1919 3115 Stand-

169 3129 285 3173 punkt
310 3136 452 3165 mussen
478 3134 543 3167 wir
568 3147 634 3169 uns
660 3137 715 3170 bei
741 3138 803 3170 der
821 3138 976 3172 Lektiire
995 3151 1063 3173 von
1083 3141 1296 3175 vornherein
1321 3141 1461 3175 stellen.
1504 3140 1551 3173 Er
1576 3138 1677 3172 hatte
1702 3135 1758 3170 bei
1784 3135 1916 3169 seinem

169 3181 290 3216 Buche
315 3186 578 3227 vorzugsweise
604 3188 671 3220 den
696 3190 922 3232 practischen
949 3191 1137 3227 Gebrauoh
1163 3193 1211 3227 im
1238 3195 1359 3237 Auge“
1391 3194 1429 3238 (l.
1449 3206 1478 3228 c.
1502 3205 1535 3238 p.
1550 3190 1664 3234 X111).
