2045 3471
183 202 266 243 650
460 199 554 233 Mon.
575 200 642 234 739
669 199 747 233 sive
774 210 884 243 germ.
904 199 926 233 l.
948 199 1038 242 (14).
1078 199 1132 233 Ab
1159 199 1215 233 21.
1233 198 1323 234 Nov.
1342 198 1386 232 ad
1414 197 1444 232 8.
1464 197 1548 232 Dec.
1571 197 1672 233 1565.

299 316 375 351 Hae
402 316 546 350 Vinckii
584 317 727 351 litterae
765 317 960 351 ostendunt
995 337 1039 340 —
1076 317 1109 350 id
1149 316 1243 360 quod
1281 327 1395 359 usque
1437 315 1553 349 adhuc
1590 315 1753 359 ignotum
1788 316 1864 348 erat
1899 334 1945 338 —-

183 369 365 404 Canisium
401 370 529 403 summi
565 369 746 414 pontificis
778 370 947 403 mandata
981 369 1151 403 habuisse
1187 370 1294 403 etiam
1332 368 1374 402 ad
1401 368 1661 402 Theodericum
1688 380 1708 401 a
1734 367 1949 401 Bettendorf

182 423 387 468 episcopum
414 423 704 464 vormatiensem,
742 423 998 467 Marquardum
1026 423 1070 457 ab
1097 422 1327 456 Hattenstein
1361 421 1569 466 episcopum
1595 421 1804 466 spirensem,
1840 420 1944 454 Eras-

182 487 279 509 mum
305 487 325 509 a
352 475 524 519 Limburg
550 476 755 520 episcopum
782 477 1117 519 argentoratensem
1144 474 1375 519 perferenda:
1404 485 1623 518 quamquam
1650 473 1713 508 Pio
1741 473 1799 508 IV.
1828 474 1859 507 9.
1878 472 1944 506 De-

181 528 334 563 cembris
355 529 444 563 1565
462 531 601 562 mortuo
619 528 708 563 haec
727 529 860 563 Canisii
886 529 1020 572 legatio
1047 529 1090 562 ad
1118 529 1258 562 irritum
1285 527 1424 562 cecidit.
1462 527 1644 561 Canisium
1664 528 1945 569 Argentoratum

182 582 232 615 ire
259 581 416 615 voluisse
443 582 672 625 cognoscitur
698 583 805 615 etiam
833 593 878 616 ex
906 582 1019 626 ipsius
1045 581 1195 621 litte1·is;
1223 593 1257 614 v.
1285 592 1394 625 supra
1420 592 1454 625 p.
1484 580 1562 615 130.

303 634 468 669 Canisius
503 637 578 668 tres
614 634 690 669 dies
725 654 771 658 —
807 635 900 669 inter
935 635 966 669 d.
1003 636 1035 669 9.
1072 637 1108 668 et
1145 635 1198 668 14.
1226 634 1441 668 Novembris
1468 653 1510 657 —
1539 632 1839 675 Aschaffenburgi
1866 643 1946 666 cum

183 687 331 722 Daniele
358 687 626 732 archiepiscopo
653 689 690 721 et
715 688 870 722 electore
897 690 1106 731 moguntino
1133 687 1227 731 egit;
1256 699 1279 719 v
1318 698 1427 731 supra
1454 699 1487 731 p.
1518 686 1595 720 127.
1638 686 1763 730 Neque
1789 685 1947 719 dubitari

183 742 312 785 potest,
352 740 437 784 quin
473 741 587 774 eidem
623 741 802 786 pontificis
837 741 1007 775 mandatu
1046 743 1083 775 et
1121 740 1367 775 authenticum
1407 741 1630 774 decretorum
1669 740 1946 774 tridentinorum

184 793 388 838 exemplum
408 794 541 827 Romae
567 805 738 828 excusum
767 797 802 828 et
822 795 936 828 Breve
963 794 1104 838 aliquod
1132 793 1466 828 commendaticium
1493 793 1692 833 tradiderit,
1718 793 1826 837 idque
1848 791 1947 826 illius

182 847 310 888 simile,
337 847 430 890 quod
456 847 657 881 treverensi
683 847 830 881 electori
857 848 1000 885 attulit:
1030 860 1063 882 v.
1083 859 1192 892 supra
1219 859 1252 892 p.
1273 848 1352 881 641.
1394 848 1445 881 Ac
1464 846 1660 881 verisimile
1679 849 1743 887 est,
1763 845 1946 879 Canisium

183 902 371 944 praeterea
409 900 440 933 ei
478 900 671 934 tradidisse
709 901 863 934 alterum
900 901 1103 945 exemplum
1144 900 1274 944 (priore
1309 900 1528 944 intercepto;
1569 900 1613 934 cf.
1650 911 1758 944 supra
1792 911 1826 943 p.
1860 898 1943 941 152)

184 953 386 986 litterarum
422 953 686 997 pontificiarum
722 954 766 987 ad
802 953 941 987 concilii
977 953 1301 998 promulgationem
1338 955 1374 986 et
1412 953 1660 987 executionem
1694 951 1946 997 spectantium.

185 1016 276 1049 quas
310 1006 379 1039 iam
416 1018 461 1040 m.
489 1005 636 1040 Octobri
672 1017 703 1040 a.
732 1007 824 1040 1564
860 1007 891 1040 ei
927 1006 1127 1040 destinatas
1163 1018 1241 1040 esse
1276 1005 1500 1049 intellegitur
1529 1017 1575 1039 ex
1601 1005 1755 1049 registro
1783 1004 1837 1038 Pii
1864 1004 1946 1044 lV.;

184 1059 221 1092 in
267 1058 333 1092 hoc
380 1059 474 1092 enim
523 1062 706 1103 comparet
757 1059 1003 1103 apographum
1051 1059 1110 1092 vel
1161 1059 1456 1093 commentarium
1498 1058 1626 1092 Brevis
1672 1058 1803 1101 „Rome
1853 1057 1947 1102 apud

186 1112 219 1146 S.
239 1112 401 1146 Marcum
429 1115 495 1146 etc.
524 1112 580 1146 die
606 1113 677 1146 IIJ.
705 1113 861 1146 octobris
887 1112 1101 1147 MDLXlllJ
1128 1112 1359 1156 pontificatus
1386 1112 1499 1146 nostri
1530 1120 1565 1147 a?
1592 1113 1735 1156 quinto“
1771 1111 1948 1154 „Venera-

183 1165 246 1200 bili
271 1165 375 1199 fratri
402 1165 541 1199 Danieli
569 1165 838 1210 archiepiscopo
864 1166 1095 1209 Moguntin&
1127 1169 1193 1200 etc.
1221 1165 1385 1210 inscripti
1422 1168 1457 1199 et
1492 1166 1617 1199 iisdem
1654 1165 1795 1199 omnino
1827 1164 1948 1198 verbis

184 1219 356 1263 concepti,
384 1218 513 1262 quibus
540 1219 625 1252 Pius
650 1219 712 1253 IV.
739 1219 794 1253 25.
816 1218 983 1253 Octobris
1006 1220 1096 1254 1564
1123 1219 1166 1253 ad
1193 1219 1502 1263 archiepiscopum
1529 1221 1774 1252 treverensem
1801 1216 1948 1262 scripsit

188 1272 236 1315 (V.
264 1283 372 1316 supra
407 1284 440 1316 p.
468 1273 573 1315 643);
610 1284 726 1316 neque
762 1275 883 1306 tamen
916 1273 952 1306 in
978 1273 1086 1306 Brevi
1112 1273 1323 1316 moguntino
1349 1275 1530 1317 postrema
1565 1284 1649 1317 pars
1676 1272 1804 1305 Brevis
1829 1272 1947 1304 treve-

184 1326 299 1359 rensis
322 1325 380 1367 (de
399 1325 572 1359 cardinali
593 1326 826 1369 Lotharingo)
847 1326 980 1369 legitur
1002 1328 1062 1369 (ex
1081 1326 1288 1370 apographo
1311 1326 1458 1364 recenti,
1485 1326 1666 1370 exscripto
1690 1337 1735 1358 ex
1757 1325 1875 1366 „A1·m.
1889 1323 1947 1357 44.

184 1383 231 1412 to.
260 1378 322 1412 20“
354 1390 409 1423 ep.
436 1380 499 1419 403
537 1379 596 1423 qui
632 1379 745 1413 codex
772 1379 906 1413 Romae
942 1380 976 1413 in
1003 1379 1150 1413 archivo
1178 1379 1345 1413 vaticano
1372 1381 1512 1418 exstat;
1548 1379 1675 1412 Brevis
1701 1380 1840 1423 partem
1867 1389 1948 1420 ger—

186 1431 323 1465 manice
360 1432 463 1476 posui
500 1433 537 1465 in
575 1432 789 1475 „Stlmmeffl
826 1436 893 1466 etc.
930 1432 1043 1466 LXXI
1079 1433 1248 1475 71—72).
1314 1433 1464 1466 Odorico
1499 1433 1689 1475 Raynaldo
1728 1434 1825 1465 certe
1863 1433 1946 1464 ante

186 1483 306 1518 oculos
333 1485 594 1519 obversabatur
619 1485 736 1519 Breve
762 1485 828 1519 hoc
854 1486 1115 1528 moguntinum,
1143 1497 1223 1518 cum
1250 1486 1284 1519 in
1311 1497 1342 1519 a.
1365 1485 1455 1519 1564
1481 1485 1524 1518 de
1542 1485 1606 1518 Pio
1624 1485 1697 1526 IV„
1724 1484 1760 1518 in
1785 1483 1948 1526 margine

187 1537 312 1582 positis
344 1538 465 1572 verbis
495 1538 601 1581 „Pius
627 1539 688 1572 IV.
716 1539 794 1572 libr.
823 1551 879 1573 an.
907 1540 925 1572 5
954 1551 1008 1583 ep.
1034 1539 1090 1573 40.
1119 1539 1199 1579 41⁴⁴,
1229 1538 1422 1573 scriberet:
1463 1538 1531 1580 „Ut
1558 1537 1769 1572 Tridentina
1794 1537 1948 1571 Decreta

187 1601 207 1623 a
241 1601 279 1624 se
316 1591 526 1625 confirmata
561 1603 625 1635 per
659 1594 771 1625 totam
809 1592 1035 1626 Germaniam
1072 1592 1389 1636 promulgarentur
1429 1591 1556 1630 simul,
1604 1603 1646 1625 ac
1684 1591 1947 1635 reciperentur;

189 1643 462 1678 Ecclesiasticos
497 1643 530 1678 S.
559 1644 600 1678 R.
627 1645 769 1689 Imperii
798 1645 999 1685 Elector-es,
1036 1645 1228 1689 pluresque
1264 1645 1353 1679 alios
1391 1644 1605 1679 Germaniae
1641 1644 1837 1689 Episcopos
1871 1642 1948 1677 suis

188 1696 418 1730 extimulavit
445 1697 628 1741 epistolis“
662 1698 836 1740 (Annales
862 1698 1109 1732 Ecclesiastici
1136 1698 1231 1738 XXI,
1258 1698 1292 1731 in
1320 1709 1351 1731 a.
1373 1698 1464 1732 1564
1490 1710 1522 1732 n.
1543 1698 1617 1741 34).

188 1816 291 1852 ’739
319 1819 396 1852 sive
424 1827 591 1863 germ.
610 1817 646 1853 l.
668 1817 795 1863 (14).
870 1818 921 1854 Ab
948 1818 996 1854 21.
1015 1818 1228 1855 Novembris
1255 1818 1300 1854 ad
1326 1818 1358 1854 8.
1378 1818 1587 1854 Decembris
1614 1818 1706 1854 1565.

304 1894 359 1928 Ex
393 1894 599 1940 apographo
636 1895 794 1930 eiusdem
830 1897 905 1929 fere
940 1896 1121 1940 temporis.
1176 1896 1258 1930 Cod.
1288 1896 1400 1930 colon.
1433 1896 1490 1938 „L.
1511 1895 1595 1938 Qu.“
1627 1896 1650 1929 f.
1679 1896 1750 1930 83¹2.
1802 1895 1947 1929 Partem

184 1947 290 1981 huius
316 1948 500 1982 relationis
528 1948 590 1990 (ex
616 1948 738 1982 eodem
766 1949 904 1993 apogr.)
933 1950 1053 1993 posuit
1079 1950 1227 1982 Ham-en
1253 1949 1275 1982 l.
1296 1961 1325 1983 c.
1351 1949 1549 1984 520—521.
1593 1948 1727 1982 Eadem
1754 1959 1841 1981 usus
1867 1959 1946 1981 sum

186 2000 220 2033 in
248 2000 461 2045 „Stimmen“
491 2004 558 2035 etc.
586 2001 699 2035 LXXI
728 2002 794 2036 169
825 2003 900 2036 177.

304 2073 461 2106 Litterae
496 2073 708 2115 apostolicae
737 2074 1002 2106 Coloniensibus
1036 2075 1239 2116 afferendae
1271 2086 1335 2117 per
1364 2074 1559 2106 Canz'sz'ecm.
1614 2074 1683 2114 Qui
1717 2074 1768 2106 bis
1790 2084 1856 2116 per
1886 2072 1946 2106 Co-

183 2126 317 2158 lonium
343 2127 531 2169 transiens,
557 2126 812 2168 Noviomayzcm
839 2130 897 2159 etc.
920 2129 1018 2169 petit.

302 2198 351 2239 P.
375 2198 629 2239 Leonardus
652 2198 800 2239 Kessel
823 2199 866 2239 S.
881 2199 939 2250 J.‚
964 2204 1097 2239 rector
1119 2200 1278 2253 colleyz'i
1300 2200 1558 2251 coloniensis,
1584 2199 1753 2240 Colonia
1778 2200 1845 2240 11.
1861 2198 1946 2239 De-

184 2261 358 2303 cembris
391 2264 504 2304 1565
546 2263 589 2305 S.
614 2263 843 2304 Francisco
878 2263 1060 2318 Boryiae
1100 2265 1338 2318 praeposito
1378 2265 1568 2317 φεηεναίἱ
1610 2264 1653 2306 S.
1677 2263 1719 2305 J.
1755 2265 1947 2317 scripsit:

184 2327 233 2370 D.
257 2326 514 2368 Franciscus
547 2327 751 2369 Costerus
791 2327 877 2368 iam
900 2328 1287 2382 Viceprouincialis
1325 2327 1540 2369 inferioris
1574 2327 1831 2369 Germaniae
1865 2361 1873 2369 .
1900 2362 1908 2370 .
1935 2361 1943 2369 .

183 2393 207 2431 6
241 2391 502 2433 Nouembris
648 2392 871 2445 profectus
913 2395 981 2434 est
1012 2392 1250 2434 Louanium
1293 2393 1347 2435 ad
1389 2407 1511 2434 suam
1547 2392 1829 2442 Prouinciam,
1872 2392 1944 2444 qui

183 2459 415 2508 antequam
449 2455 589 2498 abiret
630 2457 791 2498 nostris
825 2458 1105 2499 Senatoribus
1139 2472 1307 2511 quoque
1347 2458 1500 2507 adfuit,
1545 2457 1697 2510 quibus
1737 2457 1944 2499 indicauit

184 2520 229 2562 P.
263 2521 479 2562 Canisium
523 2521 756 2563 allaturum
802 2522 974 2563 litteras
1017 2523 1177 2564 Summi
1220 2523 1443 2564 Pontificis
1487 2526 1531 2565 et
1575 2521 1941 2576 expeditioneml:

184 2586 295 2636 quod
331 2585 416 2627 illis
457 2588 631 2638 gratum
673 2586 768 2628 fuit.
925 2587 972 2629 P.
998 2587 1193 2629 Canisius
1226 2588 1411 2630 accessit
1451 2601 1528 2629 nos
1570 2601 1701 2628 sanus
1740 2586 1833 2640 ipso
1875 2586 1943 2628 die

182 2649 554 2692 Praesentationis
596 2650 883 2693 Beatissimae
915 2651 1150 2705 Virginis&
1195 2652 1261 2693 die
1306 2653 1503 2705 sequenti
1551 2665 1676 2693 mane
1720 2651 1942 2705 profectus

185 2716 252 2754 est
284 2713 615 2767 Nouiomagum.
679 2714 967 2757 Adiunximus
1009 2716 1048 2758 ei
1089 2716 1251 2758 socium
1294 2717 1345 2759 D.
1369 2716 1602 2758 Henricum
1646 2715 1897 2768 Dionysium
1912 2716 1941 2766 3,

185 2777 267 2829 qui,
302 2781 508 2830 quantum
540 2779 785 2832 intelligere
818 2794 1044 2833 possumus
1076 2781 1214 2822 multa
1246 2781 1358 2822 bona
1379 2781 1534 2822 ibidem
1558 2779 1646 2821 suis
1668 2779 1942 2820 concionibus

186 2842 431 2884 effecerunt.
486 2844 549 2884 De
583 2843 735 2896 quibus
767 2845 893 2898 plura
925 2845 975 2887 D.
1000 2845 1234 2898 Dionysius
1267 2845 1321 2887 ad
1343 2845 1394 2887 V.
1421 2845 1733 2886 Paternitatern
1767 2843 1937 2886 scribet.

186 2905 251 2945 Ad
283 2919 361 2946 nos
392 2906 611 2949 redierunt
644 2908 780 2960 pridie
813 2908 1113 2962 Conceptionis
1145 2910 1193 2951 B.
1218 2909 1411 2962 Virginis
1424 2911 1452 2959 4,
1496 2909 1571 2950 sed
1612 2908 1712 2961 quia
1753 2908 1939 2949 nondum

307 3019 315 3037 ¹
343 3018 613 3063 Expeditionem
644 3022 797 3063 „Indulti
824 3023 952 3057 tertiae
980 3024 1153 3067 gratiae“,
1186 3024 1227 3058 de
1255 3035 1323 3068 quo
1349 3035 1457 3068 supra
1492 3035 1524 3068 p.
1554 3022 1736 3057 116—117
1767 3023 1833 3056 170
1862 3022 1940 3056 172.

305 3070 318 3090 ²
343 3070 406 3104 Die
433 3072 487 3106 21.
515 3072 737 3109 Novembris.

307 3123 319 3141 ³³
345 3123 378 3155 Is
405 3124 537 3158 Canisii
563 3137 672 3170 nepos
707 3130 742 3160 et
776 3127 933 3171 perinde,
969 3130 1077 3171 atque
1110 3129 1187 3172 ipse
1215 3129 1390 3170 Canisius,
1424 3129 1660 3171 noviomagus
1686 3129 1763 3162 erat
1792 3127 1897 3170 (Can.
1924 3128 1939 3160 Ι

188 3173 290 3213 252¹;
318 3174 369 3207 III
395 3175 492 3217 815).
637 3180 648 3198 4
676 3178 739 3212 Die
767 3179 797 3213 7.
827 3179 1043 3214 Decembris.
