2077 3461
700 185 889 229 Moguntia
915 185 969 219 27.
997 185 1070 219 lan.
1101 185 1203 220 1566.
1753 186 1834 226 169

77 307 208 357 atque
240 304 405 346 vtinam
449 319 543 346 cum
585 304 731 348 fructu
773 303 1016 346 desiderato
1050 306 1231 345 conatus
1263 302 1332 344 hic
1364 302 1635 345 successerit.
1698 302 1838 345 Reue—

76 368 357 410 rendissimus
390 375 469 411 ex³
508 369 614 411 meis
653 369 850 411 manibus
891 382 1059 411 sacram
1102 367 1269 421 accepit
1310 367 1628 410 Eucharistiam
1643 368 1670 417 1,
1712 366 1839 421 petijt

78 433 208 475 etiam
232 433 282 475 ab
304 447 372 475 me
395 433 655 485 discedente,
691 433 957 486 Theologum
989 436 1038 475 ut
1064 446 1086 474 e
1108 432 1270 475 nostris
1292 446 1421 473 vnum
1457 432 1685 486 acciperet,
1720 431 1839 473 cuius

78 497 289 551 consilijs⁰
320 511 491 540 menses
523 497 688 550 aliquot
720 500 919 541 vteretur
951 498 1004 540 ad
1039 511 1236 539 caussam
1259 496 1596 539 Ecclesiasticae
1629 496 1838 538 reforma-

75 562 206 605 tionis
245 562 289 604 in
321 562 587 617 Episcopatu
628 577 705 604 suo
746 563 907 605 rectius
948 562 1280 604 instituendam:
1324 561 1476 603 deinde
1516 562 1570 604 ad
1603 561 1838 614 Collegium

76 627 200 670 nobis
241 627 492 681 erigendum
533 641 655 670 suam
690 641 865 681 operam
898 627 1138 681 pollicetur.
1203 626 1284 668 Hic
1318 640 1398 680 ego
1430 627 1633 681 respondi
1667 626 1841 668 difficile

78 692 199 734 nobis
231 691 337 742 fore,
382 692 661 745 Theologum,
705 692 973 745 eundemque
1007 692 1367 742 concionatorem,
1411 690 1481 732 diu
1514 705 1539 733 a
1571 690 1731 732 nostris
1764 691 1840 732 ab·

79 770 173 799 esse
206 757 420 810 Collegijs,
463 759 554 799 tum
588 771 658 798 res
690 756 815 798 huius
847 757 1070 799 Ecclesiae
1102 757 1164 799 sic
1195 757 1474 811 perturbatas
1507 769 1615 805 esse,
1648 759 1696 798 ut
1728 755 1840 797 ratio

79 821 272 875 erigendi
303 821 481 875 Collegij
523 821 604 863 hoc
645 824 840 875 tempore
881 822 1023 864 locum
1064 822 1222 864 habere
1264 836 1349 863 non
1382 821 1594 864 videatur.
1658 820 1751 870 Qua
1789 820 1841 861 de

80 900 126 928 re
157 886 285 940 plura
316 901 428 928 nunc
461 886 603 928 dicere
625 887 908 940 supersedeo;
943 887 1060 929 Satis
1092 887 1150 929 sit
1180 887 1260 928 hoc
1292 886 1520 936 indicasse,
1554 886 1717 927 nullum
1750 884 1841 926 fere

77 950 297 993 hominum
329 965 465 1004 genus
497 951 633 993 uideri
666 951 898 993 maioribus
930 954 1022 994 tum
1055 951 1271 1006 periculis,
1305 954 1397 993 tum
1420 950 1630 1005 molestijs
1663 952 1707 992 et
1729 949 1841 991 diffi-

79 1016 314 1059 cultatibus
355 1016 614 1070 expositum,
658 1030 785 1069 quam
818 1016 1130 1070 Episcoporum
1171 1016 1214 1058 in
1247 1016 1523 1071 &Vestphalia
1563 1018 1694 1069 atque
1734 1014 1842 1057 Ger-

78 1081 234 1124 mania.
297 1081 361 1123 Ac
401 1081 483 1122 nisi
515 1080 720 1124 Pontifex
752 1081 869 1124 Max.
904 1084 1075 1123 mature
1119 1081 1366 1136 prospiciat,
1410 1080 1663 1123 coniunctus
1695 1083 1842 1122 autem

80 1160 175 1188 cum
198 1146 382 1188 Caesare
412 1145 583 1188 facilius
604 1146 788 1196 iuuaret,
822 1146 864 1188 id
896 1146 1018 1188 breui
1049 1147 1242 1189 futurum
1276 1146 1414 1198 uideo,
1448 1147 1497 1188 ut
1528 1145 1594 1187 his
1617 1144 1842 1199 Episcopis

81 1211 348 1254 Germanicis
390 1224 412 1253 e
444 1211 536 1253 uita
569 1211 873 1253 decedentibus
905 1211 1148 1265 irrumpant
1190 1211 1366 1254 sectarii
1407 1210 1572 1264 sibique
1613 1209 1844 1252 uendicent

80 1276 381 1330 Episcopatus
424 1276 551 1318 Nunc
574 1278 671 1318 octo
695 1275 984 1330 Episcopatus
1014 1276 1322 1330 propemodum
1345 1290 1430 1317 non
1453 1276 1590 1317 solum
1614 1277 1841 1329 occupant,

80 1341 155 1383 sed
188 1340 335 1383 etiam
359 1341 571 1384 deuorant
583 1342 612 1391 2,
655 1343 703 1383 ut
744 1341 959 1395 excipiam
991 1341 1374 1395 Archiepiscopum
1406 1340 1842 1394 Magdeburgensem,

82 1406 152 1460 qui
191 1405 291 1447 olim
333 1408 429 1448 erat
460 1405 628 1448 Primas
662 1406 934 1456 Germaniae,
976 1420 1088 1448 nunc
1121 1420 1224 1448 vero
1257 1407 1542 1458 Augustanae
1577 1404 1842 1447 Confessioni

80 1484 127 1513 se
159 1474 203 1513 et
234 1470 473 1513 Ecclesiam
506 1485 628 1513 suam
660 1472 775 1514 vltro
809 1471 991 1513 subiecit
1004 1472 1032 1522 3,
1075 1471 1281 1514 Fortasse
1321 1484 1406 1512 non
1447 1472 1564 1512 esset
1596 1470 1673 1512 abs
1703 1483 1764 1520 re,
1808 1469 1843 1511 si

81 1535 279 1578 viuentes
321 1535 459 1578 adhuc
492 1535 695 1590 Episcopi
737 1536 990 1589 deligerent,
1034 1535 1114 1578 sibi
1156 1538 1200 1578 et
1237 1535 1524 1589 adiungerent
1556 1533 1842 1584 coadiutoreS,

81 1600 152 1654 qui
185 1604 229 1643 et
260 1603 430 1644 mature
462 1604 553 1644 tum
587 1615 612 1643 a
644 1601 866 1652 Pontifice,
907 1603 999 1643 tum
1031 1615 1057 1643 a
1088 1601 1273 1643 Caesare
1306 1601 1665 1642 confirmarentur
1677 1600 1705 1642 4.
1768 1599 1845 1641 Jta

81 1665 279 1720 sectarijs
319 1665 459 1708 minor
499 1670 616 1709 esset
657 1680 763 1709 ansa
804 1666 847 1707 in
888 1666 1199 1720 Episcoporum
1240 1665 1382 1707 locum
1419 1679 1466 1707 se
1506 1664 1751 1718 ingerendi,
1802 1668 1845 1707 et

79 1730 251 1772 illorum
284 1730 469 1773 ditiones
500 1731 544 1773 ui
575 1731 761 1784 quadam
794 1730 1043 1785 occupandi,
1079 1731 1177 1772 dum
1205 1730 1407 1772 Canonici
1440 1730 1554 1772 circa
1575 1729 1844 1771 Electionem

83 1799 326 1839 versantur,
370 1796 464 1849 Ego
491 1795 721 1850 plurimum
743 1795 908 1838 referre
931 1798 1049 1849 puto,
1082 1798 1130 1837 ut
1155 1795 1198 1836 in
1221 1794 1414 1849 Comitijs
1445 1794 1655 1849 proximis
1687 1796 1846 1847 agatur

83 1860 208 1910 serio,
251 1875 347 1902 cum
370 1860 555 1903 Caesare
597 1860 779 1915 alijsque
813 1860 1000 1903 statibus
1031 1860 1218 1914 Imperij,
1261 1862 1310 1902 ut
1340 1860 1524 1914 posthac
1554 1859 1846 1913 impediantur

83 1926 322 1979 sacrilegae
353 1925 693 1979 profanationes,
729 1925 1005 1979 direptiones,
1047 1925 1305 1975 inuasiones,
1349 1927 1393 1967 et
1425 1925 1729 1979 occupationes
1762 1925 1844 1966 Ec-

83 1990 324 2041 clesiarum‚
358 1990 614 2044 praesertim
638 1990 957 2032 Cathedralium
991 1993 1035 2033 et
1056 1990 1390 2044 Episcopalium.
1444 1990 1559 2032 Nam
1591 1989 1626 2031 si
1658 1992 1846 2044 pergant

83 2055 277 2109 sectarij‚
320 2058 368 2097 ut
409 2055 534 2096 modo
575 2054 667 2097 fieri
709 2057 909 2109 coeptum
951 2057 1040 2106 est,
1084 2055 1303 2097 Ecclesias
1345 2055 1510 2097 uicinas
1551 2054 1723 2108 impune
1765 2053 1843 2095 sibi

84 2133 237 2174 rapere
270 2123 314 2162 et
336 2133 555 2173 arrogare,
588 2119 680 2161 fieri
712 2134 796 2161 non
829 2120 1004 2174 poterit,
1038 2122 1086 2162 ut
1108 2120 1330 2163 Catholica
1362 2119 1513 2172 religio
1546 2119 1589 2160 in
1613 2118 1845 2161 Germania

85 2185 155 2226 diu
178 2187 471 2235 conseruetur,
497 2187 540 2227 et
562 2184 764 2226 damnum
786 2184 866 2226 hoc
889 2185 971 2226 erit
988 2184 1333 2238 irrecuperabile,
1358 2184 1521 2237 talique
1536 2183 1844 2236 sacrilegorum

204 2265 231 2296 a)
261 2266 296 2290 In
323 2266 430 2290 «rc-het.
450 2266 583 2296 sequitur
611 2273 632 2290 r.
653 2273 670 2289 (ι
697 2266 763 2291 libr.
784 2267 988 2291 oblitteratum.
1081 2265 1111 2298 b)
1142 2267 1200 2291 Hoc
1233 2273 1254 2290 r.
1278 2266 1306 2289 in
1327 2266 1405 2290 arch.
1426 2273 1518 2296 supra
1542 2272 1612 2290 versu
1633 2264 1774 2295 scriplum
1794 2267 1844 2289 est.

86 2306 112 2337 v)
135 2308 168 2332 [η
188 2307 267 2331 ‹cm-71.
288 2307 421 2338 sequitur
441 2306 488 2337 ad,
507 2307 598 2331 omitt.

207 2425 216 2444 ¹
243 2424 335 2458 Hoia
360 2424 560 2458 sacerdotio
586 2424 741 2458 nondum
769 2426 847 2458 erat
872 2423 1056 2465 initiatus;
1084 2436 1117 2458 V.
1145 2435 1255 2468 supra
1282 2436 1314 2468 p.
1346 2424 1420 2457 154.

204 2477 217 2498 ²
243 2477 339 2519 Quos
364 2477 592 2522 episcopatus
619 2476 784 2511 Canisius
810 2477 1000 2520 significet,
1027 2489 1061 2511 v.
1088 2476 1182 2511 infra
1208 2488 1241 2521 p.
1270 2477 1363 2511 174⁸.

206 2531 218 2551 ³
253 2530 521 2574 Sigismundum
563 2529 967 2573 Brandenburgensem,
1010 2529 1181 2564 Ioachimi
1224 2529 1268 2563 ΙΙ.
1312 2528 1493 2563 lutherani
1535 2528 1633 2562 illius
1682 2528 1846 2563 electoris

86 2583 438 2626 brandenburgensis
472 2583 594 2625 filium,
631 2583 735 2623 dicit;
772 2583 833 2627 qui
869 2583 1043 2627 quomodo
1079 2583 1123 2617 ab
1151 2582 1304 2617 ecclesia
1330 2581 1507 2617 catholica
1539 2581 1729 2623 defecerit,
1764 2582 1846 2616 vide

91 2638 175 2671 Can.
205 2637 253 2670 ΙΙΙ
280 2637 375 2672 3602.

207 2692 218 2710 ⁴
246 2689 285 2723 In
312 2690 505 2724 Germania
531 2701 576 2724 ex
603 2688 834 2723 concordatis
860 2689 1190 2724 constantiensibus
1217 2691 1252 2722 et
1278 2687 1615 2727 vindobonensibus,
1649 2687 1691 2721 de
1718 2688 1847 2732 quibus

87 2754 195 2787 supra
222 2755 254 2787 p.
284 2743 367 2777 1161
394 2743 527 2777 dictum
555 2746 620 2783 est,
656 2742 813 2787 episcopi
840 2753 860 2776 a
886 2742 1056 2786 capitulis
1083 2742 1319 2785 eligebantur,
1356 2752 1376 2774 a
1402 2751 1546 2774 romano
1572 2740 1740 2785 pontifice
1766 2753 1847 2775 con-

88 2794 322 2830 firmabantur
350 2795 489 2839 (Mansc'
522 2796 544 2829 l.
572 2807 600 2830 0.
628 2794 764 2829 XXVII
794 2794 883 2829 1178
912 2796 1012 2830 1189.
1067 2796 1128 2829 ch.
1160 2798 1201 2828 G.
1229 2794 1329 2828 Koch
1364 2793 1385 2827 l.
1414 2805 1443 2827 e.
1474 2793 1571 2837 205).
1622 2793 1661 2827 In
1698 2794 1846 2829 Concor-

88 2848 182 2882 datis
208 2852 328 2882 autem
355 2849 656 2883 vormatiensibus
681 2848 845 2882 Calixtus
871 2848 916 2883 II.
942 2860 973 2882 a.
996 2848 1084 2882 1122
1112 2848 1351 2881 Rornanorum
1378 2846 1583 2890 imperatori
1610 2851 1846 2889 concesserat,

89 2902 189 2935 utin
220 2901 432 2944 „Teutonico
463 2903 592 2945 regno‘
636 2901 800 2943 „electis“
840 2901 1016 2946 episcopis
1054 2901 1227 2945 (episcopi
1265 2900 1315 2933 illi
1352 2900 1459 2933 etiam
1495 2899 1674 2944 principes
1709 2901 1847 2946 imperii

89 2954 206 2998 erant)
238 2955 395 2998 „regalia
421 2967 483 3000 per
508 2955 709 2999 scept1·uni“
733 2954 845 2994 daret,
873 2956 908 2987 et
934 2954 962 2987 si
983 2965 1053 2997 qua
1076 2953 1273 2995 „discordia
1296 2952 1521 2986 eniersisset“
1543 2953 1578 2986 in
1602 2952 1846 2994 electionibus,

90 3007 165 3050 ipse
183 3019 256 3041 rem
276 3008 460 3042 dirimeret
481 3009 619 3051 (Mausi
638 3007 660 3042 l.
680 3019 708 3041 c.
729 3007 812 3040 XXI
840 3007 906 3040 273
934 3006 1013 3041 288.
1046 3008 1073 3040 Ι.
1090 3006 1137 3040 M.
1154 3006 1354 3049 walterich,
1374 3005 1588 3040 Pontificum
1607 3005 1845 3042 Romanorum

90 3059 196 3093 Vitae
222 3060 264 3101 II,
300 3061 442 3105 Lipsiae
471 3061 571 3102 1862,
609 3061 704 3103 149).
756 3060 824 3094 Pro
865 3060 1046 3104 „sceptro“
1086 3070 1106 3092 a
1141 3058 1284 3092 saeculo
1320 3058 1396 3093 XV.
1434 3058 1576 3102 gladius
1611 3059 1847 3095 adhibebatur

94 3112 229 3188 (ᾖΙαιιν.
267 3114 417 3147 Schenkl
455 3113 496 3147 O.
533 3114 566 3147 S.
604 3113 662 3155 B„
711 3112 960 3146 Institutiones
1002 3111 1090 3146 iuris
1133 3111 1368 3146 ecclesiastici
1408 3112 1441 3153 I,
1493 3111 1703 3156 ingolstadii
1745 3114 1846 3155 1797,

89 3165 305 3209 eal-222).
