2045 3471
220 216 304 256 484
391 244 393 247 ,
438 211 538 245 1447.
564 208 734 244 Nicolaus
759 208 914 242 Lanoius
941 206 1094 241 Canisio.
1137 205 1336 250 Oeniponte
1362 203 1456 238 Maio
1483 202 1543 236 vel
1567 202 1667 236 Iunio
1688 201 1789 235 1567.

343 330 509 363 Canisz'us
544 328 693 370 Dilinya
729 328 785 360 22.
813 326 913 359 Iunii·
950 327 1039 359 1567
1073 325 1221 358 Romam
1257 324 1304 356 ad
1341 323 1375 356 S.
1403 322 1638 355 Francisoum
1673 320 1843 361 Boryfiam
1878 327 1980 360 prae-

217 384 371 427 positum
395 382 591 424 yeneralem
618 381 701 412 haee
728 379 863 412 rettulit
889 379 930 411 de
947 378 1139 411 venerabili
1156 377 1372 420 Illaydalena
1391 374 1638 408 archiducissa
1657 383 1698 405 ae
1716 373 1756 404 de
1774 371 1812 404 P.
1831 370 1981 404 Nicolao

221 438 362 470 Lanoz'o
389 434 525 476 colleyic·
543 433 772 476 oenzpontani
790 436 945 465 rectore:
972 431 1067 475 „Deo
1087 432 1228 463 interim
1247 431 1387 472 qrati'as
1406 429 1555 470 aqimus,
1583 427 1645 470 qui
1662 435 1792 459 rursus
1810 424 1981 466 Reyi’nam

221 491 391 522 seniorem
419 488 587 520 excitauit
606 486 654 518 ad
671 486 920 528 eleemosynam
940 485 1071 517 nostris
1089 483 1221 516 Romae
1239 482 1474 523 tribuendam,
1503 481 1548 512 1·ΐὶ
1564 480 1707 522 scripsit
1728 478 1764 510 P.
1784 473 1979 510 Lanoiusf‘

222 543 269 575 Ec
293 543 329 575 in
358 541 477 573 eadem!
495 540 644 583 epistula
671 539 778 581 paulo
796 539 921 580 infra:
948 537 1240 581 „Oenipontanas
1258 536 1384 568 Rector
1401 534 1575 574 admonet,
1600 533 1638 565 P.
1659 532 1727 565 Τ.7η
1751 529 1980 573 respondisse,

223 599 262 628 ut
287 595 404 628 nostri
429 604 500 626 non
526 593 697 626 sinantur
722 594 824 624 ‘e'icxta
844 591 1063 633 Reyinarum
1091 590 1193 622 aedes
1217 589 1390 630 habitare,
1418 597 1495 620 cnm
1522 588 1560 619 in
1587 585 1688 618 aedes
1715 594 1828 617 nouas
1854 583 1982 624 migra-

223 649 352 689 uerint,
378 647 437 680 sed
462 650 501 680 ut
526 647 562 679 in
592 646 734 688 colleyio
760 648 938 686 maneant,
967 648 996 676 et
1022 644 1069 676 ad
1087 643 1241 685 Reyinas
1266 645 1404 674 tantum
1430 643 1624 672 excurrant
1650 637 1866 680 aliquando:
1890 635 1984 668 unde

222 712 284 734 nec
318 700 537 734 donu'cilium
576 699 676 732 nobis
712 698 806 741 qnod
841 698 993 740 offertur
1031 698 1129 729 circa
1167 706 1280 728 nouas
1318 694 1420 726 aedes
1456 693 1618 735 illarum,
1658 690 1863 733 capiendum
1903 698 1983 721 esse.

227 756 340 796 Quam
376 764 434 797 (²90
469 754 696 792 sententiam,
733 754 849 793 utpote
887 751 1044 783 instituto
1081 753 1200 782 nostro
1230 749 1340 791 plone
1367 744 1637 789 conyruenteml
1669 744 1775 777 ualde
1795 741 1921 786 probo,
1955 744 1985 773 et

222 812 312 852 peto,
348 818 390 840 ne
425 806 468 838 ab
503 816 543 838 ea
578 805 794 847 discedatur,
830 803 1061 847 quantumuis
1086 806 1254 845 relmqnet
1280 800 1460 833 archidiae
1495 802 1525 831 et
1559 799 1634 831 eius
1657 807 1808 830 sorores,
1858 795 1986 828 Recto»-

224 865 369 894 ueretur
394 860 478 892 haec
503 857 719 900 siqnificare,
746 861 778 889 rt
796 857 843 889 ad
862 867 913 888 me
929 856 1072 889 scribit:
1097 855 1266 897 respondi
1291 858 1418 896 aldem,
1446 852 1644 884 cauendum
1671 860 1750 892 esse,
1775 859 1818 881 ne
1840 847 1985 880 tacendo

225 915 365 947 alamus
399 918 429 945 et
454 913 640 954 foueamtcs
665 910 811 943 *illarum
840 910 881 941 de
908 909 1006 942 nobis
1029 909 1161 951 falsam
1188 908 1470 949 arpectate‘onem,
1508 905 1599 937 m‘lzil
1625 904 1681 936 hie
1716 914 1736 935 α
1766 902 1864 934 nobis
1883 910 1986 942 posse

226 979 267 1000 ae
293 967 414 999 debere
439 964 676 1006 dissimulari,
702 964 818 996 statim
848 962 1095 1004 explicandum
1124 972 1192 993 esse
1217 961 1391 993 decretum
1411 959 1448 992 T.
1469 959 1507 991 P.
1536 958 1632 990 nullo
1659 956 1760 989 modo
1787 954 1985 995 conuenire,

228 1025 260 1053 ‘rt
285 1020 431 1053 seorsim
459 1018 573 1050 nostri
600 1028 675 1050 cum
701 1017 868 1059 foeminis
894 1017 944 1047 ita
963 1017 1098 1057 vireant,
1124 1015 1214 1046 sicut
1242 1015 1338 1056 ipsae
1361 1014 1441 1055 fore
1459 1011 1641 1053 confidant
1666 1014 1696 1042 et
1711 1008 1891 1052 postulant
1909 1016 1987 1038 cum

225 1075 344 1116 fratre
370 1071 602 1105 Archstlueef

349 1143 512 1176 Latmius
540 1139 692 1182 Borgiae
719 1138 917 1183 Oeniponte
944 1138 976 1171 5.
1004 1139 1038 1171 et
1065 1137 1097 1171 6.
1116 1136 1251 1181 Aprilis
1280 1136 1368 1169 1567
1397 1134 1568 1169 *scribitz
1596 1132 1752 1166 Allatam
1779 1130 1882 1164 modo
1909 1139 1987 1162 esse

228 1196 368 1240 stipem,
405 1206 512 1238 quam
540 1192 754 1236 Magdalena
780 1192 904 1235 regina
931 1191 1082 1234 collegio
1108 1201 1253 1223 romano
1280 1188 1494 1234 providerit;
1531 1189 1567 1221 et
1593 1197 1670 1220 eam
1705 1183 1893 1229 complecti
1920 1183 1988 1216 375

233 1249 336 1292 „noui
370 1247 486 1292 fiorinj
524 1246 580 1280 del
606 1245 808 1280 Archiduca
834 1247 956 1278 nostro
984 1272 991 1278 .
1011 1270 1018 1278 .
1039 1271 1046 1278 .
1073 1243 1164 1277 Vale
1191 1243 1234 1277 75
1260 1242 1401 1276 kraiser
1426 1253 1506 1281 vno,
1542 1242 1578 1274 et
1611 1239 1636 1273 il
1672 1238 1781 1272 scudo
1808 1236 1838 1270 d⁷
1858 1247 1918 1270 oro
1953 1234 1988 1268 in

230 1304 356 1347 queste
382 1301 497 1335 bande
524 1300 611 1334 .92.“
667 1298 844 1332 Existimo
880 1299 1011 1337 autem,
1046 1296 1201 1331 similem
1235 1296 1423 1340 pecuniam
1459 1293 1639 1338 superiore
1675 1302 1815 1335 quoque
1850 1300 1941 1323 anno
1968 1299 1989 1322 a

230 1355 446 1398 Magdalena
481 1353 661 1398 provisam
700 1363 779 1385 esse
818 1362 967 1395 eamque
1003 1349 1212 1393 significari,
1251 1360 1330 1382 cum
1367 1347 1566 1392 Oeniponte
1603 1346 1656 1380 10.
1683 1342 1867 1379 Februarii
1898 1341 1989 1376 1566

231 1410 269 1443 P.
300 1410 348 1443 Io.
375 1409 530 1451 Dyrstus
556 1405 698 1449 collegii
724 1407 841 1438 rector
877 1406 911 1437 et
938 1403 1175 1446 Magdalenae
1205 1401 1448 1436 confessarius
1475 1400 1627 1443 Borgiae
1653 1397 1824 1432 *scribit:
1864 1395 1989 1438 „Mitto

232 1463 338 1496 etiam
366 1461 424 1494 hic
450 1460 485 1493 in
511 1459 710 1493 subsidium
738 1458 862 1491 domus
888 1457 1069 1491 Romanae
1096 1455 1286 1490 Societatis
1314 1455 1381 1489 300
1408 1453 1613 1488 cor0nat0s“
1647 1452 1707 1495 (ex
1734 1447 1986 1493 autographis;

236 1514 492 1559 „G.Ep.V1.11“
526 1513 547 1546 f.
578 1512 660 1546 173¹³
689 1512 789 1551 174a;
829 1510 935 1553 „GSC
964 1510 1027 1544 66“
1058 1510 1083 1544 f.
1110 1509 1223 1553 395b).
1891 1507 1893 1510 '

352 1568 588 1611 Praeceptum
623 1565 711 1599 illud
748 1576 767 1598 a
795 1563 926 1606 Borgia
952 1563 1199 1608 oenipontanis
1227 1561 1339 1595 Sociis
1373 1561 1496 1595 datum
1523 1570 1603 1593 cum
1629 1569 1671 1592 ea
1696 1557 1833 1591 ratione
1859 1553 1990 1600 optime

234 1621 465 1664 congruebat,
492 1630 600 1663 quam
626 1618 668 1651 de
686 1617 934 1661 Magdalenae,
962 1616 1193 1659 Margaritae,
1220 1615 1378 1648 Helenae
1406 1612 1732 1648 archiducissarum
1758 1608 1893 1644 sanctis
1918 1606 1992 1641 illis

234 1673 419 1708 desideriis
445 1672 706 1706 observandam
735 1682 813 1704 esse
840 1671 987 1703 Iacobus
1005 1670 1162 1703 Lainius
1187 1669 1413 1713 praepositus
1439 1665 1618 1710 generalis
1645 1663 1804 1697 *litteris
1822 1660 1991 1695 Tridento

235 1728 290 1762 29.
317 1725 531 1761 Novembris
560 1724 649 1758 1563
686 1736 747 1768 per
774 1723 969 1756 Polanoum
1007 1722 1100 1756 datis
1135 1722 1174 1756 P.
1206 1721 1373 1755 Ioannem
1401 1719 1569 1764 Dyrsium
1597 1716 1738 1760 collegii
1765 1711 1991 1758 oenipontani

234 1782 409 1814 rectorem
437 1781 472 1812 et
498 1778 535 1812 P.
557 1777 762 1810 Hermetem
783 1776 967 1820 Halbpaur
993 1775 1197 1818 reginarum
1225 1773 1482 1807 confessarium
1505 1772 1710 1810 monuerat;
1736 1769 1787 1802 ita
1813 1767 1905 1800 enim
1932 1764 1993 1798 ille

235 1833 386 1878 Dyrsio:
417 1831 535 1874 „Quod
563 1842 703 1864 rumore
730 1829 830 1872 uulgi
857 1828 1107 1862 circumfertur
1132 1830 1336 1861 nostrorum
1364 1825 1522 1870 consilijs
1550 1824 1690 1867 aliquas
1717 1834 1734 1855 e
1752 1818 1993 1855 serenissimis

231 1883 370 1930 *reginis
405 1884 636 1919 constituisse
662 1882 921 1916 Monasterium
956 1881 1095 1925 ingredj
1135 1881 1266 1914 falsum
1303 1891 1381 1913 esse
1408 1878 1667 1918 existimamus,
1705 1887 1775 1909 non
1810 1876 1865 1907 est
1899 1872 1992 1906 enim

235 1942 398 1974 nostrum
425 1937 626 1971 huiusmodi
653 1935 801 1970 consilia
828 1935 911 1968 dare
940 1934 1150 1978 praesertim
1177 1933 1311 1976 reginis
1337 1932 1398 1966 sed
1426 1942 1486 1965 eas
1511 1929 1646 1974 hortarj
1675 1928 1717 1962 ad
1737 1927 1869 1972 optima
1888 1936 1992 1969 quae-

236 2004 315 2037 que,
343 1995 378 2025 et
396 1993 434 2025 ut
454 1991 518 2024 deo
536 1991 651 2024 serius
671 1989 776 2033 [serio
788 1988 821 2032 5³]
848 1990 985 2022 statum
1012 1987 1083 2021 uite
1110 1986 1222 2020 totius
1247 1997 1333 2020 suae
1361 1983 1618 2019 commendent.
1654 1981 1690 2016 Si
1717 1984 1836 2015 autem
1855 1978 1995 2013 dubitat

238 2046 278 2079 R.
299 2046 340 2080 V.
369 2047 432 2078 aut
458 2044 496 2078 P.
525 2043 675 2076 Hermes
702 2041 875 2086 quomodo
911 2041 959 2074 sit
994 2052 1073 2074 eum
1101 2039 1153 2084 ejs
1180 2039 1356 2082 agendum
1384 2037 1545 2071 conferat
1579 2047 1659 2070 cum
1686 2035 1724 2068 P.
1753 2033 1995 2067 commissario

238 2098 377 2132 natale“
412 2098 472 2140 (ex
499 2107 621 2140 apogr.
649 2094 760 2128 eiusd.
788 2097 916 2138 temp.;
948 2093 1010 2135 „V.
1037 2093 1076 2127 P.
1105 2093 1168 2126 63⁶³
1198 2093 1222 2125 f.
1251 2091 1347 2135 379).
1384 2090 1582 2134 Oeniponte
1609 2090 1727 2122 autem
1756 2087 1786 2121 7.
1812 2083 1996 2120 Februarii

241 2151 329 2186 1567
358 2151 523 2184 Lanoius
548 2148 589 2182 ad
610 2148 777 2190 Borgiam
798 2147 955 2180 *refertz
983 2145 1203 2189 Reginarum
1230 2145 1402 2178 fratribus
1430 2142 1691 2184 (Maximiliano
1709 2140 1753 2174 H.
1780 2136 1995 2184 imperatori,

240 2203 464 2238 Ferdinando
491 2202 534 2235 11.
562 2204 598 2235 et
624 2200 749 2242 Carolo
775 2199 1042 2242 archiducibus)
1080 2210 1149 2232 non
1176 2198 1356 2242 probatur,
1392 2198 1491 2241 ipsas
1518 2195 1575 2229 vel
1600 2195 1637 2228 in
1662 2193 1816 2228 Bavaria
1842 2190 1902 2225 vel
1927 2189 1996 2224 alio

240 2258 317 2291 loco
341 2259 445 2290 extra
470 2256 628 2301 ipsorum
647 2256 762 2287 terras
781 2253 849 2287 sito
867 2252 1122 2286 monasterium
1143 2251 1299 2293 ingredi3
1327 2261 1410 2283 nam
1436 2250 1472 2283 in
1483 2247 1591 2282 Tiroli
1611 2258 1671 2281 eas
1689 2246 1843 2280 retinere
1861 2243 1996 2277 volunt.

243 2311 360 2354 Atque
398 2310 593 2354 imperator
631 2307 773 2350 quidem
812 2305 1034 2339 Ferdinando
1074 2304 1255 2338 archiduci
1294 2305 1329 2337 et
1366 2301 1533 2345 regimini
1571 2300 1806 2345 oenipontano
1843 2296 1998 2342 scripsit,

242 2363 416 2403 viderent,
444 2364 484 2395 ut
509 2360 707 2405 Oeniponte
734 2358 989 2392 monasterium
1016 2357 1334 2391 Franciscanorum
1370 2357 1405 2389 in
1431 2354 1687 2388 monasterium
1713 2350 1891 2393 virginum
1919 2360 1998 2383 con-

243 2416 455 2455 verteretur,
482 2414 517 2447 in
543 2413 636 2457 quod
662 2412 807 2455 reginae
834 2412 1028 2452 intrarent;
1057 2411 1091 2443 id
1112 2412 1230 2443 tamen
1249 2408 1435 2443 consilium
1455 2418 1571 2451 neque
1589 2405 1722 2449 reginis
1741 2404 1859 2449 placet
1883 2413 1998 2445 neque

243 2467 442 2507 archiduci3
479 2466 537 2500 hio
563 2466 674 2509 igitur
698 2464 833 2508 reginis
860 2464 998 2509 amplas
1025 2463 1198 2507 quasdam
1230 2462 1346 2503 aedes,
1382 2471 1472 2505 quas
1498 2459 1613 2493 Halae
1648 2458 1691 2491 ad
1718 2456 1854 2490 Oenum
1881 2455 1999 2495 habet,

245 2522 329 2555 dare
356 2521 455 2561 vult;
491 2521 592 2553 iuxta
618 2530 709 2563 quas
744 2517 916 2562 templum
945 2518 1118 2550 exstruet.
1169 2515 1369 2559 Praecipua
1405 2516 1523 2547 autem
1559 2511 1755 2545 difficultas
1789 2510 1824 2542 in
1859 2520 1898 2542 eo
1935 2509 2000 2548 est,

246 2574 338 2618 quod
374 2573 639 2607 archiducissae
675 2584 695 2605 a
731 2570 909 2604 Societate
944 2569 1084 2612 seiungi
1115 2568 1250 2602 nolunt.
1303 2567 1419 2601 Huius
1457 2565 1660 2608 reigratia
1688 2561 1931 2596 Ferdinandus
1957 2560 2000 2594 11.

246 2627 420 2661 archidux
456 2626 585 2660 statuit
624 2625 667 2667 „li
703 2635 849 2669 apresso
883 2623 918 2656 in
950 2635 996 2656 vn
1024 2621 1200 2667 hospitale
1227 2620 1495 2655 accommodare
1521 2630 1568 2652 vn
1597 2616 1755 2659 Collegio
1789 2627 1852 2659 per
1878 2613 1998 2647 dodeci

247 2692 396 2725 persone
422 2679 506 2713 delli
531 2679 655 2719 nostri,
690 2689 759 2711 non
792 2677 988 2711 solamente
1015 2675 1145 2720 perche
1172 2674 1306 2708 aiutino
1334 2674 1368 2706 in
1394 2672 1521 2717 spiritu
1549 2672 1674 2714 queste
1700 2680 1763 2702 sue
1789 2667 1917 2701 sorelle
1943 2677 2001 2700 ma

250 2733 363 2766 anclio
389 2733 674 2775 maggiormeute
712 2742 775 2775 per
810 2729 937 2763 redure
964 2728 1083 2773 quella
1110 2727 1189 2761 Cita
1215 2728 1345 2769 guasta
1381 2726 1414 2759 di
1441 2724 1589 2758 heretici
1624 2722 1695 2756 alla
1720 2721 1800 2754 fede
1826 2719 2002 2754 catholica

249 2790 283 2819 et
318 2786 467 2819 essendo
493 2785 612 2818 vicina
647 2784 682 2817 di
717 2782 859 2816 Zwatz²
893 2782 1024 2825 luogho
1060 2780 1298 2814 famatissimo
1335 2781 1370 2812 et
1406 2775 1677 2822 populatissimo
1711 2774 1772 2818 piu
1807 2773 1902 2807 assai
1938 2771 2002 2805 che

251 2841 375 2881 queste
402 2839 469 2872 due
496 2838 567 2872 cita
593 2836 767 2881 Inspruch
793 2839 829 2870 et
847 2835 932 2869 Hall
959 2836 1035 2868 dice
1063 2834 1096 2868 S.
1116 2833 1173 2867 Al.
1193 2833 1258 2866 che
1284 2832 1309 2865 li
1335 2831 1448 2865 nostri
1473 2829 1690 2874 potrebbeno
1716 2827 1741 2860 ]i
1767 2826 1900 2860 anchor
1925 2825 2002 2858 fare

253 2893 362 2924 srutto
389 2891 555 2934 grande.“
602 2890 700 2924 Haec
727 2889 972 2923 Ferdinandus
998 2888 1041 2921 ΙΙ.
1069 2886 1200 2920 Lanoio
1226 2884 1356 2919 rectori
1383 2886 1419 2918 et
1443 2883 1514 2916 PP.
1534 2880 1654 2915 Ioanni
1674 2880 1803 2924 Dyrsio
1830 2882 1865 2912 et
1891 2877 2002 2912 Paulo

255 2943 479 2977 Hetzcovaeo
504 2943 709 2986 reginarum
735 2941 965 2976 confessariis
991 2939 1230 2983 significavit;
1258 2937 1366 2971 simul
1390 2948 1410 2970 a
1437 2933 1665 2969 confessariis
1683 2933 1797 2977 petiit,
1823 2934 1863 2965 ut
1881 2931 2003 2965 eadem

255 2996 389 3037 reginis
416 2996 714 3030 commendarent.
766 2995 861 3037 Quos
896 2997 1017 3028 tamen
1043 2993 1198 3026 Lanoius
1225 2990 1356 3030 docuit,
1395 2999 1529 3032 „neque
1555 2998 1616 3031 pro
1642 2997 1757 3029 neque
1783 2985 1925 3019 contra⁴⁴
1956 2983 2004 3016 di-

257 3050 406 3081 cendum
433 3049 520 3092 ipsis
547 3060 624 3082 esse
649 3049 855 3093 quidquam.
895 3047 1045 3090 „Queste
1064 3045 1186 3088 regine
1205 3056 1274 3077 non
1293 3042 1458 3086 vogliono
1485 3041 1572 3074 farsi
1598 3038 1770 3073 monache
1795 3037 2003 3076 formaliter,

384 3190 390 3206 ¹
419 3187 506 3220 Vide
532 3199 639 3231 supra
665 3200 698 3232 p.
725 3188 863 3221 93—94
891 3186 985 3220 353⁴.
1133 3184 1145 3204 ²
1172 3183 1328 3217 Sehwaz.
