2045 3471
197 195 282 236 740
695 191 789 226 Mon.
809 191 877 226 812
903 191 981 226 sive
1007 191 1046 225 it.
1067 190 1157 234 (19).
1195 191 1228 224 4.
1247 189 1329 224 Iulii
1349 190 1451 225 1565.

198 313 294 354 octo
328 310 538 363 suffragia
578 310 650 364 alij
685 310 942 361 habuerunt,
985 323 1139 364 nempe
1172 309 1217 352 P.
1248 309 1473 352 Salmeron
1508 310 1544 359 1,
1578 308 1624 351 P.
1658 308 1870 350 Polancus
1901 309 1955 357 2.,

195 376 242 419 Ρ.
260 375 433 418 Natalis
458 377 512 424 2.,
535 374 582 418 P.
601 375 628 417 J
632 375 792 417 acobus
813 375 953 417 miron
975 374 1251 430 prouincialis
1273 372 1564 428 portugalliae
1585 375 1621 423 1,
1645 372 1692 415 P.
1712 373 1870 414 Torres
1885 375 1898 399 1
1920 374 1954 421 1,

195 441 241 483 Ρ.
265 439 433 482 Araos²
468 442 488 481 1
524 440 680 482 absens
693 441 722 483 2.

314 515 352 549 In
381 514 548 558 Borgiam
575 515 653 560 ipsa
679 516 794 560 prima
824 515 1077 560 suffragiorum
1111 514 1245 548 latione
1281 526 1326 548 ex
1361 514 1404 548 39
1440 512 1623 557 suffragiis
1658 513 1701 547 31
1737 511 1958 552 convenisse,

194 570 363 603 narratur
401 568 510 602 etiam
549 579 569 602 a
606 569 780 603 Sacc-hino
809 568 920 612 (Hist.
947 568 981 603 S.
1009 568 1043 602 J.
1070 568 1132 607 ΙΙΙ,
1157 568 1180 601 1.
1211 568 1240 608 1,
1266 579 1301 601 11.
1329 567 1373 601 30
1400 566 1473 609 31),
1512 567 1662 600 Daniele
1687 566 1830 599 Bartoli
1862 564 1895 599 S.
1923 565 1956 599 J.

197 621 304 666 (Dell’
319 621 449 656 Istoria
467 621 561 656 della
580 621 800 667 Compagnia
820 622 854 656 di
873 621 980 657 Gesu.
1005 620 1042 654 L'
1055 621 1160 655 Italia
1178 621 1201 655 l.
1220 622 1253 661 4,
1273 632 1302 654 c.
1320 621 1360 654 17
1383 619 1514 664 [Opere
1527 618 1588 658 VI,
1607 631 1639 663 p.
1656 618 1687 660 2,
1705 618 1835 653 Torino
1856 618 1957 659 1825,

195 674 310 718 253]),
345 676 421 709 Αῑυ.
453 675 661 719 Cienfaeyos
687 675 721 710 S.
750 675 783 710 J.
812 675 879 719 (La
904 675 1062 720 heroyca
1088 674 1196 715 Vida,
1232 673 1424 714 virtudes,
1459 685 1483 717 y
1510 672 1703 716 Milagr0s‚
1740 671 1796 706 del
1822 671 1958 715 grande

195 727 229 762 S.
255 727 446 762 Francisco
473 728 515 762 de
542 728 648 774 Borja
676 728 697 763 l.
725 729 756 770 5,
784 728 805 772 ξ
833 729 864 769 3,
891 728 1032 762 Madrid
1060 727 1161 768 1702,
1189 726 1286 770 399).
1327 726 1381 760 Cf.
1409 726 1516 760 etiam
1538 728 1689 760 Astraia
1714 725 1737 760 l.
1764 737 1792 760 0.
1819 725 1853 759 11
1876 725 1956 759 217.

318 781 571 824 „Comitiorum
598 783 767 816 euentum
793 793 863 815 non
888 783 963 816 tam
990 781 1233 826 praesagiens,
1269 791 1375 824 quam
1402 779 1599 813 formidans
1626 781 1708 813 ante
1735 778 1958 819 Franciscus,

195 835 256 870 diu
281 846 404 869 secum
430 835 601 877 luctatus,
641 847 685 869 an
715 835 943 880 praeueniret
969 833 1191 879 deprecando
1218 833 1356 874 Patres,
1383 832 1599 873 Sahnerone,
1627 834 1663 866 et
1688 831 1958 879 Ribadeneirab,

199 900 287 933 quos
314 888 574 930 consulueratc,
600 888 830 928 Auctoribus,
856 899 901 922 ne
927 888 1020 922 forte
1046 888 1109 929 rei,
1136 898 1227 931 quae
1253 885 1343 920 nulli
1370 886 1405 919 in
1432 887 1587 919 mentem
1614 885 1786 926 venisset,
1825 884 1957 928 cogita-

195 942 329 976 tionem
365 942 524 976 excitare
560 941 744 976 videretur
770 941 884 982 velle;
920 941 1037 986 ipsum
1074 940 1263 985 opperiens
1298 939 1446 980 exitum,
1480 941 1629 982 tumque
1664 939 1694 972 si
1730 949 1819 983 opus
1853 938 1958 979 foret,

196 997 321 1029 contra
356 995 483 1036 iturus,
519 1006 625 1038 aegre
661 994 892 1039 quieuerat“:
930 994 986 1028 Ita
1021 996 1145 1028 narrat
1173 993 1371 1027 Sacc-himas
1404 992 1426 1026 l.
1454 1004 1483 1026 0.
1511 1004 1545 1026 11.
1571 992 1627 1026 31.
1679 991 1811 1026 Eadem
1838 991 1958 1026 italice

196 1051 231 1083 et
270 1048 456 1092 aliquanto
493 1048 671 1093 copiosius
706 1048 913 1082 referuntur
938 1059 959 1081 a
985 1048 1133 1081 Bartolo
1168 1046 1190 1081 1.
1218 1057 1247 1080 0.
1275 1058 1304 1080 0.
1334 1046 1386 1087 17,
1423 1057 1455 1090 p.
1482 1045 1680 1079 256—257.
1732 1043 1800 1086 Qui
1825 1044 1958 1079 8311113-

195 1113 317 1136 ronem
353 1104 389 1135 et
414 1101 688 1135 Ribadeneiram
725 1100 824 1142 haec,
860 1103 1003 1145 praeter
1033 1100 1113 1140 alia,
1148 1099 1302 1142 Borgiae
1329 1099 1464 1132 dixisse
1490 1098 1636 1133 scribit:
1676 1098 1736 1141 „D’
1756 1098 1845 1132 onde
1871 1109 1959 1132 aver

197 1154 266 1198 egli
295 1154 476 1188 sicurezza
503 1153 567 1187 che
594 1153 689 1188 basti
716 1164 736 1187 a
763 1164 969 1198 presumere
995 1164 1039 1186 ne
1067 1152 1114 1196 gli
1143 1151 1294 1185 Elettori
1321 1163 1368 1185 un
1394 1151 1445 1185 tal
1480 1151 1655 1196 pensier0‚
1691 1150 1875 1195 d'antipor
1908 1150 1959 1184 lui

196 1218 216 1241 a
244 1206 425 1241 Girolamo
451 1206 602 1247 Natale,
639 1217 659 1240 a
685 1206 826 1241 Giovan
852 1206 1018 1247 Ρο131100,
1054 1205 1098 1239 ad
1125 1204 1307 1239 Everardo
1333 1205 1570 1245 Mercuriano,
1606 1216 1626 1237 a
1659 1204 1780 1238 Pietro
1806 1204 1958 1245 Canisi0‚

196 1272 216 1294 a
233 1260 432 1294 Benedetto
451 1259 614 1294 Palmiad
629 1258 687 1303 [?],
714 1271 732 1293 e
759 1271 779 1293 a
797 1259 858 1304 piu
877 1259 969 1300 altri,
997 1258 1081 1302 qual
1108 1259 1179 1303 piu,
1206 1269 1225 1292 e
1243 1257 1328 1302 qual
1346 1269 1460 1298 meno,
1485 1269 1544 1291 ma
1570 1257 1655 1291 tutti
1674 1257 1960 1292 bastevolmente

198 1313 351 1358 pratichi
387 1313 445 1346 nel
472 1324 639 1356 governo,
677 1312 798 1346 allievi
827 1312 882 1346 del
910 1312 948 1346 P.
976 1312 1131 1355 Ignazio,
1169 1311 1200 1344 d’
1220 1310 1330 1354 ugual
1356 1311 1547 1355 prudenza,
1583 1322 1601 1344 e
1628 1311 1744 1351 virti1;
1782 1322 1799 1344 e
1826 1312 1960 1354 quanto

196 1366 226 1400 si
253 1369 271 1400 3
298 1367 341 1400 ad
369 1368 437 1408 eta,
475 1378 493 1400 e
528 1377 548 1400 a
578 1365 780 1409 gagliardia
815 1365 850 1399 di
885 1366 991 1407 forze,
1028 1377 1094 1410 pur
1120 1363 1345 1407 bisognevoli
1380 1363 1450 1398 alle
1485 1363 1619 1397 fatiche
1646 1363 1677 1397 d'
1698 1375 1744 1397 un
1771 1362 1958 1405 Generale,

195 1419 365 1453 fornitine
399 1419 531 1463 meglio
566 1419 600 1452 di
635 1418 683 1452 lui
696 1418 734 1452 ⁴?“
789 1418 895 1463 Apud
923 1417 1137 1452 Sacchinum
1164 1417 1253 1451 haec
1278 1429 1348 1451 non
1375 1419 1476 1457 sunt:
1513 1428 1628 1461 neque
1656 1418 1751 1450 certo
1777 1416 1959 1451 affirmare

195 1472 322 1514 ausim,
358 1472 544 1506 Bartolum
580 1471 656 1516 (qui
692 1471 821 1505 librum
857 1471 956 1505 illum
984 1471 1118 1505 Romae
1153 1481 1185 1504 a.
1216 1470 1304 1504 1673
1331 1470 1485 1515 primuni
1512 1469 1694 1513 vulgavit)
1732 1480 1777 1503 ex
1812 1470 1959 1514 antiquo

197 1526 295 1560 fonte
321 1525 409 1559 haec
435 1525 610 1560 hausisse.
650 1525 702 1559 Ea
727 1536 813 1559 sane
840 1526 959 1558 aetate
978 1524 1140 1558 historici
1160 1526 1322 1557 veterum
1342 1535 1450 1565 more,
1477 1534 1569 1567 quae
1588 1522 1656 1567 ipsi
1674 1525 1959 1567 composuerant,

195 1578 284 1613 alios
310 1578 497 1622 loquentes
523 1578 722 1618 faciebant:
752 1580 788 1612 et
806 1580 1027 1622 compertum
1048 1579 1112 1619 est,
1138 1576 1334 1617 Bartolum,
1360 1577 1505 1611 tametsi
1525 1576 1568 1610 ad
1587 1575 1693 1610 fidem
1711 1567 1882 1610 historiae
1900 1587 1959 1610 res

195 1631 398 1666 describere
434 1631 537 1673 solet,
572 1631 753 1665 interdum
783 1633 904 1665 tamen
931 1642 992 1665 eas
1018 1630 1281 1674 aliquantulum
1309 1641 1441 1673 augere
1468 1629 1527 1663 vel
1553 1641 1699 1669 ornare;
1733 1629 1778 1664 cf.
1805 1631 1957 1663 Astraia

194 1684 218 1719 l.
237 1696 266 1719 0.
293 1685 309 1717 I
336 1685 415 1726 526,
443 1687 478 1718 et
505 1687 624 1719 Pietro
648 1685 943 1718 Tacclzi-Ventari
969 1684 1002 1718 S.
1018 1684 1064 1724 J„
1092 1683 1141 1717 La
1169 1683 1359 1717 vocazione
1386 1682 1442 1716 del
1469 1694 1549 1716 ven.
1568 1682 1724 1716 Roberto
1742 1682 1958 1716 Bellarmino

197 1737 268 1772 alla
286 1737 508 1783 Compagnia
535 1738 569 1772 di
588 1738 695 1779 Gesu,
723 1737 757 1771 in
790 1737 999 1779 „Romische
1020 1736 1302 1778 Quartalschrift
1326 1736 1384 1769 fiir
1411 1735 1619 1770 christliche
1638 1735 1958 1770 Altertumskunde

196 1791 267 1825 und
305 1791 363 1824 fiir
400 1790 789 1834 Kirchengeschichte“
835 1790 965 1829 XVIII,
1008 1790 1096 1824 Rom
1135 1790 1236 1831 1904,
1278 1789 1475 1824 190—200.
1526 1789 1632 1823 Certe
1674 1788 1809 1822 Bartoli
1847 1788 1958 1822 verba

197 1844 399 1885 ostendunt,
428 1843 609 1878 Canisium
637 1844 680 1878 ab
708 1843 784 1888 ipso
820 1843 855 1877 in
882 1843 1178 1887 gravissimorum
1205 1842 1303 1877 illius
1329 1842 1618 1886 congregationis
1645 1844 1786 1886 patrum
1812 1853 1958 1875 numero

196 1897 357 1931 habitum
385 1909 474 1932 esse.

199 2000 297 2037 812
323 2001 402 2036 sive
428 1999 491 2037 it.
511 2001 636 2045 (19).
710 1999 850 2037 4.1u1ii
875 2000 969 2036 1565.

316 2073 371 2106 Ex
398 2072 614 2118 apographo,
643 2072 736 2116 quod
763 2084 793 2106 a.
812 2073 901 2107 1908
929 2084 949 2106 3
975 2072 1016 2107 R.
1044 2072 1084 2106 P.
1110 2073 1291 2106 Ladona-o
1312 2072 1457 2105 Sclmiitl
1476 2070 1558 2106 S.J.
1585 2071 1805 2116 exscriptum
1832 2074 1887 2105 est
1913 2082 1958 2105 ex

198 2126 362 2171 exemplo
380 2126 587 2171 archetypo,
616 2125 708 2170 quod
735 2128 857 2160 exstat
875 2126 1008 2160 Rornae
1036 2126 1070 2159 in
1088 2125 1307 2159 bibliotheca
1325 2124 1503 2165 vaticana,
1524 2123 1607 2159 God.
1627 2124 1729 2166 „Vat.
1747 2124 1859 2159 6436“
1882 2125 1905 2159 f.
1924 2125 1958 2158 4.

198 2179 383 2214 Particula
409 2180 505 2224 prior
534 2179 664 2223 (usque
691 2179 735 2213 ad
766 2179 986 2221 ¹,Polancho“
1018 2178 1118 2222 incl.)
1155 2190 1199 2212 ex
1234 2178 1358 2212 eodem
1395 2177 1560 2222 exemplo
1594 2178 1747 2222 primum
1773 2177 1872 2223 typis
1898 2188 1958 2212 ex-

198 2234 333 2278 scripta
359 2235 415 2267 est
439 2232 475 2266 in
503 2233 709 2277 „Analectis
734 2231 1011 2266 Bollcmdz'anz‘s“
1040 2231 1152 2271 XVII,
1179 2231 1368 2265 Bruxelles
1397 2231 1498 2272 1898,
1525 2231 1605 2265 384.

320 2304 506 2337 Canisiam
533 2304 716 2337 Societatis
746 2305 991 2346 praepositam
1024 2303 1222 2347 9eneralem
1249 2302 1391 2335 electam
1428 2302 1477 2334 iri
1502 2302 1634 2335 Roma-e
1660 2302 1864 2335 conlectam.
1914 2303 1959 2335 In

201 2368 288 2400 eamr,
315 2368 394 2390 eam
412 2357 567 2400 Boryias
592 2356 789 2400 eliyeretar,
816 2359 838 2389 2
863 2358 1044 2399 saffrayia
1070 2357 1267 2389 convenisse
1290 2355 1425 2396 ferunt.
1463 2355 1618 2396 Boryias
1643 2365 1719 2387 cam
1745 2354 1958 2398 electoribus,

202 2414 342 2444 oratore
369 2411 460 2453 reyis
486 2410 699 2443 Lusitaniae
725 2411 922 2453 comitante,
949 2410 1053 2442 Piam
1079 2410 1144 2442 IV.
1171 2409 1248 2441 adit
1283 2408 1326 2440 ab
1352 2418 1455 2450 eoque
1480 2408 1579 2440 valde
1604 2409 1748 2441 comiter
1773 2409 1959 2451 excipitur.

321 2488 373 2528 [η
406 2489 576 2542 scriptis
618 2488 1020 2541 commentarii-sque,
1064 2487 1137 2541 qai
1177 2487 1275 2527 olim
1306 2485 1483 2526 Ioannis
1523 2486 1761 2526 cardinalis
1793 2485 1963 2527 Maroni

201 2552 389 2606 fuerant,
434 2557 597 2594 exstant
642 2551 816 2605 ,‚Avisi“
862 2552 1037 2607 quidam
1080 2552 1164 2592 sive
1204 2552 1366 2592 litterae
1407 2563 1549 2602 reram
1589 2564 1793 2592 novaram
1831 2551 1959 2605 siqni-

201 2616 468 2666 ftcaaclaram
501 2619 642 2672 qratia
676 2619 868 2672 scriptae,
903 2631 1053 2672 eaeque
1076 2617 1212 2658 Roma
1234 2617 1273 2657 4.
1298 2614 1401 2656 Iulii
1424 2616 1538 2656 1565
1571 2615 1710 2668 datae,
1745 2616 1788 2656 in
1811 2615 1962 2669 quibas

204 2682 303 2723 haec
342 2687 584 2723 narrantur
616 2683 667 2723 cle
699 2683 742 2725 S.
768 2682 996 2723 Francis-co
1029 2682 1078 2723 de
1110 2681 1273 2735 Boi-qia
1304 2681 1398 2734 (qui
1436 2680 1525 2721 dax
1557 2679 1758 2721 Gandiae
1793 2680 1959 2733 fuerat)

207 2750 241 2786 et
263 2747 313 2787 cle
338 2747 509 2787 Canisio
534 2752 630 2789 etc..·
662 2747 723 2788 La
757 2746 1014 2800 compagnia
1047 2746 1115 2787 del
1137 2745 1236 2787 Iesu
1267 2744 1324 2786 ha
1356 2744 1490 2786 eletto
1522 2758 1599 2798 per
1630 2757 1706 2785 suo
1738 2744 1959 2798 preposito

323 2826 350 2856 a)
370 2825 467 2850 Araes
488 2833 555 2857 ap„-
583 2834 605 2850 υ.
626 2826 720 2857 infra,
745 2827 813 2851 adn.
833 2828 858 2851 2.
968 2825 998 2857 b)
1026 2826 1148 2851 Con-rexi
1174 2834 1210 2851 ex
1236 2823 1447 2850 Ribadeneria.
1551 2824 1576 2853 c)
1609 2825 1689 2849 Cot-r.
1717 2831 1753 2848 ex
1777 2823 1960 2849 consulerat.

207 2863 236 2895 d)
259 2865 321 2895 Sim
341 2867 581 2897 corriyemlamne
602 2865 740 2892 Palmio?

329 2961 338 2980 ¹
364 2960 402 2994 P.
422 2961 575 2995 Michael
594 2962 636 2996 de
654 2961 783 2995 Torres
805 2961 1053 3005 (Turrianus);
1081 2973 1187 3005 quem
1206 2959 1476 3004 congregationi
1501 2959 1710 2994 interfuisse
1737 2971 1782 2993 ex
1800 2958 1959 2993 eiusdem

208 3012 298 3045 actis
325 3015 464 3046 constat
490 3013 609 3055 (Decr.
628 3014 673 3048 26
699 3016 780 3058 post
807 3014 930 3055 elect.;
958 3016 1165 3048 Institutmn
1190 3014 1224 3047 II
1251 3013 1348 3056 201).

326 3065 338 3084 2
365 3065 403 3098 P.
431 3066 607 3100 Antonius
634 3067 767 3107 Araoz;
805 3067 865 3110 qui
891 3078 1004 3110 usque
1036 3067 1079 3101 ad
1106 3066 1221 3101 Lainii
1248 3068 1399 3100 mortem
1429 3064 1733 3107 „commissarius“
1765 3064 1960 3109 Hispaniae

209 3116 327 3149 fuerat
354 3116 573 3160 (Sacehinus,
602 3119 695 3152 Hist.
723 3118 757 3152 S.
778 3119 809 3152 J.
838 3119 881 3160 ΙΙ,
908 3119 931 3153 l.
958 3120 989 3160 6,
1016 3131 1049 3153 n.
1077 3120 1139 3159 65;
1168 3120 1228 3160 111,
1255 3119 1278 3153 1.
1308 3120 1337 3160 1,
1364 3131 1397 3152 11.
1424 3118 1483 3161 4);
1511 3117 1676 3152 electioni
1701 3128 1771 3150 non
1796 3116 1961 3151 interfuit

214 3168 424 3211 (Scia-chinus
449 3169 471 3203 l.
500 3182 527 3203 c.
556 3170 615 3211 III,
644 3171 665 3204 l.
696 3171 724 3211 1,
751 3182 783 3204 n.
813 3171 868 3205 34.
907 3173 1055 3205 Astraia
1084 3171 1106 3206 l.
1135 3182 1163 3206 c.
1191 3171 1224 3204 H
1250 3171 1466 3213 216-217).
