2045 3471
692 204 837 248 Dilinga
864 204 920 239 22.
946 204 1042 250 Sept.
1065 206 1166 240 1566.
1725 209 1806 250 321

56 320 192 365 aliquot
217 332 328 355 annos
347 320 487 365 Pragae
514 321 715 356 rhetoricen
740 322 933 357 tradidisse
961 325 996 357 et
1018 324 1222 366 germanice
1241 324 1482 358 contionatum
1502 336 1600 359 esse:
1628 325 1810 359 contiones

55 374 279 417 germanicas
308 376 364 416 „et
389 386 483 409 nunc
510 374 675 418 Dilingae
702 375 891 410 admodum
919 375 1113 410 1001101101ιι
1145 376 1252 410 habet
1281 377 1319 419 (l.
1347 389 1376 411 c.
1405 378 1427 411 f.
1455 378 1573 421 3752).
1623 377 1675 412 Cf.
1703 378 1809 411 etiam

58 427 144 460 Can.
171 427 221 461 IV
238 427 445 461 256⁵.701.
480 428 646 471 Adiungo
672 428 792 472 aliqua
819 441 864 463 ex
882 429 1013 463 Liberii
1040 429 1199 463 *litteris
1218 429 1363 473 Dilinga
1391 430 1447 465 28.
1465 431 1621 465 Ianuarii
1652 431 1740 465 1564
1766 431 1810 465 ad

54 479 218 513 Iacobum
244 479 417 521 Lainium,
445 481 634 515 Societatis
660 482 904 526 praepositum
931 482 1147 525 generalem,
1174 482 1288 522 datis:
1316 482 1382 516 hae
1409 484 1501 517 enim
1528 484 1672 518 litterae
1697 495 1810 527 usque

55 532 171 567 adhuc
204 533 279 567 fere
314 533 458 577 ignotae
495 537 597 568 erant
626 535 755 578 (pauca
781 537 922 568 tantum
949 547 994 568 ex
1029 535 1074 569 iis
1100 535 1280 580 excerpsit
1306 537 1473 570 Raderus
1498 537 1521 570 l.
1548 549 1577 571 c.
1608 537 1807 580 120—121)

55 586 91 619 et
124 586 168 619 ad
196 585 329 620 canisii
364 598 422 620 res
456 586 690 621 illustrandas
725 588 925 622 conferunt.
976 588 1107 622 Scribit
1143 589 1310 622 Liberius
1347 600 1367 622 a
1403 589 1576 623 cardinali
1611 590 1810 624 Truchsess

53 640 129 672 tres
153 639 251 673 viros
277 639 320 673 ad
347 639 538 674 dioecesim
565 642 804 683 augustanam
831 641 1047 675 visitandam
1074 641 1231 675 delectos
1258 653 1358 676 esse:
1388 641 1449 683 „R.
1470 642 1635 676 domnum
1662 642 1810 676 Protho-

53 691 251 726 notarium‘
283 691 502 735 (Cornelium
529 693 662 727 Herlen
689 705 710 727 a
736 692 969 737 Rosenthal);
1001 695 1129 736 „alium
1155 694 1196 728 D.
1224 694 1365 735 ι1111·13“;
1402 706 1451 735 se,
1477 697 1518 728 ut
1547 694 1807 738 „Theologum“

55 747 198 787 ageret:
226 745 379 790 primum
406 745 440 779 id
468 746 730 790 praestiterunt
755 748 883 789 rogatu
915 746 1084 788 ,Comitis
1111 747 1283 782 Friderici
1310 747 1560 790 Oetingensis“
1595 740 1810 792 (O'ttingen),

58 798 145 840 „uiri
171 810 255 832 uere
274 798 450 833 Catholici
478 802 513 833 et
540 799 581 833 de
601 798 734 833 Christi
762 799 926 833 Ecclesia
952 800 1040 834 bene
1066 800 1221 840 merifi‘,
1248 801 1349 835 cuius
1375 800 1507 835 fratres
1532 801 1809 846 protestantium

53 851 249 885 doctrinam
276 852 529 896 sequebantur.
570 852 658 886 Cum
678 852 858 886 Friderico
886 854 1015 887 comite
1041 853 1075 887 in
1103 854 1216 898 ipsius
1242 865 1325 888 arce
1350 856 1425 888 tres
1452 854 1527 888 dies
1546 854 1680 888 versati
1708 856 1808 889 sunt:

57 904 185 947 ⁷,habet
209 905 461 939 bibliothecam
488 905 817 942 instructissimam,
844 907 918 939 tam
944 906 1068 940 latinis
1094 918 1201 950 quam
1228 907 1444 950 germanicis
1470 907 1606 941 libris“.
1648 907 1810 941 Liberius

54 957 162 992 etiam
188 958 223 992 in
250 958 337 992 urbe
364 957 580 1001 oettingensi
608 958 689 999 fuit,
716 959 818 992 cuius
844 961 983 1003 partem
1010 959 1192 993 dimidiam
1212 971 1333 994 comes
1352 960 1564 1001 Ludovicus,
1596 960 1810 1002 „acerrimus

52 1011 290 1053 haerefficus‘,
317 1011 466 1056 imperio
492 1022 557 1045 suo
583 1011 782 1046 subiectam
809 1011 928 1046 habet.
984 1012 1125 1054 „Abbas
1162 1013 1194 1046 in
1222 1013 1440 1047 Ne1·issaim“
1471 1013 1699 1056 (Nerisheim,
1727 1013 1808 1047 olim

51 1065 307 1099 monasterium
334 1064 614 1108 benedictinum)
657 1065 817 1105 „omnino
844 1064 956 1099 uoluit
982 1070 1021 1099 ut
1058 1065 1092 1099 in
1119 1066 1335 1100 monasterio
1371 1077 1435 1100 suo
1470 1067 1717 1100 concionarer“
1751 1067 1809 1109 (ex

52 1118 257 1164 apographo
283 1118 405 1152 eodem
433 1118 508 1152 fere
534 1120 695 1163 tempore
723 1118 911 1162 Augustae
937 1130 956 1152 a
985 1118 1023 1152 P.
1044 1118 1235 1153 Guilielmo
1254 1119 1405 1153 Elderen
1434 1119 1468 1153 S.
1489 1120 1522 1154 J.
1541 1120 1686 1164 scripto.
1726 1120 1809 1155 Cod.

52 1171 195 1216 guelph.
226 1171 301 1213 „36.
328 1172 385 1205 24.
410 1171 524 1214 Aug.“
554 1172 579 1206 f.
602 1171 848 1215 1362—1371’).
884 1171 922 1206 P.
950 1173 1114 1215 lqnatius
1141 1174 1310 1215 Aga-[cola
1338 1172 1372 1207 S.
1391 1173 1423 1207 ι1.
1451 1174 1493 1207 de
1520 1172 1658 1207 Liberio
1688 1173 1807 1217 (quem

51 1237 239 1270 perperam
268 1224 481 1268 „Martinum
509 1224 709 1258 Liberium‘·'
741 1224 860 1267 vocat)
899 1224 988 1258 haec
1015 1225 1145 1259 refert:
1188 1224 1377 1267 ,Defuncti
1405 1237 1543 1270 corpus,
1579 1237 1658 1260 cum
1693 1226 1807 1260 locum

50 1290 114 1323 pro
139 1278 326 1323 sepultura
352 1278 504 1312 necdum
530 1277 755 1319 haberemus,
783 1277 932 1321 Illsungi
954 1277 1095 1323 Patritij
1123 1279 1319 1312 conditorio
1345 1279 1469 1312 inferri
1488 1279 1689 1317 voluerunt,
1716 1281 1807 1323 quod

52 1331 221 1366 Familiae
248 1343 334 1365 suae
360 1331 580 1374 gentilitium
608 1331 738 1365 habent
766 1331 872 1365 rubro
899 1342 1075 1365 marmore
1102 1334 1315 1371 contectum,
1342 1332 1408 1366 sub
1427 1332 1565 1377 Templi
1585 1332 1809 1367 Cathedralis

52 1385 200 1430 portien,
228 1396 334 1429 quam
361 1385 548 1419 obscuram
576 1383 739 1418 Grettam
768 1383 954 1429 appellant
979 1385 1204 1428 Augustani“
1238 1384 1276 1428 (l.
1304 1397 1332 1419 c.
1359 1384 1444 1419 Dec.
1471 1385 1503 1426 3,
1530 1397 1563 1419 11.
1585 1386 1681 1428 165).

170 1438 355 1483 Copiosius
390 1437 592 1482 explicetur
627 1440 767 1482 oportet
801 1437 929 1471 harum
964 1436 1165 1471 litterarum
1193 1440 1301 1482 caput
1334 1437 1433 1478 illud,
1468 1449 1538 1482 quo
1565 1438 1732 1472 Canisius
1767 1439 1809 1473 de

50 1491 158 1525 rebus
183 1490 539 1534 wisensteigensibus
565 1490 701 1524 scribit.
744 1490 978 1525 Sebastianus
1005 1492 1039 1524 et
1058 1490 1249 1524 Udalricus
1278 1491 1366 1532 (N,
1395 1491 1485 1525 alias
1508 1490 1638 1535 XVII.)
1667 1492 1808 1527 fratres.

51 1544 199 1579 comites
226 1544 269 1578 ab
296 1543 533 1585 Helfenstein,
568 1543 635 1577 sub
672 1555 703 1577 a.
733 1544 821 1577 1555
849 1543 926 1586 agri
954 1543 1259 1586 wisensteigensis
1287 1543 1558 1587 (VViesensteig,
1594 1556 1687 1578 nunc
1713 1546 1809 1589 oppi-

52 1598 135 1632 dum
161 1597 263 1641 regni
281 1596 617 1640 wurttembergici),
644 1608 749 1640 quem
775 1597 960 1640 regebant,
987 1596 1149 1631 homines
1176 1597 1220 1630 ab
1245 1596 1396 1631 ecclesia
1423 1596 1598 1631 catholica
1617 1597 1659 1631 ad
1679 1597 1809 1632 Luthe-

51 1651 259 1691 ranismum,
286 1651 329 1684 ad
357 1662 464 1695 quem
490 1650 559 1695 ipsi
585 1650 814 1690 transierant,
840 1650 1039 1690 traducere,
1060 1649 1306 1695 Christophori
1334 1650 1434 1684 ducis
1452 1650 1808 1694 wurttembergensis

51 1716 126 1749 ope,
154 1706 365 1749 coeperunt:
393 1704 599 1738 sacerdotes
627 1703 822 1737 catholicos
849 1703 946 1737 abire
972 1703 1165 1744 iusserunt,
1192 1704 1377 1737 ministros
1394 1703 1603 1737 lutheranos
1622 1705 1656 1737 in
1675 1707 1807 1738 terram

52 1757 328 1792 introduxerunt
354 1759 421 1791 etc.
473 1756 550 1798 Qua
586 1757 627 1791 de
663 1768 772 1791 causa
806 1756 996 1790 comitibus
1031 1757 1207 1791 actionem
1244 1757 1337 1802 apud
1373 1768 1552 1791 cameram
1587 1757 1806 1802 imperialem

51 1811 204 1845 intendit
230 1810 314 1845 Otto
341 1810 534 1845 cardinalis
561 1812 814 1853 Augustanus;
842 1809 1019 1854 episcopis
1045 1810 1138 1844 enim
1165 1810 1378 1853 augustanis
1403 1810 1460 1844 ius
1486 1812 1522 1844 et
1547 1812 1707 1855 potestas
1733 1816 1809 1845 erat

53 1863 285 1908 (quamquam
311 1865 408 1897 terra
434 1863 513 1908 ipsa
539 1863 583 1897 ad
611 1863 801 1897 dioecesim
828 1864 1131 1897 constantiensem
1157 1863 1377 1908 pertinebat)
1406 1863 1602 1908 praepositi
1628 1864 1807 1898 canonicis

50 1917 404 1960 wisensteigensibus
443 1916 702 1957 constituendi;
742 1927 856 1960 neque
894 1918 1014 1950 tamen
1054 1915 1139 1950 Otto
1178 1917 1373 1961 quidquam
1411 1917 1581 1961 profecit*
1603 1916 1705 1959 (Chr.
1744 1918 1807 1951 Fr.

49 1982 115 2004 von
149 1971 277 2014 Steilin,
314 1969 660 2013 W'irtembergische
696 1969 912 2003 Geschichte
947 1969 1023 2009 1V1‚
1062 1969 1245 2013 Stuttgart
1283 1970 1382 2007 1870,
1419 1971 1617 2004 644—645.
1671 1972 1807 2007 Braun.

51 2023 217 2058 Bisohofe
243 2024 294 2057 IIl
319 2023 537 2066 452—454).
573 2025 691 2066 Atque
719 2023 862 2056 ineunte
888 2034 919 2056 a.
942 2023 1031 2057 1562
1051 2023 1242 2057 Udalricus
1269 2035 1398 2064 comes,
1425 2025 1485 2068 qui
1512 2023 1548 2057 in
1574 2035 1656 2057 arce
1683 2025 1806 2057 wisen-

50 2077 222 2120 steigensi
258 2088 278 2110 a
310 2088 348 2110 se
376 2078 561 2110 exstructa
588 2076 786 2116 habitabat,
822 2076 904 2120 plus
938 2076 983 2110 20
1010 2076 1177 2110 mulieres
1214 2077 1249 2110 111
1276 2076 1420 2110 vincula
1448 2077 1609 2118 coniecit,
1646 2077 1738 2120 quod
1766 2077 1807 2110 de

51 2129 233 2164 veneficiis
270 2132 305 2163 et
340 2130 472 2163 artium
508 2130 727 2172 magicarum
766 2129 982 2163 tractat-ione
1017 2132 1207 2174 suspectae
1235 2132 1356 2164 essent
1384 2130 1564 2172 (Solclans'
1592 2129 1807 2164 Geschichte

48 2183 110 2217 der
136 2183 440 2227 Hexenprozesse,
476 2194 546 2216 neu
574 2182 691 2216 bearb.
718 2194 786 2216 von
814 2183 942 2217 Heinr.
970 2184 1092 2226 Heppe
1118 2183 1143 2222 l,
1184 2182 1368 2226 Stuttgart
1398 2183 1497 2223 1880,
1524 2183 1623 2225 468).
1674 2182 1806 2216 Eodem

50 2248 141 2270 anno
167 2235 360 2270 Udalricus
386 2235 590 2269 carnificem
617 2247 731 2276 suum,
768 2238 845 2269 arte
872 2235 1109 2269 confessionis
1145 2247 1164 2269 a
1190 2236 1316 2280 strigis
1344 2235 1503 2278 (Hexen)
1542 2247 1604 2280 per
1629 2238 1806 2269 tormenta

50 2288 303 2334 exprimendae
330 2289 571 2333 conspicuum,
590 2288 795 2331 Esslingam
817 2283 1028 2331 (Effilingen)
1049 2289 1159 2330 misit,
1186 2292 1224 2323 ut
1244 2290 1342 2324 cives
1361 2290 1502 2323 iuvaret
1529 2289 1563 2322 in
1588 2288 1805 2332 quaestione.

49 2352 167 2387 quam,
194 2341 329 2376 Thoma
355 2341 567 2385 Naogeorgo
594 2341 759 2375 ministro
786 2341 974 2376 lutherano
1001 2343 1148 2386 eiusque
1167 2342 1315 2386 collegis
1334 2342 1551 2383 auctoribus,
1578 2342 1613 2375 in
1639 2342 1806 2376 mulieres

49 2395 220 2440 quasdam
248 2394 428 2429 habebant
463 2395 506 2429 de
541 2395 716 2429 horrenda
742 2397 958 2440 tempestate
985 2395 1122 2430 artibus
1158 2396 1307 2439 magicis
1340 2396 1508 2429 excitata.
1560 2395 1661 2428 Anno
1688 2397 1805 2429 autem

52 2449 141 2484 1563
167 2448 360 2483 Udalricus
387 2450 422 2482 et
448 2447 681 2483 Sebastianus
717 2449 753 2482 in
789 2449 866 2493 ipsa
901 2451 997 2483 terra
1023 2449 1311 2493 wisensteigensi
1349 2450 1392 2483 63
1427 2449 1561 2490 strigas
1587 2449 1806 2491 torquendas

49 2504 84 2536 et
110 2502 367 2536 comburendas
394 2507 565 2535 curarunt
593 2502 911 2544 (Janssen-Pastor
937 2502 959 2536 l.
980 2514 1009 2536 c.
1025 2502 1205 2536 V111¹2⁷<14
1233 2503 1432 2537 596-597.
1469 2502 1550 2536 Joh.
1576 2503 1805 2545 Dlefenbach,

49 2555 120 2590 Der
146 2554 391 2595 Hexenwahn,
419 2555 536 2588 Mainz
566 2555 666 2595 1886,
694 2555 862 2599 90492).
914 2555 967 2589 Ne
1002 2558 1127 2600 postea
1163 2556 1304 2599 quidem
1333 2555 1525 2589 Udalricus
1554 2554 1805 2597 (Sebastianus

49 2620 80 2643 a.
92 2608 182 2643 1564
198 2608 272 2642 vita
291 2607 414 2650 cessit)
435 2608 632 2650 strigarum
651 2612 748 2642 metu
766 2608 940 2642 liberatus
960 2611 1024 2643 est.
1068 2609 1122 2642 Ita
1142 2610 1235 2642 enim
1256 2609 1294 2642 P.
1310 2610 1552 2651 Hieronymus
1567 2609 1710 2641 Natalis
1724 2608 1757 2642 S.
1773 2609 1805 2642 J.

52 2661 115 2705 (re,
150 2663 246 2706 puto,
284 2673 328 2694 ex
363 2662 440 2705 ipso
467 2660 609 2695 Canisio
637 2661 695 2695 vel
730 2673 775 2695 ex
810 2662 982 2695 cardinali
1009 2661 1210 2696 Truchsess
1236 2662 1401 2706 accepta)
1437 2664 1578 2695 narrat:
1616 2660 1806 2696 Udalricus

49 2726 94 2749 ex
119 2716 255 2758 strigis,
292 2725 381 2758 quas
416 2718 571 2758 ceperat,
609 2714 801 2757 diligenter
826 2715 1032 2758 quaerebat,
1074 2726 1157 2748 num
1194 2715 1278 2759 quid
1313 2718 1421 2755 esset,
1456 2714 1548 2758 quod
1583 2714 1627 2747 ad
1663 2715 1760 2759 ipsas
1786 2726 1804 2748 a

49 2767 235 2802 maleficiis
261 2767 478 2801 cohibendas
505 2767 663 2807 valeret;
703 2779 824 2801 earum
852 2770 970 2801 autem
999 2780 1171 2812 respousa
1200 2769 1234 2801 iu
1262 2767 1295 2801 id
1323 2767 1577 2811 congruebant,
1605 2769 1645 2800 ut
1670 2779 1720 2808 se,
1747 2768 1803 2802 ubi

49 2820 305 2855 catholicorum
336 2831 449 2865 „aqua
475 2820 681 2854 benedicta“
713 2823 883 2861 exstaret,
920 2832 1048 2855 nocere
1075 2832 1179 2865 posse
1205 2823 1389 2863 negarent.
1442 2819 1518 2861 Qua
1544 2832 1581 2853 re
1608 2823 1805 2855 commotus

49 2885 168 2908 comes
186 2873 298 2908 sorori
317 2874 446 2907 viduae
465 2873 710 2917 [Margaritae.
730 2873 861 2907 viduae
881 2872 1026 2917 Georgii
1045 2874 1087 2907 de
1106 2873 1369 2913 Lichtenstein;
1390 2885 1423 2907 v.
1437 2873 1528 2907 infra
1541 2885 1632 2908 mon.
1646 2874 1720 2908 wis.
1737 2875 1802 2917 (2)]

50 2926 204 2971 scripsit,
240 2929 392 2967 curaret,
429 2928 469 2960 ut
494 2926 550 2960 vir
576 2926 712 2967 doctus,
739 2926 799 2969 qui
825 2937 863 2960 se
890 2926 995 2960 fidem
1023 2926 1237 2960 catholicam
1264 2926 1472 2968 diligentius
1499 2925 1652 2967 doceret,
1688 2927 1730 2961 ad
1767 2939 1804 2962 se

51 2980 208 3019 veniret:
245 2981 354 3023 atque
389 2979 451 3013 illa
487 2990 507 3013 a
535 2978 676 3013 Canisio
712 2978 825 3023 petiit,
862 2980 900 3012 ut
936 2981 971 3012 et
1006 2979 1109 3012 fratri
1146 2981 1181 3013 et
1215 2980 1280 3013 toti
1318 2978 1370 3012 illi
1406 2981 1523 3013 terrae
1558 2990 1659 3024 opem
1696 2980 1804 3014 ferret

51 3030 153 3076 [Epp.
173 3033 295 3065 Nadal
320 3032 370 3065 IV
396 3032 602 3072 779-780;
630 3031 708 3076 ipsa
734 3031 844 3065 verba
870 3031 1055 3075 hispanica
1082 3043 1209 3076 ponam
1237 3032 1329 3065 iufra
1349 3043 1440 3065 mou.
1460 3032 1536 3066 wis.
1557 3032 1638 3076 (2)].
1682 3033 1804 3077 Neque

51 3096 136 3118 vero
170 3087 278 3118 vacat
311 3087 484 3130 repetere,
520 3096 611 3129 quae
647 3084 689 3118 de
724 3084 848 3126 strigis
878 3084 1064 3128 magisque
1091 3085 1240 3118 disserui
1271 3085 1357 3118 Can.
1385 3085 1432 3118 IV
1459 3085 1657 3120 401-402.
1707 3086 1804 3121 Haec

50 3139 191 3170 tantum
216 3140 318 3171 noto:
358 3137 522 3172 Canisius
559 3138 648 3172 idem
677 3137 719 3170 de
746 3137 870 3179 strigis
898 3137 1085 3180 magisque
1112 3137 1301 3175 sentiebat,
1337 3137 1429 3181 quod
1457 3138 1530 3172 fere
1557 3150 1679 3173 omnes
1707 3140 1802 3174 illius

52 3189 222 3233 temporis
258 3190 436 3233 aequales,
473 3191 551 3224 sive
587 3190 752 3225 catholici
787 3190 865 3223 sive
901 3192 1154 3234 protestantes,
1188 3190 1266 3224 sive
1301 3190 1459 3234 theologi
1486 3191 1564 3225 sive
1599 3192 1803 3238 iurisperiti.

123 3253 431 3286 Braunsberger,
451 3254 564 3280 Canisii
584 3254 739 3287 Epistulae
760 3256 790 3279 ct
806 3255 889 3279 Acta.
914 3252 948 3279 V.
1475 3250 1514 3284 21
