2045 3471
204 211 288 251 790
699 205 794 239 Mon.
813 204 881 238 852
907 205 985 238 sive
1011 203 1081 238 litt.
1102 204 1136 247 (1
1144 208 1167 247 ).
1214 202 1457 236 1562—1566.

201 325 401 368 haeresin
454 326 499 366 et
544 323 638 378 ipse
683 323 726 365 in
774 322 934 365 sacello
987 324 1134 364 nostro
1184 320 1417 373 Dilingano
1465 318 1683 361 abiurauit
1703 320 1731 360 1.
1804 318 1965 360 Datum

201 390 430 444 Augustae
470 391 536 431 12.
571 388 744 430 Calend:
777 387 881 441 Julij
915 387 1029 429 Anni
1065 388 1235 429 1.5.6.7.

322 476 377 510 Ex
395 475 483 521 ipsis
510 475 608 509 hisce
634 474 766 509 litteris
791 473 1026 517 intellegitur,
1054 485 1115 508 eas
1133 473 1177 506 ab
1196 471 1315 516 aliquo
1334 483 1378 505 ex
1398 470 1511 505 Sociis
1530 469 1726 513 dilinganis
1745 468 1966 512 conscriptas

204 541 303 571 esse;
339 533 375 564 et
410 541 490 563 cum
525 528 562 562 in
602 528 868 571 „Collectaneo“
900 527 1049 568 dicatur,
1091 525 1288 570 „quendam
1323 524 1514 558 Doctorem
1549 522 1815 566 Dilingensem“
1845 532 1969 555 earum

204 585 386 617 auctorem
413 593 503 624 esse,
531 593 591 616 eas
617 584 679 616 aut
706 593 726 616 a
751 581 791 616 P.
812 581 996 626 Alphonso
1015 580 1158 621 Pisano,
1186 581 1249 613 aut
1275 590 1295 612 a
1313 578 1353 612 P.
1373 576 1510 610 Thoma
1529 575 1644 617 Gallo,
1670 578 1734 610 aut
1759 586 1778 609 a
1799 575 1837 609 Ρ.
1857 574 1969 608 Theo-

205 637 324 671 dorico
351 636 493 670 Canisio
520 635 623 669 datas
650 646 728 669 esse
755 646 900 675 censeo;
928 645 1043 678 neque
1070 633 1164 667 enim
1190 632 1249 666 alii
1278 632 1390 665 erant.

324 689 458 723 Notatu
477 689 586 732 digna
612 691 706 730 sunt,
733 700 825 732 quae
843 687 878 721 in
905 687 961 721 his
986 687 1119 721 litteris
1137 686 1343 720 referuntur
1361 684 1403 717 de
1421 685 1535 717 morte
1554 681 1652 716 Petri
1671 681 1775 716 Pauli
1793 680 1970 724 Vergerii,

205 742 390 786 Tubingae
417 743 449 776 4.
469 742 635 776 Octobris
663 742 753 776 1565
789 740 971 775 exstincti.
1024 739 1122 780 Quae
1149 750 1229 773 cum
1266 738 1301 772 in
1329 739 1434 771 Suria?
1460 736 1723 770 Commentario
1759 746 1851 768 anno
1880 734 1971 767 1568

206 807 339 830 excuso
368 795 405 839 (l.
425 796 471 838 c.)
500 796 626 830 iisdem
653 795 728 829 fere
754 795 876 828 verbis
901 795 1103 833 narrentur,
1140 793 1176 825 in
1203 791 1325 825 eodem
1354 789 1617 824 Commentario
1653 799 1760 832 opera
1787 787 1974 821 Michaelis

206 851 250 883 ab
267 850 367 883 Isselt
397 860 541 891 „recens
567 848 611 882 ab
637 860 730 882 anno
756 849 804 882 M.
824 847 865 882 D.
885 847 991 881 LXX.
1011 849 1127 887 aucto,
1155 848 1191 879 et
1216 845 1259 879 ad
1279 855 1412 878 annum
1435 843 1482 877 M.
1503 843 1544 877 D.
1564 840 1757 875 LXXXVI.
1777 840 1967 885 perduct&

210 902 394 946 (Coloniae
423 902 524 944 1586,
551 914 583 947 p.
604 902 687 945 733)
716 913 786 935 non
812 901 928 935 solum
956 901 1178 945 repetuntur,
1215 899 1276 932 sed
1304 897 1360 931 his
1386 896 1506 931 verbis
1533 895 1821 940 amplificantur:
1861 893 1974 935 „Sane

208 956 310 990 aiunt
344 955 412 989 viri
450 967 602 998 graues,
638 955 733 989 hunc
769 956 971 999 apostatam
1005 953 1219 996 Vergerium
1255 951 1321 986 sub
1356 952 1507 984 mortem
1542 948 1748 983 teterrimos
1783 946 1974 980 exhalasse

207 1010 375 1051 foetores,
410 1020 452 1043 ac
486 1009 589 1043 bouis
623 1009 738 1042 instar
772 1007 966 1042 horrendos
993 1006 1147 1040 edidisse
1180 1005 1389 1039 boatus:et
1416 1003 1488 1037 alia
1520 1002 1706 1046 quaedam,
1743 1011 1835 1044 quae
1870 1011 1974 1044 spero

208 1063 421 1107 quandoque
448 1063 582 1096 certius
608 1061 811 1106 prodituros
838 1072 908 1097 eos.
946 1060 1005 1103 qui
1032 1059 1198 1093 morienti
1225 1058 1382 1092 adfuere.
1435 1056 1522 1090 Mihi
1549 1055 1701 1089 necdum
1727 1053 1830 1088 licuit
1856 1052 1974 1087 onmia

209 1118 337 1150 exacte
363 1116 611 1158 cognosce1·e.“
666 1114 850 1148 Eiusmodi
886 1113 1028 1157 quidem
1055 1124 1112 1146 res
1138 1111 1350 1155 singillatim
1379 1110 1475 1144 credi
1506 1109 1635 1142 debere
1662 1107 1719 1141 vel
1747 1106 1843 1141 credi
1869 1116 1975 1150 posse

212 1169 297 1211 (nisi
322 1169 416 1202 forte
443 1168 643 1202 certissime
669 1166 879 1213 probentur)
907 1165 1079 1210 negarim,
1107 1165 1213 1209 idque
1240 1176 1285 1198 ex
1311 1163 1520 1203 rationibus,
1548 1173 1638 1205 quas
1655 1161 1727 1195 iam
1755 1159 1885 1204 protuli
1905 1158 1975 1192 alio

210 1222 287 1256 loco
316 1221 421 1265 (Can.
439 1221 491 1255 IV
517 1222 615 1265 605).
667 1221 735 1255 Sed
761 1220 976 1264 Vergerium
1003 1231 1047 1252 ex
1075 1218 1241 1263 episcopo
1270 1219 1306 1251 et
1340 1216 1536 1261 apostolico
1562 1214 1686 1248 nuntio
1713 1213 1854 1247 hostem
1880 1211 1977 1256 capi-

210 1275 320 1309 talem
348 1277 384 1308 et
409 1274 703 1308 calumniatorem
730 1285 878 1308 saevum
906 1272 1079 1306 ecclesiae
1098 1271 1298 1305 catholicae
1325 1270 1503 1310 effectum,
1530 1279 1635 1312 quem
1662 1265 1828 1301 illiberali
1855 1266 1975 1299 mente

211 1328 323 1362 fuisse
358 1339 453 1361 nunc
487 1328 595 1361 etiam
631 1328 874 1372 protestantes
909 1326 1071 1360 fatentur
1098 1325 1148 1367 (v.
1172 1326 1259 1358 Can.
1286 1324 1336 1357 Ill
1363 1323 1462 1366 809),
1497 1321 1593 1356 tristi
1629 1320 1833 1363 miseraque
1864 1320 1978 1352 morte

212 1380 460 1426 perisse:hoc
486 1380 594 1414 facile
620 1380 715 1414 credi
750 1382 879 1424 potest,
916 1391 997 1413 cum
1025 1377 1200 1412 Gablerus
1227 1377 1283 1410 vir
1315 1376 1441 1410 doctus
1476 1377 1512 1409 et
1546 1374 1678 1419 probus
1712 1373 1748 1406 id
1784 1383 1822 1406 se
1859 1381 1979 1405 coram

212 1434 347 1468 vidisse
373 1437 408 1467 et
435 1434 579 1468 audisse
604 1436 771 1468 testetur.

332 1487 422 1521 Tum
449 1487 525 1532 ipse
543 1486 735 1521 Udalricus
753 1486 814 1520 IV.
837 1487 872 1529 (†
893 1486 946 1520 17.
966 1484 1121 1519 Ianuarii
1142 1484 1248 1527 1570)
1270 1485 1345 1517 tum
1373 1483 1450 1516 eius
1476 1481 1541 1515 filii
1568 1483 1602 1514 et
1629 1481 1778 1524 nepotes
1803 1478 1838 1511 in
1858 1476 1980 1511 catho-

214 1541 304 1575 licae
330 1541 516 1584 religionis
542 1541 661 1575 studio
696 1541 993 1586 perseverarunt;
1029 1550 1109 1572 cum
1136 1540 1257 1572 autem
1286 1548 1327 1570 ea
1353 1535 1490 1570 familia
1517 1547 1548 1568 a.
1570 1534 1658 1568 1627
1686 1533 1722 1566 in
1746 1531 1899 1566 Rudolfo
1917 1530 1979 1564 VI.

215 1594 397 1628 exstincta
416 1596 523 1633 esset,
550 1594 720 1628 maiorem
746 1594 938 1627 comitatus
962 1594 1100 1637 partem
1120 1591 1268 1625 comites
1288 1588 1570 1631 Fi'irstenbergii,
1598 1587 1774 1631 reliquam
1801 1583 1982 1630 principes

214 1647 392 1681 Bavariae
417 1648 515 1681 nacti
541 1650 635 1687 sunt,
663 1649 770 1691 atque
798 1648 847 1681 ita
874 1646 973 1688 regio
991 1643 1299 1686 wisensteigensis
1326 1644 1419 1676 inter
1436 1641 1571 1676 medios
1597 1641 1842 1685 protestantes
1868 1647 1982 1681 usque

216 1700 332 1734 adhuc
358 1700 476 1734 insula
502 1701 678 1744 quaedam
705 1701 839 1734 mansit
865 1698 1042 1733 catholica
1063 1699 1209 1741 (Kerler
1226 1697 1248 1730 l.
1269 1708 1297 1730 c.
1320 1695 1517 1730 153—156.
1560 1694 1687 1728 Matth.
1705 1693 1870 1726 Raderus
1888 1690 1922 1724 S.
1937 1690 1981 1730 J„

218 1753 374 1788 Bavaria
401 1753 470 1798 pia,
497 1753 679 1788 Monachii
708 1753 808 1793 1628,
839 1752 1036 1787 138—140.
1080 1752 1273 1785 Buttmann
1302 1749 1324 1783 l.
1345 1760 1373 1782 c.
1403 1748 1525 1792 [supra
1552 1759 1584 1792 p.
1604 1745 1687 1789 454]
1718 1745 1800 1779 115¹
1828 1744 1923 1787 124).

337 1806 669 1851 Wisensteigenses
707 1806 870 1840 beneficii
908 1817 928 1839 a
966 1805 1109 1839 Canisio
1148 1803 1287 1848 accepti
1331 1804 1472 1846 gratam
1511 1799 1718 1834 memoriam
1759 1796 1988 1832 declararunt

219 1862 374 1894 exeunte
392 1872 423 1894 a.
445 1861 547 1903 1897,
573 1860 865 1895 trecentesimum
886 1859 978 1892 diem
1005 1858 1132 1891 mortis
1150 1858 1227 1891 eius
1245 1855 1469 1890 sollemniter
1487 1853 1721 1888 celebrantes.
1763 1850 1876 1884 Annis
1897 1848 1987 1883 1903

219 1915 256 1946 et
284 1914 375 1949 1904
401 1913 611 1958 Deggingae
646 1914 681 1947 in
716 1924 819 1947 sacra
854 1913 941 1946 aede
972 1912 1071 1954 „Ave
1097 1910 1231 1944 Maria“
1265 1910 1315 1952 (v.
1334 1919 1443 1953 supra
1469 1919 1502 1952 p.
1522 1907 1623 1948 783³)
1654 1904 1788 1939 Canisii
1815 1902 1986 1936 memoria

221 1969 257 1999 et
283 1966 401 2008 altari,
427 1968 463 2001 in
482 1978 552 2011 quo
578 1967 726 2011 grandis
745 1967 821 2000 eius
841 1968 961 2000 statua
981 1966 1141 2010 apparet,
1171 1966 1207 1997 et
1224 1963 1365 2008 pictura
1385 1961 1521 1995 duobus
1547 1959 1667 1993 inusta
1685 1957 1790 1991 vitris
1816 1956 1991 1990 honorata

222 2021 295 2059 est3
323 2031 415 2064 quae
441 2023 671 2055 monumenta
698 2020 833 2065 piorum
862 2018 1083 2063 quorundam
1110 2016 1330 2051 liberalitate
1357 2013 1499 2048 Canisio
1526 2015 1610 2046 sunt
1637 2011 1764 2056 posita.

1081 2145 1135 2187 K.
1578 2184 1579 2187 ,

469 2236 923 2282 ΜθΝῊΜΕΝΤΑ
955 2231 1415 2276 LITTERARIA
1453 2227 1749 2272 CANISII.

236 2349 340 2385 852
367 2350 445 2384 sive
472 2347 581 2384 litt.
603 2347 694 2393 (Ι).
770 2344 998 2382 1562-1566.

347 2420 403 2454 Ex
429 2420 513 2454 Cod.
545 2419 642 2461 „XV.
665 2419 714 2452 A*
744 2418 769 2452 f.
791 2416 1021 2452 192b—193b.

344 2492 383 2524 P.
411 2491 555 2524 Natalis
584 2491 745 2523 visitator
773 2489 894 2522 Socios
928 2491 1052 2530 monet,
1088 2490 1125 2519 ut
1161 2486 1196 2518 in
1230 2484 1424 2518 Germania
1455 2483 1595 2516 Cane'sz'a'
1630 2480 1851 2513 catechismos
1887 2482 1916 2510 et
1953 2477 1990 2509 «ῖη

226 2544 364 2588 scholis,
393 2549 421 2578 et
449 2547 486 2577 in
513 2545 663 2577 ecclesiis
689 2543 870 2586 explicent.

347 2616 393 2658 P.
419 2617 706 2670 Hieronymus
727 2614 900 2656 Natalis
932 2610 1248 2654 institutionem
1284 2608 1498 2662 quandam
1531 2606 1607 2655 „de
1640 2602 1861 2646 exercitiis
1894 2601 1997 2643 lite-

233 2680 358 2721 ariis“
386 2681 428 2722 in
461 2680 619 2722 scholis
642 2678 874 2721 Societatis
896 2675 1107 2719 faciendis
1140 2674 1271 2724 dedit,
1306 2687 1401 2715 cum
1434 2672 1477 2713 in
1502 2669 1734 2713 Germania
1775 2666 1997 2720 superiore

233 2745 463 2787 Societatis
506 2744 779 2787 visitatorem
820 2742 890 2783 vel
935 2741 1123 2782 secundo
1169 2735 1502 2793 (1562—1563)
1547 2735 1618 2776 vel
1663 2733 1796 2776 tertio
1842 2729 1996 2783 (1566)

234 2813 406 2862 ageret;
449 2812 597 2851 exstat
639 2808 750 2850 enim
792 2807 918 2848 huius
958 2804 1245 2848 institutionis
1287 2802 1531 2855 exemplum
1573 2799 1617 2840 in
1651 2796 1883 2840 Germania
1927 2809 1999 2836 su-

234 2874 402 2927 periore
434 2874 656 2927 scriptum,
691 2872 803 2926 quod
835 2872 882 2914 P.
902 2869 1194 2913 Theodoricus
1217 2867 1412 2910 Canisius
1445 2863 1714 2907 emendavit:
1750 2876 1800 2903 ac
1822 2859 1999 2903 Natalis

237 2939 328 2991 ipse
368 2938 410 2979 in
453 2938 544 2979 eius
584 2937 781 2990 margine
822 2937 968 2989 aliqua
1010 2934 1193 2977 notavit.
1258 2933 1416 2974 Postea
1455 2926 1788 2983 (1567—1577)
1826 2923 2000 2967 Natalis

240 3002 418 3043 eandem
441 3002 756 3045 institutionem
780 3001 872 3042 sive
903 2999 1232 3042 instructionem
1256 2995 1511 3048 recognovit
1534 2996 1578 3035 et
1600 2990 1848 3034 emendavit
1871 2988 1999 3042 (Epp.

242 3067 387 3107 Nadal
417 3066 478 3107 IV
512 3065 692 3118 x—x1);
735 3079 861 3118 quam
895 3065 958 3106 ita
991 3063 1264 3105 emendatam
1298 3059 1415 3114 typis
1447 3057 1774 3111 exscripserunt
1806 3054 2002 3095 Pczclztler

364 3192 372 3211 ¹
400 3191 600 3225 Fridericus
626 3191 857 3225 Helmstein‘?
898 3190 990 3224 Vide
1017 3200 1124 3233 supra
1150 3200 1182 3232 p.
1203 3187 1268 3221 781
1299 3188 1335 3219 et
1361 3185 1406 3219 cf.
1426 3186 1517 3217 Rc'iss
1547 3182 1570 3216 l.
1590 3193 1618 3216 c.
1640 3181 1671 3215 II
1698 3178 1895 3214 516—521.
