2045 3471
198 216 281 257 678
404 214 499 248 Mon.
519 213 706 248 750—752
732 214 810 248 sive
836 225 948 258 germ.
967 213 989 247 l.
1013 211 1233 256 (25)-(27).
1273 212 1372 245 Inter
1398 211 1430 246 5.
1451 213 1486 245 et
1512 211 1567 246 21.
1586 211 1660 246 Ian.
1683 211 1783 246 1566.

194 332 284 366 mois
311 331 353 365 de
376 330 518 376 janvier
539 331 640 365 1565.
683 331 730 365 Le
750 331 888 366 Jesuite
915 330 1038 365 faisait
1054 330 1216 375 toujours
1241 330 1262 362 a
1287 328 1367 373 pied
1394 340 1452 363 ses
1477 328 1581 372 longs
1599 340 1759 373 voyages
1778 331 1798 363 a
1815 331 1957 363 travers

194 384 216 418 l’
235 384 460 426 Allemagne.
481 411 488 418 .
509 411 516 418 .
537 411 544 418 .
584 384 610 418 Il
639 384 745 418 visite
771 385 863 418 ainsi
896 384 950 418 les
985 383 1201 428 principales
1237 393 1342 416 cours
1378 382 1424 416 du
1450 382 1557 423 Nora,
1592 382 1619 416 s’
1636 384 1753 416 arrete
1779 382 1869 416 dans
1903 382 1956 416 les

195 438 284 472 cites
310 438 362 472 les
388 437 469 482 plus
494 437 644 472 hostiles
670 440 691 472 a
716 437 892 481 l'Eglise:
920 437 944 470 il
964 437 1093 482 preche
1111 437 1163 470 les
1190 447 1405 479 monarques
1424 438 1459 469 et
1485 435 1537 469 les
1555 435 1680 480 sujets,
1707 435 1732 469 il
1750 435 1956 479 evangelise

193 491 247 525 les
273 491 427 529 enfants.
462 490 487 525 il
513 493 664 535 partage
690 503 779 525 avec
804 491 857 525 les
883 491 1065 533 indigents
1091 489 1111 523 l'
1128 488 1336 534 hospitalite
1362 500 1430 532 que
1456 488 1491 522 13
1517 488 1760 523 bienfaisance
1786 488 1956 534 publique

194 544 342 578 accorde
368 555 413 578 au
440 544 662 579 densunentf

195 659 300 695 750
328 660 405 694 sive
433 668 600 704 germ.
619 658 655 694 l.
677 658 812 704 (25).
890 659 920 693 7.
940 656 1104 693 Ianuarii
1131 656 1224 693 1566.

311 730 367 764 Ex
395 730 478 764 Cod.
500 730 615 773 „Hist.
632 741 754 774 gymn.
772 731 817 763 tr.
837 730 927 763 cor.“
959 728 1020 772 (cf.
1043 730 1128 763 Can.
1148 729 1163 762 I
1189 728 1365 771 Lix—Lx)
1392 728 1416 762 s.
1438 727 1530 762 118³.

314 802 482 835 Canisius
511 801 678 834 Coloniae
704 801 750 833 ad
774 801 960 843 studiosos,
987 802 1143 833 externis
1169 811 1303 843 quoque
1328 800 1566 842 audientibus,
1591 800 1687 832 dicit.

310 872 360 914 P.
383 873 568 914 Jacobus
590 872 783 926 Boymcm
805 874 848 914 S.
873 871 915 913 J.
953 871 1148 913 Coloniae
1170 871 1245 912 sub
1271 885 1309 912 α.
1336 872 1450 911 1638
1472 871 1517 911 in
1546 870 1809 920 „Historiam
1836 884 1954 925 ,wm-

196 939 313 979 masii
354 939 483 978 trium
525 952 776 979 coronarum
809 938 1027 979 Societatis
1060 936 1155 977 Iesu
1191 934 1411 977 Coloniae‘¹
1457 936 1559 977 llaec
1599 936 1871 990 transcripsit
1907 950 1955 977 ex

192 1004 485 1044 commentario
531 1004 670 1057 aliquo
718 1001 1145 1057 (Eplcemeridibzts?)
1195 1001 1243 1043 P.
1283 1001 1459 1042 Ioannis
1507 1001 1648 1042 Rethie·
1692 1001 1735 1042 S.
1771 1000 1837 1054 .].,
1883 1003 1955 1055 qui

193 1082 305 1109 mmo
339 1070 454 1110 1566
483 1069 696 1123 yyvmasii
730 1069 843 1109 illius
874 1072 1075 1122 reyentem
1110 1067 1280 1120 assebat:
1323 1063 1480 1120 [1566]
1517 1067 1538 1106 7
1575 1065 1642 1106 die
1675 1065 1843 1107 Janua:
1877 1065 1953 1106 ad-

191 1131 274 1174 fuit
306 1132 428 1173 nobis
461 1132 669 1182 Canisius,
705 1131 1055 1174 exhortationem
1088 1131 1141 1172 ad
1175 1130 1392 1172 studiosos
1423 1130 1465 1171 in
1499 1130 1646 1172 schola
1678 1129 1841 1180 habuit,
1886 1129 1953 1171 cui

192 1197 323 1239 etiam
355 1197 479 1240 multi
513 1197 683 1239 externi
716 1197 961 1246 adfuerunt,
997 1196 1129 1238 etiam
1162 1196 1244 1237 duo
1278 1195 1554 1236 Professores
1586 1195 1796 1237 Montani.

310 1277 476 1312 Coloniae
502 1277 538 1311 in
565 1278 753 1323 gymnasio
779 1280 947 1312 montano
967 1277 1131 1311 Canisius
1157 1288 1221 1321 per
1247 1276 1448 1320 complures
1472 1288 1583 1310 annos
1609 1276 1740 1310 litteris
1765 1276 1952 1310 studuerat

191 1333 225 1365 et
251 1342 282 1365 a.
305 1332 395 1365 1540
425 1331 692 1374 „magisterium
720 1332 870 1365 artiu1n“
901 1333 1114 1365 consecutus
1141 1332 1219 1364 erat
1246 1330 1351 1372 (Can.
1378 1329 1395 1362 I
1423 1330 1464 1363 17
1493 1330 1536 1364 38
1563 1329 1779 1373 659—664).

189 1454 286 1490 751
313 1454 390 1488 sive
418 1463 585 1498 genn.
605 1453 640 1488 1.
661 1452 798 1498 (26).
873 1452 912 1488 11.
932 1451 1097 1489 Ianuarii
1124 1452 1217 1488 1566.

308 1524 362 1558 Ex
388 1524 623 1568 autographo.
660 1524 744 1558 Cod.
763 1524 875 1558 colon.
899 1525 1008 1569 „Epp.
1027 1524 1072 1558 ad
1098 1524 1223 1558 Ret11.“
1255 1524 1278 1557 f.
1299 1524 1353 1558 98.
1390 1523 1510 1558 Rethii
1537 1523 1671 1568 scripto
1697 1534 1783 1557 usus
1809 1534 1889 1557 sum
1917 1523 1949 1557 in

191 1576 405 1623 „Stimmen“
431 1579 498 1611 etc.
527 1577 638 1611 LXXI
664 1578 743 1612 317.

308 1651 357 1692 P.
392 1650 574 1691 Ioannes
605 1651 782 1692 Retlzius
822 1652 864 1693 S.
899 1651 957 1704 .].,
998 1652 1212 1704 ‚qfflnnasiz'
1252 1652 1378 1691 trium
1420 1664 1671 1692 coronarum
1705 1651 1952 1691 coloniensis

190 1730 348 1771 reyens,
383 1717 428 1757 ’ῖη
463 1716 604 1756 diario
637 1717 819 1757 notovit:
853 1713 1008 1769 [1566]
1035 1715 1107 1758 XI.
1130 1715 1319 1768 Ianuarij
1345 1714 1539 1756 Canisius
1562 1713 1711 1756 habuit
1744 1714 1947 1756 exhorta-

188 1779 349 1822 tionem
382 1780 437 1821 ad
470 1780 753 1822 conuictores.

306 1860 502 1903 Collegium
522 1861 722 1895 coloniense
743 1862 772 1896 1.
788 1861 942 1896 Ianuarii
964 1861 1053 1895 1566
1076 1860 1373 1901 ,commensales“
1395 1861 1473 1894 sive
1492 1860 1714 1894 convictores
1733 1859 1888 1894 habebat
1905 1860 1949 1894 27

190 1913 352 1957 (Hansen
378 1914 400 1948 l.
420 1926 449 1948 c.
469 1915 582 1957 521¹).
632 1914 671 1947 In
698 1914 829 1948 litteris
855 1914 982 1948 annuis
1009 1914 1160 1957 collegii,
1198 1913 1343 1948 Colonia
1372 1915 1402 1948 1.
1420 1913 1501 1947 Iulii
1532 1914 1620 1947 1566
1647 1913 1740 1947 datis
1775 1914 1948 1948 refertur:

192 1966 480 2009 „Commensales
505 1968 618 2001 nostri
644 1967 687 2001 ad
715 1968 857 2001 modum
877 1966 1081 2001 Germanici
1108 1967 1251 2010 collegii
1277 1967 1429 2001 Romani
1453 1967 1756 2001 instituuntur...
1778 1994 1784 2001 .
1821 1966 1887 2008 Qui
1914 1967 1949 2001 in

187 2020 348 2054 domibus
375 2020 669 2054 commensalium
695 2020 860 2054 habitant
885 2023 969 2054 sunt
993 2032 1141 2054 numero
1167 2021 1222 2061 34,
1251 2033 1293 2054 ex
1321 2021 1450 2064 quibus
1476 2020 1636 2065 plerique
1655 2022 1782 2054 octavo
1809 2031 1949 2064 quoque

188 2074 243 2107 die
270 2074 482 2108 confitentur
508 2077 544 2107 et
569 2074 841 2113 communicant,
869 2073 911 2107 acl
931 2074 1121 2108 Societatis
1147 2074 1352 2107 institutum
1371 2073 1524 2107 multum
1548 2073 1723 2118 propensi,
1750 2073 1859 2117 aliqui
1879 2074 1949 2108 iam

187 2126 434 2160 determinati“
467 2127 630 2167 (Hansen
656 2126 678 2160 l.
699 2138 727 2161 c.
747 2126 844 2170 529).

188 2241 292 2278 752
319 2243 396 2277 sive
423 2252 590 2286 gel-111.
610 2242 646 2278 l.
668 2242 803 2288 (27).
878 2242 980 2278 Inter
1008 2242 1039 2278 5.
1058 2244 1095 2277 et
1122 2241 1171 2277 21.
1189 2240 1354 2278 Ianuarii
1380 2241 1474 2277 1566.

304 2313 357 2346 Ex
394 2314 627 2358 autographo.
680 2313 763 2348 cod.
792 2314 902 2348 colon,
927 2314 1036 2359 „Epp.
1061 2314 1104 2347 ad
1133 2314 1256 2348 Rethf‘
1288 2314 1311 2348 f.
1332 2314 1387 2349 98.
1439 2313 1637 2347 Relationis
1671 2313 1777 2347 huius
1808 2316 1945 2358 partem

188 2378 231 2399 ex
267 2367 488 2411 autographo
524 2368 644 2412 posuit
681 2369 825 2401 Hansen
861 2367 882 2401 l.
920 2379 949 2402 6.
985 2367 1090 2401 5212.
1151 2367 1283 2401 Eadem
1320 2378 1406 2400 usus
1443 2378 1521 2400 sum
1556 2367 1591 2400 in
1629 2365 1842 2411 „Stimmen“
1879 2369 1947 2401 etc.

186 2419 300 2453 LXXI
328 2420 525 2454 309—311.

307 2491 473 2524 Canas-ins
502 2491 667 2524 Coloniae
701 2492 749 2523 ad
782 2492 926 2524 delectos
960 2502 1002 2524 ex
1036 2492 1264 2524 universitate
1299 2496 1328 2524 et
1363 2492 1464 2524 urbis·
1492 2495 1616 2524 senatu
1641 2491 1734 2523 viros
1756 2491 1944 2533 praeclare

187 2543 281 2576 dicit.
325 2545 416 2576 Vina
444 2541 685 2587 „honoraria“
714 2546 745 2576 ee·
764 2545 994 2587 praebentur.

305 2615 352 2656 P.
388 2615 568 2657 Ioannes
604 2617 781 2657 Retltius
820 2618 862 2658 S.
886 2617 944 2669 .].,
984 2617 1196 2670 yymnasii
1237 2617 1365 2656 trium
1408 2629 1659 2656 coronarum
1700 2615 1945 2655 coloniensis

189 2693 346 2731 Τρίκης,
377 2681 417 2720 in
444 2680 585 2721 diario
608 2695 686 2721 sua
709 2695 839 2721 mcmn
863 2683 1045 2722 notavit:
1067 2679 1261 2721 Canisius
1286 2714 1294 2721 .
1321 2714 1328 2722 .
1356 2714 1363 2721 .
1390 2682 1457 2721 14.
1482 2678 1669 2732 Ianuarij
1691 2678 1945 2719 relationem

188 2756 310 2783 suam
352 2743 456 2786 fecit
497 2737 641 2786 coram
676 2745 985 2787 Vniuersitatis
1017 2744 1217 2795 Rectore,
1259 2744 1446 2786 Decanis
1479 2747 1523 2786 et
1555 2747 1594 2785 4.
1619 2742 1812 2784 Dominis
1845 2756 1946 2783 con-

187 2807 401 2848 sularibus
434 2808 686 2859 Suderman,
720 2810 825 2859 Piel,
861 2809 1051 2863 Hittorp,
1087 2809 1209 2862 Geyl,
1244 2812 1288 2850 et
1310 2809 1497 2862 Betzorp
1521 2843 1529 2851 .
1554 2807 1694 2849 adfuit
1726 2810 1769 2848 et
1801 2820 1945 2848 secre-

186 2870 323 2912 tarius
355 2872 557 2923 ciuitatis,
591 2877 635 2914 et
657 2888 737 2926 ego
761 2888 855 2915 cum
878 2874 1048 2915 Canisio
1072 2909 1080 2916 .
1102 2887 1196 2914 cum
1221 2873 1409 2915 omnium
1441 2871 1727 2914 admiratione
1749 2871 1944 2912 Canisius

189 2934 298 2976 dixit
330 2938 373 2976 et
403 2936 445 2977 in
479 2937 641 2980 Senatu
682 2939 884 2980 laudatus
927 2939 1009 2980 fuit
1043 2973 1051 2980 .
1086 2939 1201 2980 Ante
1242 2938 1346 2978 illud
1387 2940 1559 2990 tempus
1592 2940 1636 2978 et
1677 2935 1807 2977 etiam
1849 2936 1942 2989 ipso

186 2998 259 3039 illo
292 2999 358 3039 die
382 3000 565 3042 Senatus
596 3002 657 3043 illi
690 3002 937 3056 propinauit
968 3002 1127 3052 uinum,
1162 3005 1205 3044 et
1236 3002 1423 3044 facultas
1446 3000 1706 3053 Theologica
1726 2999 1788 3041 illi
1811 3000 1943 3042 etiam

187 3062 431 3115 propinauit
463 3064 608 3106 uinum
642 3067 826 3118 quodam
861 3067 940 3109 die.

304 3142 473 3184 Aggaeus
511 3143 692 3179 Snecanus
734 3148 819 3179 tunc
856 3147 1106 3180 universitatis
1147 3148 1321 3180 rectorem
1360 3146 1491 3189 agebat
1535 3146 1584 3188 (v.
1622 3155 1730 3188 supra
1773 3156 1806 3188 p.
1842 3145 1939 3187 645).

186 3193 234 3227 M.
250 3193 472 3229 Theobaldus
493 3195 660 3230 Craschel
686 3199 864 3241 aquensis,
891 3198 1082 3232 canonicus
1109 3199 1153 3232 ad
1180 3198 1214 3232 S.
1233 3198 1394 3233 Severini
1421 3201 1457 3232 et
1483 3197 1660 3242 parochus
1689 3196 1732 3230 ad
1751 3196 1783 3231 S.
1800 3197 1940 3238 Albani,
