2045 3471
658 212 752 247 Mon.
771 211 838 246 856
866 212 944 246 sive
971 212 1041 247 litt.
1062 211 1128 255 (5).
1173 212 1275 247 1565.
1769 215 1851 256 797

91 328 230 361 tantum
266 331 407 373 repeto:
446 329 611 363 Canisins
646 330 716 363 iam
753 329 786 363 in
823 330 938 364 altera
972 330 1035 364 illa
1066 330 1271 372 „Summae“
1302 330 1467 371 editione,
1504 342 1596 375 quac
1622 330 1856 364 Vindobonae

91 391 123 414 a.
143 380 234 414 1556
260 380 295 414 in
321 382 437 416 lucem
465 382 605 427 prodiit,
632 383 744 417 variis
770 385 998 428 peccatorum
1018 383 1277 428 expiandorum
1303 384 1418 417 modis
1439 383 1495 427 (ut
1520 383 1626 428 stipis
1652 383 1856 427 largitione,

90 432 331 476 paenitenti-ae
349 437 584 476 sacramento,
611 435 820 469 iniuriarum
848 436 1105 470 condonatione
1133 439 1216 479 etc.)
1238 437 1428 471 recensitis
1454 437 1505 470 ita
1531 437 1748 471 sententiam
1776 448 1856 470 con-

92 485 218 519 clusit:
259 487 344 529 „His
370 487 524 533 alijsque
549 489 664 523 modis
691 492 727 523 et
753 489 882 534 officijs
909 500 1016 523 verae
1046 489 1192 533 pietatis
1219 501 1469 534 comparamus
1495 492 1603 533 atque
1630 492 1857 534 praestamus

90 538 127 572 in
154 538 296 573 Christo
324 540 423 580 Jesu,
450 541 544 585 quod
571 542 765 586 Apostolus
792 542 1008 586 aequissime
1034 541 1220 576 admonet'*
1252 545 1319 576 eto.
1350 542 1512 586 (Summa
1538 542 1729 577 Doctrinae
1758 542 1857 577 Chri-

90 591 240 633 stianae,
267 592 428 627 Viennae
454 595 622 628 Austri-ae
652 595 752 635 1556,
788 595 813 629 f.
836 596 949 638 14612).
993 595 1112 629 Verba
1148 598 1267 629 autem
1299 595 1352 637 ,in
1381 595 1523 629 Christo
1551 596 1657 629 Jesu“
1689 607 1708 629 a
1734 595 1857 629 Flacio

91 643 315 679 omittuntur.
365 645 538 689 Neglexit
564 647 671 681 etiam
698 647 850 689 Flacius,
888 659 979 692 quae
1010 648 1176 682 Canz'sius
1212 648 1247 681 in
1277 648 1463 690 „Summa“
1494 648 1564 682 iam
1600 648 1681 682 inde
1708 649 1751 682 ab
1778 649 1857 693 ipsa

91 696 167 730 eius
194 697 348 732 editione
383 699 496 743 prima
527 700 604 734 sive
638 701 795 746 principe
831 701 1000 734 docuerat
1036 701 1078 734 de
1120 700 1347 743 „remissione
1382 702 1651 745 peccatorum¹⁴2
1693 701 1856 743 „Virtute

90 749 298 784 Dominicae
336 752 514 795 passionis
548 754 747 788 confertur“
792 753 953 797 (Summa
990 753 1182 787 Doctrinae
1218 753 1455 795 Christianae,
1490 753 1650 788 Viennae
1686 755 1857 788 Austriae

94 802 224 847 [1555]
251 804 275 837 f.
298 804 368 848 11).
404 808 439 838 ct
466 805 507 839 de
535 806 696 841 Christo:
734 807 823 840 Eum
851 818 930 841 esse
956 809 1139 841 auctorem
1165 809 1274 850 atque
1301 809 1625 841 consummatorem
1656 808 1856 852 sapientiae

90 856 322 901 iustitiaeque
348 861 493 893 nostrae
522 859 560 902 (l.
580 872 608 894 c.
636 861 671 893 in
699 872 779 905 pag.
807 872 937 894 aversa
963 860 1040 894 folii
1067 860 1162 904 tit.);
1201 860 1277 894 eius
1303 860 1479 905 passione,
1516 860 1704 903 sanguine,
1740 872 1856 902 cruce,

91 908 310 953 vulneribus,
346 914 460 946 morte
486 913 736 956 peccatoribus
763 913 1051 954 consolationem,
1087 914 1291 954 sanitatem,
1328 913 1512 953 virtutem,
1547 913 1661 947 vitam
1689 913 1857 947 continuo

93 962 263 1005 exhiberi,
299 964 489 999 dummodo
524 969 674 1010 pareant
709 968 745 1000 et
780 967 1045 1011 compatiantur
1072 967 1214 1001 Christo
1250 966 1370 1011 capiti,
1406 969 1446 1000 ut
1481 967 1531 1000 ita
1565 965 1672 1000 simul
1708 978 1789 1000 cum
1815 978 1857 1000 eo

91 1014 338 1057 glorificentur
376 1018 413 1061 (l.
442 1030 470 1052 c.
497 1019 521 1053 f.
549 1020 606 1062 6);
644 1019 779 1063 absque
807 1019 949 1054 Christo
984 1031 1099 1064 neque
1135 1019 1334 1064 sapientem
1371 1030 1587 1063 quemquam
1624 1031 1703 1053 esse
1739 1030 1856 1064 posse,

92 1079 208 1113 neque
234 1069 507 1114 intelligentem,
535 1083 650 1116 neque
677 1073 816 1114 fortem,
842 1084 957 1117 neque
984 1073 1080 1117 pium
1109 1075 1176 1106 etc.
1206 1072 1242 1115 (l.
1263 1084 1292 1107 c.
1312 1072 1336 1106 f.
1355 1073 1450 1114 174).

218 1130 385 1164 canisius
410 1131 444 1164 in
471 1143 565 1165 nova
592 1131 652 1165 illa
676 1132 881 1174 „Summae“
904 1131 1147 1175 recognitione
1168 1131 1334 1166 Coloniae
1353 1143 1384 1166 a.
1405 1132 1495 1166 1566
1514 1132 1667 1176 primum
1686 1131 1858 1174 evulgata

92 1182 289 1217 doctrinam
318 1184 461 1228 quidem
490 1185 532 1218 de
558 1185 696 1218 iustitia
732 1185 928 1219 christiana
963 1188 1263 1230 peccatorumque
1289 1184 1500 1218 remissione
1535 1187 1641 1219 antea
1667 1197 1687 1218 a
1713 1196 1751 1219 se
1777 1196 1855 1230 pro-

91 1235 203 1270 latam
230 1237 389 1278 retinuit,
425 1238 624 1282 perspicuis
651 1238 771 1272 verbis
798 1238 1019 1282 significans,
1055 1238 1162 1272 etiam
1189 1238 1326 1282 priores
1353 1237 1528 1272 editiones
1554 1237 1750 1272 catholicas
1776 1249 1855 1272 esse

92 1290 129 1322 et
154 1289 188 1322 in
215 1292 397 1334 posterum
425 1302 565 1335 quoque
592 1291 758 1336 usurpari
784 1303 888 1336 posse
915 1291 963 1334 (v.
982 1303 1092 1336 supra
1117 1303 1150 1335 p.
1172 1291 1276 1334 161);
1310 1302 1436 1324 verum
1464 1293 1658 1336 permotus,
1691 1293 1732 1324 ut
1757 1292 1853 1335 equi-

93 1341 170 1375 dem
199 1354 338 1384 censeo,
364 1344 420 1377 his
447 1344 694 1388 similibusque
721 1344 832 1378 Flacii
859 1344 1178 1384 criminationibus,
1204 1344 1248 1378 ad
1277 1343 1524 1388 quaestionem
1555 1343 1711 1386 „Quibus
1737 1344 1852 1378 modis

92 1398 239 1439 peccata
275 1397 515 1441 expiantur‘?“
555 1397 660 1441 longe
695 1398 802 1431 etiam
839 1397 1016 1442 copiosius
1052 1399 1088 1431 et
1114 1397 1245 1431 clarius
1272 1408 1378 1441 quam
1416 1399 1521 1430 antea
1551 1397 1747 1442 respondit.
1798 1397 1852 1431 lta

92 1448 204 1491 igitur
229 1449 308 1484 ille:
347 1450 436 1492 „Hic
472 1451 505 1484 iu
542 1451 666 1495 primis
693 1454 747 1485 est
774 1453 878 1484 extra
904 1450 1184 1484 controuersiam
1213 1450 1396 1484 Christum
1423 1450 1525 1484 nobis
1555 1452 1660 1484 esse¹
1685 1450 1853 1495 propitia-

91 1504 217 1544 torem,
255 1505 289 1537 et
316 1503 416 1537 illum
444 1503 534 1537 Dei2
560 1515 703 1547 agnum,
739 1504 801 1548 qui
835 1503 929 1538 tollit
962 1506 1112 1548 peccata
1137 1503 1269 1545 mundi,
1306 1503 1437 1547 quique
1472 1503 1571 1537 solus
1606 1503 1854 1537 remissionem

93 1558 322 1599 peccatorum
348 1557 450 1591 nobis
475 1558 632 1602 potuerit
657 1558 862 1602 promereri,
889 1559 925 1591 et
950 1556 1199 1602 purgationem
1227 1567 1346 1589 eorum
1375 1556 1504 1590 facere.
1555 1556 1691 1590 Deinde
1717 1559 1854 1590 certum

91 1610 159 1650 est,
196 1608 308 1643 Deum
336 1610 406 1643 fide
441 1611 631 1655 purificare
658 1611 773 1651 corda,
801 1612 841 1644 vt
866 1610 1022 1644 Petrus³
1047 1610 1174 1654 inquit,
1210 1609 1304 1653 quod
1331 1609 1420 1643 citra
1447 1609 1552 1643 fidem
1582 1609 1774 1652 (humanae
1800 1622 1855 1644 sa—

93 1661 179 1695 lutis
206 1663 337 1696 ostium
363 1675 404 1697 ac
430 1664 718 1705 fundamentum)
748 1663 869 1698 nullus
895 1665 1122 1708 peccatorum
1146 1662 1391 1697 remissionem
1419 1666 1481 1696 aut
1507 1663 1747 1707 expiationem
1775 1674 1855 1697 con-

92 1715 195 1758 sequi
222 1718 285 1749 aut
310 1728 455 1761 sperare
481 1718 605 1761 possit.
656 1717 741 1751 Fide
768 1728 854 1750 vero
881 1717 1136 1758 destituuntur,
1174 1716 1234 1760 qui
1261 1727 1340 1750 cum
1368 1715 1552 1750 Ecclesiae
1583 1716 1652 1749 fide
1679 1728 1748 1750 non
1775 1728 1855 1750 con-

90 1769 301 1810 sentientes,
328 1781 422 1803 vana
441 1771 595 1813 quadam
621 1770 751 1804 fiducia
770 1770 907 1814 peccati
926 1769 1173 1803 remissionem
1192 1772 1227 1802 et
1245 1769 1511 1803 iustificationis
1537 1769 1692 1812 gratiam
1710 1772 1856 1814 propter

96 1819 279 1855 Christum
306 1822 373 1856 sibi
400 1822 553 1868 alijsque
588 1823 812 1867 pollicentur.
864 1821 931 1863 Qui
958 1834 1042 1856 vero
1068 1822 1104 1856 in
1131 1822 1316 1856 Ecclesiae
1351 1821 1420 1855 fide
1447 1825 1484 1855 et
1509 1823 1586 1855 eius
1611 1822 1751 1856 vnitate
1777 1833 1855 1866 per-

95 1873 277 1916 sistentes,
313 1887 333 1909 a
368 1876 526 1920 peccatis
562 1877 711 1921 cupiunt
743 1876 897 1917 liberari,
933 1875 1064 1909 multos
1099 1875 1150 1908 illi
1187 1875 1334 1909 modos⁴
1367 1875 1410 1908 ad
1446 1876 1674 1919 peccatorum
1709 1887 1853 1909 suorum

94 1928 333 1971 expiationem
360 1928 395 1962 in
414 1929 599 1974 Scriptura
625 1929 826 1974 propositos
851 1929 994 1971 habent,
1021 1929 1115 1962 inter
1133 1940 1222 1972 quos
1248 1928 1444 1973 principem
1470 1931 1570 1962 tenet
1595 1927 1712 1962 locum
1730 1928 1855 1962 Poeni—

95 1980 230 2014 tentiae
256 1981 568 2021 Sacramentum“;
606 1982 732 2016 deinde
767 1982 832 2015 hos
858 1981 980 2015 modos
1006 1984 1170 2015 recenset
1196 1984 1231 2015 et
1258 1993 1303 2015 ex
1329 1993 1432 2015 sacra
1458 1980 1644 2025 Scriptura
1674 1981 1853 2015 illustrat:

100 2032 431 2078 „Eleeniosynam“,
467 2035 759 2069 condonationem
789 2035 1014 2076 offensarum,
1051 2035 1246 2068 fraternam
1283 2034 1549 2075 correctionem,
1581 2033 1855 2076 „abundantiam

93 2097 268 2130 syncerae
295 2087 516 2129 charitatis“‚
551 2088 715 2129 ,contriti
742 2088 859 2122 cordis
884 2087 1135 2122 sacrificium‘.
1191 2086 1267 2129 „Sic
1295 2087 1436 2120 demum
1466 2087 1645 2131 scriptura
1679 2089 1772 2120 teste
1807 2087 1855 2121 di-

94 2138 239 2180 scimus,
274 2139 330 2174 his
356 2140 507 2185 alijsque
533 2141 646 2175 modis
672 2144 707 2175 et
734 2141 864 2185 officijs
891 2152 996 2174 verae
1032 2141 1177 2185 pietatis
1204 2140 1337 2175 Christi
1363 2140 1481 2182 gratia
1508 2140 1624 2180 editis,
1659 2140 1725 2173 hoc
1752 2140 1856 2181 effici,

97 2194 138 2226 vt
163 2193 384 2228 credentium
411 2196 447 2227 et
472 2194 730 2237 poenitentium
757 2195 791 2228 in
818 2194 990 2235 Ecclesia,
1026 2194 1121 2228 sicut
1147 2193 1313 2233 diximus,
1349 2195 1497 2238 peccata
1528 2193 1737 2237 expientur“
1768 2196 1856 2227 etc:

98 2245 242 2279 Summa
260 2247 451 2281 Doctrinae
471 2247 705 2288 Christianae,
733 2247 918 2290 recognita
944 2249 980 2281 et
1006 2246 1233 2291 locupletata,
1261 2246 1428 2280 Coloniae
1455 2247 1556 2288 1566,
1583 2246 1606 2280 f.
1629 2247 1856 2281 mim-153³.

100 2365 206 2402 856
233 2368 311 2401 sive
338 2366 449 2402 litt.
470 2367 566 2411 (5).
642 2366 734 2402 1565.

221 2456 360 2489 Cunissa*
385 2457 530 2490 Summa
566 2457 674 2489 latine
701 2457 856 2489 Parisiis
883 2458 1057 2499 eulyatnr,
1093 2461 1196 2499 atque
1233 2456 1356 2489 ibidem
1389 2460 1417 2488 et
1445 2457 1552 2489 latine
1578 2460 1607 2488 et
1631 2456 1756 2498 {sallire
1782 2467 1857 2489 crum

93 2511 220 2551 fructu
247 2511 456 2552 explicatur.

222 2651 230 2669 ¹
261 2649 428 2692 ,Romam
457 2650 487 2683 3.
507 2649 547 2683 d“
580 2648 682 2692 [Rom
709 2650 741 2690 3,
768 2648 934 2692 24—2S].
985 2648 1082 2690 Quae
1118 2648 1153 2682 in
1189 2648 1255 2682 hac
1291 2651 1325 2682 et
1362 2647 1534 2693 proximis
1569 2648 1860 2683 adnotationibus

100 2703 238 2737 inclusa
263 2705 349 2736 sunt
375 2703 489 2745 signis
520 2730 532 2744 „
559 2704 586 2742 ⁶⁶,
614 2703 650 2736 in
677 2702 790 2747 ipsius
820 2703 1026 2743 „Summae“
1058 2701 1279 2744 marginibus
1305 2702 1422 2746 posita
1448 2703 1542 2735 sunt.

219 2763 231 2782 ²
262 2762 379 2804 stoan.
404 2763 433 2796 1.
454 2762 490 2802 d;
531 2763 559 2795 1.
580 2761 713 2795 Corint.
744 2761 821 2801 1d;
860 2761 1050 2795 Hebraeor.
1081 2762 1152 2794 1a“
1195 2760 1244 2804 [lo
1274 2761 1303 2802 1,
1339 2762 1383 2795 29
1411 2761 1473 2800 36;
1514 2761 1528 2794 l
1559 2760 1627 2794 Cor
1656 2762 1684 2796 1.
1721 2761 1766 2796 30
1792 2762 1856 2803 3l;

100 2815 199 2849 Hebr
226 2816 256 2857 1,
283 2814 330 2859 3].

220 2875 232 2894 ³
262 2875 401 2916 „Acton
431 2874 473 2908 15
492 2873 532 2913 b;
561 2873 752 2907 Hebraeor.
784 2874 835 2908 11.
855 2885 886 2908 a.
906 2873 945 2907 b“
978 2872 1061 2917 [Act
1090 2873 1142 2912 15,
1170 2873 1280 2913 7—9;
1310 2872 1406 2906 Hebr
1434 2873 1487 2913 11,
1517 2873 1533 2906 1
1563 2872 1609 2916 6].

219 2935 231 2954 ⁴
262 2932 406 2978 ,Cyri11.
432 2932 491 2966 lib.
519 2932 551 2967 2.
579 2932 613 2966 in
640 2932 806 2973 Leuitic.;
844 2934 996 2976 August.
1023 2932 1084 2967 lib.
1111 2933 1143 2966 2.
1171 2934 1295 2966 contra
1321 2932 1439 2966 Cresc.
1467 2943 1543 2976 cap.
1573 2933 1633 2973 12;
1673 2933 1858 2979 Chrysost.

95 2987 267 3021 concione
293 2988 325 3021 4.
353 2986 394 3019 de
422 2985 555 3020 Lazaro
582 2986 615 3019 in
643 2987 732 3020 fine“
763 2985 942 3030 [Oi-{qenis
967 2985 1002 3019 in
1030 2985 1229 3019 Leviticum
1256 2985 1400 3019 homilia
1428 2985 1458 3019 2.
1489 2989 1596 3029 (quae
1623 2986 1704 3020 olim
1732 2988 1858 3032 Cyrilli

101 3039 204 3074 Alex.
232 3051 310 3074 esse
337 3039 536 3082 dicebatur)
566 3051 597 3073 n.
617 3041 660 3080 4.‚
688 3040 721 3073 in
749 3039 862 3073 latina
888 3039 1042 3073 editione
1069 3038 1225 3083 Operum
1254 3037 1380 3083 Cyrilli
1406 3050 1426 3072 a
1453 3038 1595 3072 Canisio
1622 3042 1747 3074 curata
1772 3041 1811 3075 Τ.
1832 3042 1857 3082 l,

102 3092 268 3127 Coloniae
293 3093 395 3133 1546,
422 3091 446 3125 f.
464 3092 537 3132 441³,
557 3094 592 3125 et
619 3092 710 3137 apud
731 3094 860 3136 Migyne,
888 3092 926 3125 P.
945 3103 998 3134 gr.
1018 3091 1083 3125 XII
1103 3092 1310 3131 417—419;
1340 3093 1375 3125 S.
1396 3093 1590 3135 Augsustini
1615 3095 1739 3127 contra
1758 3093 1857 3128 Cres-

96 3146 244 3179 conium
270 3145 292 3179 l.
313 3145 344 3186 2,
380 3156 409 3178 e.
431 3144 484 3186 12,
520 3156 553 3178 n.
575 3145 628 3185 15,
665 3145 759 3190 apud
786 3146 916 3189 Miyne,
954 3145 994 3179 P.
1021 3144 1081 3178 lat.
1109 3144 1225 3178 XLIII
1251 3145 1340 3185 475;
1377 3145 1412 3179 S.
1432 3146 1582 3179 Ioannis
1620 3146 1859 3190 Chrysostomc'

102 3197 154 3232 De
180 3198 314 3232 Lazaro
341 3198 462 3232 concio
488 3198 520 3239 4,
548 3210 580 3232 n.
601 3198 631 3239 7,
658 3198 751 3243 apud
778 3200 906 3242 Mi'yne,
936 3197 973 3232 P.
993 3209 1045 3241 gr.
1073 3197 1221 3231 XLVIII
1252 3197 1366 3240 1016].
