2045 3471
677 190 790 224 Roma
817 189 848 223 3.
876 186 1096 232 Septembris
1124 186 1226 220 1566.
1751 184 1835 224 309

194 310 248 343 Ad
282 309 371 343 haec
406 308 650 351 intellegenda
683 317 831 341 necesse
867 308 923 340 est
956 305 1046 338 haec
1081 303 1194 338 scias:
1229 302 1511 336 Instrumentum
1547 300 1624 334 sive
1651 298 1838 333 *Litterae

77 362 298 398 fundationis
324 365 360 396 et
385 362 579 395 dotationis
606 360 749 403 collegii
775 359 948 403 dilingani
975 358 1076 392 iussu
1095 355 1288 390 cardinalis
1311 356 1445 389 Ottonis
1464 354 1654 387 Truchsess
1670 351 1838 394 Dilingae

76 418 110 451 in
145 415 278 450 sacello
313 415 347 449 S.
375 414 586 459 Hieronymi
621 413 677 447 die
703 413 759 447 20.
786 412 867 446 Iulii
894 412 986 446 1566
1020 409 1175 444 testibus
1200 407 1371 442 Famiano
1397 407 1572 441 Massario
1611 407 1653 440 de
1680 404 1838 440 Gallesio

76 468 273 503 medicinae
309 468 463 508 doctore,
498 466 693 500 Benedicto
720 465 895 500 Cathaldo
931 463 1141 508 presbytero
1175 461 1422 495 recanatensis
1456 459 1640 501 dioecesis,
1677 458 1839 502 Gasparo

77 521 276 557 Lemechen
304 520 433 555 clerico
459 531 606 554 romano
632 518 777 553 Ottonis
803 517 996 552 cardinalis
1021 514 1259 550 familiaribus
1286 513 1330 547 ab
1356 513 1505 546 Horatio
1532 512 1681 547 Corbolo
1708 511 1838 545 clerico

75 575 238 610 fesulano
257 576 293 608 et
310 573 448 608 notario
467 572 608 617 publico
627 571 850 616 conscriptae
868 572 971 610 sunt;
999 579 1149 613 quarum
1168 566 1370 611 exemplum
1390 565 1627 610 archetypum
1645 565 1689 598 ab
1708 563 1840 597 Ottone

77 628 225 662 Romam
252 627 296 661 ad
315 627 350 661 S.
367 626 600 660 Franciscum
617 624 796 668 Borgiam‚
823 623 1069 668 praepositum
1089 620 1303 665 generalem,
1331 620 1481 653 missum
1502 618 1563 660 (cf.
1582 629 1691 662 supra
1718 629 1751 661 p.
1770 616 1838 650 287

77 682 160 721 306)
190 680 340 723 Borgias
366 690 451 724 prae
477 678 642 712 manibus
668 677 836 711 habuisse
862 676 1016 717 videtur,
1044 687 1124 709 cum
1150 673 1263 707 Roma
1290 673 1321 707 3.
1341 671 1561 717 Septembris
1590 671 1680 705 1566
1707 670 1751 703 ad
1776 668 1839 702 Ca-

76 734 205 768 nisium
224 733 416 773 scriberet;
443 742 538 765 nunc
555 742 641 764 vero
659 732 800 764 tantum
818 731 963 774 praesto
982 731 1037 763 est
1055 727 1246 761 earundem
1266 724 1513 770 apographum
1532 724 1655 758 eodem
1680 726 1840 766 tempore

78 786 270 831 scriptum;
298 785 403 830 quod,
429 785 460 818 si
486 783 655 818 foliorum
680 783 966 828 paginarumque
992 791 1179 815 numerum
1206 781 1359 824 spectes,
1385 778 1429 812 ab
1456 776 1620 822 exemplo
1645 775 1841 819 archetypo

77 839 267 884 discrepat,
303 838 338 872 in
373 838 462 882 ipsis
488 839 610 871 tamen
636 836 756 870 verbis
793 838 828 869 et
854 835 960 868 rebus
987 846 1065 868 cum
1093 833 1216 867 eodem
1242 834 1429 876 tantopere
1456 830 1631 874 congruit,
1666 831 1706 862 ut
1732 827 1841 861 etiam

77 892 205 927 menda
231 904 252 926 a
278 891 410 934 Borgia
444 892 568 924 notata
598 890 647 932 (v.
674 901 708 932 g.
739 889 925 931 „fratres“.
956 887 1172 930 „sexcenti“‚
1204 885 1327 928 ⁷,feci“,
1366 884 1566 927 „libitum“)
1602 883 1639 917 in
1674 893 1714 916 eo
1750 892 1841 914 com-

78 948 245 990 pareant;
284 945 321 978 in
356 944 457 978 cuius
492 942 690 988 apographi
725 945 828 985 tergo
866 941 944 985 ipse
983 939 1175 974 cardinalis
1209 939 1294 972 Otto
1331 937 1496 982 scripsit:
1540 936 1841 978 „Instrumentum

79 999 296 1033 Concordiae
323 997 426 1031 Circa
453 996 653 1039 Collegium
688 997 724 1029 et
749 995 1035 1029 Vniuersitatem
1060 993 1260 1035 Dilingae.“
1314 990 1549 1025 Instrumenti
1580 989 1687 1024 huius
1713 988 1842 1022 breves

78 1063 238 1087 summae
268 1052 375 1095 (quae
409 1053 529 1084 tamen
566 1049 673 1083 etiam
711 1048 832 1092 aliqua
859 1047 1155 1092 complectuntur,
1191 1056 1284 1089 quae
1319 1044 1421 1078 annis
1447 1043 1620 1088 proximis
1646 1041 1844 1076 constituta

79 1106 178 1148 sunt)
205 1105 344 1150 positae
362 1106 447 1138 sunt
471 1104 515 1137 ab
536 1104 603 1137 Ad.
623 1103 740 1136 Flotto
759 1101 792 1135 S.
813 1102 857 1141 J.‚
884 1101 1045 1135 Historia
1063 1099 1276 1134 Provinciae
1295 1098 1329 1132 S.
1347 1098 1378 1132 J.
1399 1097 1613 1132 Germaniae
1631 1093 1842 1140 Superi01·iS‚

79 1159 169 1192 Pars
186 1158 305 1197 tertia,
331 1158 520 1200 Augustae
534 1156 639 1190 Vind.
662 1156 762 1196 1734,
789 1155 858 1189 233
881 1155 929 1197 (n.
949 1154 1054 1197 517);
1085 1155 1126 1187 G.
1147 1154 1196 1186 M.
1217 1152 1379 1185 Pachtler
1397 1151 1430 1185 S.
1451 1151 1495 1191 J.‚
1522 1149 1626 1183 Ratio
1645 1147 1843 1183 studiorum

80 1212 113 1246 S.
129 1212 172 1253 J.‚
192 1212 217 1252 Ι,
235 1210 357 1245 Berlin
378 1211 478 1251 1887,
497 1209 704 1249 357—359;
726 1209 850 1252 Specht
867 1207 890 1241 l.
906 1219 933 1242 c.
950 1207 1100 1242 61-62.
1135 1205 1308 1247 Quoniam
1326 1216 1412 1238 vero
1431 1204 1546 1248 ipsum
1566 1202 1842 1237 instrumentum

78 1265 177 1311 typis
202 1276 272 1298 non
298 1266 354 1297 est
380 1262 611 1307 exscriptum,
647 1262 728 1296 illos
762 1261 876 1305 ipsius
910 1260 1018 1301 locos,
1055 1270 1144 1302 quos
1171 1258 1321 1300 Borgias
1348 1258 1613 1297 commemorat,
1647 1255 1707 1288 hic
1731 1265 1843 1298 pono:

85 1319 207 1359 „Circa
241 1317 539 1362 reparationem“,
576 1315 693 1359 inquit
718 1314 912 1348 cardinalis
944 1313 1145 1355 Truchsess,
1185 1311 1362 1353 „omnium
1388 1309 1643 1344 Aedificiorum
1670 1307 1844 1342 ecclesiae

80 1370 257 1416 Auditorij
285 1370 407 1404 Sancti
434 1369 644 1414 Hieronymi
670 1370 707 1402 et
723 1367 994 1409 Vniuersitatis,
1023 1366 1098 1409 Ego
1125 1367 1161 1399 et
1187 1375 1415 1399 successores
1440 1363 1510 1396 mei
1537 1362 1686 1405 obligati
1712 1360 1844 1394 erimus

79 1425 242 1471 proprios
268 1423 430 1457 redditus
457 1423 501 1457 ad
527 1422 594 1456 hoc
621 1433 710 1466 opus
736 1421 967 1461 constituere,
1004 1422 1039 1453 et
1065 1418 1257 1463 applicare,
1296 1417 1358 1451 sed
1385 1417 1435 1451 ita
1461 1418 1582 1450 tamen
1607 1417 1648 1449 ut
1672 1412 1845 1459 pecuniae

81 1491 127 1513 ex
151 1477 308 1515 mulctis.
345 1478 381 1510 et
415 1476 496 1521 alijs
531 1474 826 1515 accidentalibus,
862 1485 954 1518 quae
989 1484 1009 1506 a
1039 1471 1263 1506 scholaribus
1289 1470 1517 1514 colliguntur,
1552 1469 1738 1512 hucusque
1766 1477 1844 1500 con-

80 1533 278 1566 uertantur.
306 1529 440 1564 Verum
467 1529 563 1564 circa
589 1529 771 1574 impensas
797 1527 887 1561 alias
913 1527 949 1560 in
976 1526 1139 1560 Ecclesia
1165 1524 1307 1569 collegij
1335 1523 1457 1557 Sancti
1483 1521 1695 1566 Hieronymi
1720 1531 1784 1553 seu
1809 1518 1844 1551 in

82 1584 328 1619 Vniuersitate
362 1583 546 1617 faciendas
581 1582 624 1616 ad
661 1593 751 1625 quas
786 1581 883 1615 dicta
918 1579 1156 1614 accidentalia
1191 1589 1261 1611 non
1296 1577 1516 1617 sufficerent,
1550 1575 1749 1620 Episcopus
1783 1583 1845 1616 pro

80 1641 241 1682 tempore
277 1636 438 1671 existens
466 1635 523 1678 (ut
558 1636 627 1669 iam
664 1635 798 1668 dictum
831 1634 900 1677 est)
930 1633 1112 1667 tenebitur
1137 1631 1337 1674 obligatus“
1372 1629 1530 1672 („Germ.
1558 1628 1642 1672 Sup.
1669 1625 1780 1660 Fund.
1808 1625 1842 1658 Γ*

82 1691 107 1726 f.
134 1691 246 1735 3332).
297 1689 451 1724 Volebat
477 1690 590 1732 igitur
616 1687 810 1722 cardinalis
837 1687 946 1721 certis
973 1685 1187 1730 quibusdam
1222 1683 1395 1728 impensis
1430 1683 1466 1716 in
1493 1681 1682 1724 collegium
1710 1681 1746 1713 et
1771 1677 1846 1712 uni-

81 1745 294 1778 versitatem
319 1743 495 1777 faciendis
520 1754 590 1776 non
617 1753 655 1776 se
682 1741 807 1780 solum,
843 1740 906 1774 sed
932 1751 993 1773 eos
1020 1739 1139 1779 etiam,
1166 1738 1226 1781 qui
1252 1737 1288 1770 in
1314 1736 1523 1781 episcopatu
1549 1736 1751 1778 augustano
1776 1730 1845 1775 ipsi

83 1796 285 1832 successuri
311 1798 442 1837 essent,
478 1795 650 1838 obligare.
700 1794 817 1836 Quare
844 1794 999 1835 Borqessas
1033 1792 1065 1826 ei
1096 1791 1132 1825 in
1158 1790 1367 1825 memoriam
1393 1789 1580 1823 revocavit
1615 1787 1703 1821 illud
1739 1785 1846 1818 iuris:

87 1850 184 1893 „Non
219 1850 328 1884 habet
362 1849 550 1894 imperium
583 1860 648 1893 par
674 1848 709 1881 in
736 1847 878 1892 parem“
911 1847 956 1888 (c.
983 1846 1027 1880 20
1054 1845 1086 1879 Χ
1115 1845 1143 1884 1,
1171 1844 1222 1887 6).
1273 1843 1349 1877 Hoc
1376 1854 1515 1886 quoque
1542 1840 1742 1875 cavendum
1769 1849 1848 1871 esse

84 1904 265 1945 censebat,
291 1915 336 1937 ne
355 1903 448 1937 Socii
468 1902 663 1947 discipulos
681 1901 804 1945 poenis
822 1899 1033 1933 nummariis
1050 1898 1205 1932 multare
1224 1897 1449 1936 iuberentur;
1477 1907 1523 1929 ex
1543 1892 1847 1929 Constitutionum

84 1958 177 1991 enim
205 1956 398 1991 Societatis
423 1956 646 2001 praescripto
677 1955 731 1997 (P.
750 1955 783 1994 4,
810 1965 840 1988 c.
868 1954 898 1994 7,
924 1964 958 1986 n.
986 1953 1006 1986 2
1032 1952 1081 1992 D;
1110 1964 1138 1986 c.
1170 1951 1222 1991 16,
1249 1962 1282 1984 n.
1310 1950 1347 1994 5)
1375 1949 1410 1983 in
1437 1960 1566 1994 pueros
1593 1959 1662 1981 non
1688 1955 1847 1980 numma-

82 2011 144 2045 riis
170 2010 305 2056 poenis,
331 2009 393 2043 sed
419 2008 630 2043 verberibus
656 2007 1021 2046 animadvertebatur,
1056 2005 1173 2049 idque,
1209 2006 1381 2047 quantum
1409 2002 1487 2037 fieri
1513 2003 1664 2047 poterat,
1699 2010 1763 2044 per
1789 2009 1847 2031 ex-

83 2068 204 2098 ternos
234 2063 493 2106 „correctores“
527 2062 707 2104 (Pachtler
731 2060 753 2094 1.
782 2072 811 2094 c.
838 2060 854 2093 Ι
882 2059 959 2093 160.
1010 2059 1142 2093 Rev-nh.
1170 2058 1278 2091 Dzdzr
1304 2056 1339 2091 S.
1367 2057 1411 2097 J.‚
1443 2055 1508 2090 Die
1535 2052 1849 2093 Studienordnung

84 2117 145 2151 der
171 2115 415 2151 Gesellschaft
432 2115 531 2156 Jesu‚
557 2114 732 2157 Freiburg
758 2114 779 2147 i.
799 2113 858 2146 ΒΓ.
886 2112 987 2151 1896,
1014 2111 1183 2153 54—56).
1226 2109 1326 2151 Quod
1352 2112 1472 2143 autem
1498 2108 1543 2142 ad
1568 2106 1721 2141 reditum
1748 2103 1847 2137 illum

84 2171 225 2212 attinet,
261 2168 463 2210 cardinalis,
499 2179 579 2202 cum
615 2179 653 2202 se
688 2167 772 2201 olim
808 2165 956 2209 collegio
984 2164 1018 2199 S.
1046 2163 1256 2209 Hieronymi
1291 2174 1312 2196 a
1337 2174 1375 2196 se
1402 2162 1543 2197 condito
1572 2161 1662 2195 1400
1695 2159 1849 2192 florenos

83 2223 278 2257 rhenenses
305 2221 519 2256 auctoritate
546 2220 627 2255 Iulii
653 2220 715 2255 ΙΙΙ.
742 2231 856 2265 papae
884 2221 920 2252 et
939 2217 1057 2252 Caroli
1068 2217 1108 2252 V.
1137 2215 1366 2261 imperatoris
1395 2227 1478 2259 „pro
1504 2213 1646 2258 salarijs
1674 2214 1709 2245 et
1726 2210 1844 2244 uictu*

85 2276 234 2311 rectoris
270 2277 305 2309 et
340 2275 583 2320 professorum
623 2273 677 2315 „in
712 2272 896 2318 perpetuis
928 2271 1146 2306 redditibus“
1177 2269 1380 2314 applicasse
1407 2279 1556 2311 eamque
1582 2264 1768 2311 pecuniam
1804 2262 1850 2296 iis

89 2340 250 2374 „semper
284 2328 438 2362 fideliter
463 2329 688 2361 numeratam
721 2328 757 2360 et
787 2325 941 2359 solutam
969 2325 1068 2359 esse“
1100 2323 1330 2363 affirmasset,
1369 2321 1592 2366 „promitt0“,
1627 2318 1753 2362 inquit,
1793 2317 1850 2358 „et

84 2387 206 2416 teneor
234 2381 400 2424 Dilingae
426 2382 606 2423 integrum
633 2379 824 2423 collegium
852 2390 914 2423 pro
941 2380 982 2412 ut
1007 2377 1163 2412 societas
1198 2376 1234 2410 in
1269 2375 1357 2409 locis
1392 2374 1452 2408 ubi
1479 2373 1630 2416 collegia
1664 2369 1850 2405 societatis

85 2436 166 2470 Iesu
193 2446 273 2469 cum
299 2435 538 2468 vniuersitate
565 2433 863 2476 coniungiintuffl,
891 2443 997 2475 quam
1024 2430 1178 2476 primum
1197 2429 1270 2463 Deo
1295 2428 1500 2468 adiuuante,
1527 2429 1649 2471 potero
1676 2422 1850 2466 erigereb,

87 2491 123 2523 et
157 2489 340 2534 perficere,
379 2490 415 2522 et
452 2487 495 2521 de
531 2486 640 2521 certis
674 2486 757 2520 fixis
792 2485 1025 2529 exigibilibus
1060 2483 1244 2528 perpetuis
1281 2481 1479 2515 redditibus
1517 2480 1559 2513 ad
1598 2479 1715 2512 minus
1740 2477 1850 2510 trium

86 2541 236 2576 millium
263 2541 494 2575 Florenorum
519 2539 765 2573 Rhenensium
799 2539 834 2573 in
870 2540 1014 2572 moneta
1050 2536 1238 2582 prouidere
1274 2534 1466 2579 applicare,
1501 2536 1537 2567 et
1571 2533 1606 2567 in
1636 2532 1850 2576 perpetuum

87 2594 259 2630 stabilire.
312 2593 400 2628 Cum
434 2605 519 2627 uero
553 2604 647 2626 nunc
682 2592 854 2636 temporis
889 2591 957 2625 sim
994 2590 1111 2624 adhuc
1145 2600 1228 2622 aere
1255 2588 1371 2621 alieno
1406 2587 1441 2620 in
1468 2585 1572 2620 bellis
1606 2582 1850 2629 superioribus

87 2650 270 2682 contracto
297 2648 484 2690 grauatus,
511 2657 627 2689 neque
653 2656 734 2678 cum
754 2644 919 2689 Capitulo
946 2642 1165 2678 cathedralis
1192 2640 1367 2675 ecclesiae
1393 2650 1493 2673 meae
1519 2650 1634 2682 neque
1661 2647 1740 2672 cum
1767 2635 1850 2668 Pre-

87 2700 172 2735 latis
198 2703 306 2744 atque
333 2699 427 2734 clero
453 2699 566 2732 totius
592 2709 692 2732 meae
711 2698 874 2731 Diocesis
900 2696 1077 2741 potuerim
1096 2695 1192 2729 circa
1209 2693 1437 2733 erectionem,
1456 2695 1492 2726 et
1510 2691 1725 2725 dotationem
1744 2687 1850 2722 huius

87 2756 162 2788 tam
195 2753 389 2797 necessarij
417 2752 545 2797 operis,
581 2751 782 2792 conuenire,
819 2750 916 2784 uolui
951 2753 1074 2784 tamen
1108 2748 1250 2782 interim
1278 2749 1451 2790 quantum
1488 2745 1522 2778 in
1558 2756 1637 2778 mea
1671 2743 1850 2788 potestate

89 2809 153 2847 est,
189 2805 404 2841 auctoritate
430 2805 537 2839 etiam
564 2804 762 2849 apostolica
787 2804 981 2837 accedente
1016 2802 1061 2835 ad
1087 2802 1204 2835 minus
1230 2811 1326 2833 nunc
1352 2799 1394 2832 de
1420 2797 1601 2842 praesenti
1627 2796 1851 2831 dimidiatum

91 2859 288 2903 Collegium
323 2870 403 2893 cum
438 2858 638 2892 redditibus
674 2857 822 2890 duorum
858 2855 1009 2890 millium
1045 2854 1275 2888 Florenorum
1312 2851 1552 2885 Rhenensium
1580 2878 1587 2885 .
1608 2877 1642 2884 ..
1678 2848 1851 2889 stabilire,

90 2911 268 2954 uidelicet,
296 2912 389 2956 quod
415 2923 478 2956 pro
504 2913 607 2956 parte
634 2910 826 2943 dotationis
854 2908 1029 2942 dimidiati
1057 2906 1203 2951 Collegij
1232 2905 1401 2939 Patribus
1428 2903 1629 2945 Soeietatis,
1668 2905 1851 2946 tamquam

90 2965 199 3009 capiti
233 2967 270 2998 et
302 2964 472 2998 membris
506 2962 817 3008 principalioribus
846 2961 996 3005 Collegij
1029 2960 1151 2994 Sancti
1179 2958 1399 3002 Hieronymi,
1435 2959 1472 2991 et
1505 2955 1753 2990 vniuersitatis
1788 2966 1851 2999 pro

90 3017 352 3052 sustentatione
388 3017 564 3057 Rectoris,
614 3018 650 3049 et
685 3016 929 3060 professorum
969 3014 1041 3047 sint
1081 3012 1132 3046 illi
1172 3011 1334 3045 redditus
1373 3009 1469 3044 mille
1508 3009 1850 3054 quadringentorum

91 3070 314 3104 florenorum.
335 3097 341 3104 .
360 3096 367 3104 .
383 3097 390 3103 .
429 3070 555 3114 Itaque
581 3069 685 3114 plene
713 3071 749 3102 et
774 3067 885 3101 libere
912 3066 998 3100 cedo
1025 3068 1061 3099 et
1086 3064 1250 3098 renuntio
1277 3064 1394 3097 dictae
1422 3063 1592 3098 Societati
1618 3062 1732 3097 dictos
1751 3060 1851 3095 Mille

93 3123 372 3166 quadringentos
396 3123 561 3163 florenos,
598 3124 632 3156 et
671 3121 814 3155 eosdem
841 3119 942 3154 uelut
976 3129 1112 3153 annuos
1139 3118 1252 3151 eidem
1280 3116 1420 3161 applico
1446 3127 1527 3150 cum
1553 3127 1617 3150 suo
1644 3114 1790 3160 capitali
1816 3113 1851 3147 in

211 3186 238 3217 a)
260 3187 495 3218 Snpplenclunzne
515 3185 674 3211 consueuit
696 3186 737 3210 rel
757 3183 917 3210 constituit
939 3184 980 3208 rel
1001 3182 1030 3207 in
1051 3189 1134 3207 moro
1154 3180 1268 3207 habet?
1340 3180 1368 3212 b)
1390 3180 1523 3212 errigere
1543 3188 1590 3212 (tp.
