2045 3471
227 210 312 250 428
427 207 528 241 1423.
555 207 653 241 Hier.
680 205 822 240 Natalis
849 205 1002 240 Canisio.
1045 205 1214 239 Treveris
1239 205 1356 239 medio
1381 205 1458 239 fere
1483 216 1529 239 m.
1549 204 1663 250 Aprili
1691 204 1792 239 1567.

223 337 289 368 per
307 326 444 358 litteras
461 328 610 365 moneat,
639 335 680 356 ne
698 323 920 365 mandatum,
947 334 1014 366 quo
1032 323 1198 356 Francos
1221 334 1264 355 ex
1282 323 1446 356 omnibus
1467 324 1682 356 Germaniae
1699 322 1989 356 universitatibus

220 377 501 421 protestantibus
525 387 690 410 revocare
717 376 806 419 velit,
832 377 872 408 in
897 376 1007 408 lucem
1026 377 1170 419 emittat,
1198 380 1386 419 antequam
1406 386 1514 409 novae
1533 377 1720 410 Sociorum
1736 385 1989 418 yermanorum

226 432 365 464 litterae
390 430 462 472 ipsi
486 430 645 463 traditae
670 429 742 462 sint
752 441 766 469 ,·
791 439 847 462 eos
873 430 976 472 enim,
1004 430 1090 472 quid
1116 429 1257 462 tcmdem
1270 430 1501 472 praepositus
1515 429 1693 472 yeneralis
1718 429 1760 461 de
1775 429 1990 470 fundatione

226 484 291 516 illa
315 483 397 524 fieri
421 483 529 526 vellet,
557 483 714 515 nondum
740 482 920 525 accepisse.

349 547 515 581 Canis-ius
550 547 700 590 Dilinya
736 549 792 580 24.
820 547 962 590 Aprilis
991 549 1081 580 1567
1117 548 1152 580 S.
1180 547 1377 580 Francisco
1407 547 1564 590 Boi-qtae
1596 547 1798 590 praeposito
1830 547 1991 589 yenerali

229 602 264 633 S.
292 601 328 634 J.
354 601 521 643 scripsit:
557 601 650 644 „His
684 600 805 633 diebus
831 600 955 633 literas
981 601 1099 643 accepi
1124 601 1162 633 P.
1190 600 1235 634 D.
1263 599 1417 640 Natalis,
1453 599 1580 643 quibus
1601 600 1826 643 potissimum
1851 601 1925 642 ayit
1950 599 1991 632 de

231 653 383 697 Colleyio
410 653 671 696 Hei-bipolensi,
707 658 737 686 et
771 654 895 696 aliqua
934 664 977 686 ex
1003 657 1108 696 parte
1142 654 1328 696 respondet
1353 653 1638 696 difficultatibus,
1673 663 1762 696 quas
1787 652 1992 685 Paternitas

228 711 289 740 tua
328 708 460 740 Romae
502 707 744 740 consideratas
786 706 886 739 nobis
927 708 1201 740 communicauit
1220 707 1239 740 ¹.
1306 707 1359 740 De
1400 706 1456 739 his
1497 706 1548 738 ait
1588 717 1622 738 se
1664 706 1814 739 Romam
1856 715 1992 748 qnoque

227 761 430 803 scripsisse,
465 764 496 792 et
530 761 706 793 rationem
741 760 938 792 reddidisse
967 764 1169 803 pactorum,
1205 771 1295 803 quae
1331 770 1425 792 nunc
1458 761 1572 802 mayis
1605 770 1647 792 ac
1679 761 1792 802 mayis
1816 762 1992 802 urqentur

228 824 250 846 a
276 814 586 846 Reuerendissimo
621 813 879 855 Hei-bipolensi.
941 813 1058 846 Placet
1094 816 1209 846 autem
1240 814 1346 855 patri
1381 823 1517 856 quoque
1552 812 1690 855 Natali,
1728 816 1763 845 ut
1797 812 1860 845 hoc
1895 822 1991 844 anno

227 866 455 899 dimidiatum
493 866 672 898 duntaxat
713 866 904 908 Colleyium
946 866 1020 899 illic
1057 863 1276 899 inchoeturf‘
1341 866 1399 898 Ad
1437 866 1581 898 eandem
1621 865 1765 898 Natalis
1806 865 1990 908 epistulam

227 924 385 962 spectare
410 919 586 962 videntur,
623 930 711 962 quae
736 919 881 952 Natalis
907 920 1037 952 litteris
1062 921 1118 952 20.
1140 920 1283 962 Aprilis
1311 921 1402 952 1567
1427 919 1522 951 datis
1557 919 1605 951 ad
1630 919 1803 960 Boryiam
1836 918 1993 951 rettulit:

232 972 418 1005 Canisium
444 972 632 1015 Herbipoli
657 976 690 1005 2.
710 973 853 1014 Aprilis
882 974 973 1005 1567
997 972 1066 1005 sibi
1090 973 1283 1016 scripsisse,
1311 973 1511 1015 episcopum
1537 972 1811 1014 herbipolensem
1837 971 1992 1004 nondum

229 1035 251 1057 a
275 1036 311 1058 se
345 1026 528 1058 certiorem
561 1025 697 1066 factum
734 1036 803 1058 esse
837 1026 878 1058 (le
904 1026 1066 1069 epistula,
1103 1037 1172 1068 qua
1198 1026 1353 1068 Boryias
1387 1026 1425 1058 in
1459 1025 1674 1067 fundatione
1709 1025 1844 1066 colleyii
1877 1023 1990 1057 herbi-

223 1078 380 1121 polensis
415 1078 459 1111 ab
494 1079 652 1121 episcopo
681 1079 869 1121 proposita
905 1080 1029 1122 aliqua
1062 1079 1131 1112 sibi
1167 1089 1234 1112 non
1268 1079 1422 1122 probari
1455 1079 1708 1121 siynificasset;
1744 1078 1792 1122 „il
1822 1077 1880 1110 che
1905 1078 1941 1110 io
1964 1077 1993 1109 li

228 1130 272 1163 1ιό
308 1131 504 1174 approbato
538 1142 606 1173 per
643 1129 806 1173 lettere“;
842 1136 944 1175 atque
982 1132 1145 1173 Canisio,
1188 1143 1272 1164 num
1310 1132 1349 1165 P.
1384 1132 1512 1164 Petrus
1550 1131 1651 1164 Falce
1684 1131 1907 1173 Herbipolim
1944 1131 1992 1163 ad

229 1185 407 1217 contiones
440 1185 477 1216 in
515 1185 654 1217 ecclesia
692 1185 891 1218 cathedrali
925 1185 1103 1217 habendas
1137 1185 1327 1217 mittendus
1365 1188 1447 1217 esset
1484 1184 1742 1227 interro-(santi,
1785 1194 1992 1227 responsum

229 1248 251 1269 a
276 1248 311 1270 se
337 1248 427 1270 esse:
452 1238 640 1270 Hominem
666 1248 736 1270 esse
760 1239 991 1279 mittendum;
1019 1239 1096 1281 ipsa
1123 1238 1266 1271 Natalis
1293 1238 1396 1271 cerba
1421 1238 1498 1270 vide
1522 1248 1635 1280 supra
1654 1249 1694 1279 p.
1722 1238 1802 1270 419.
1846 1237 1991 1279 Iterum,

233 1291 337 1333 idque
363 1291 550 1334 copiosius,
578 1291 695 1323 eadem
716 1291 860 1324 Natalis
887 1292 1036 1334 epistula
1055 1296 1348 1324 commemoratur
1374 1293 1410 1323 in
1438 1292 1568 1323 litteris
1590 1290 1751 1323 Treveris
1775 1292 1831 1323 28.
1851 1290 1992 1332 Aprilis

231 1345 323 1376 1567
349 1354 370 1376 a
397 1344 527 1376 Natale
562 1344 609 1376 ad
635 1344 807 1385 Bor-glicerii
842 1345 957 1377 datis:
992 1345 1054 1377 Ait
1088 1356 1123 1377 se
1150 1345 1218 1377 PF.
1251 1345 1403 1377 Oliverio
1429 1345 1607 1376 Manareo
1642 1347 1671 1376 et
1698 1344 1855 1376 Antonio
1881 1343 1993 1376 Vinck

230 1396 411 1429 Franciae
445 1401 475 1429 et
501 1397 615 1430 Rheni
647 1398 862 1439 [waepositis
891 1398 1174 1440 provincialibus
1207 1401 1237 1430 et
1268 1398 1305 1431 P.
1333 1398 1544 1430 Hermanno
1576 1397 1738 1439 leyraeo
1765 1388 1900 1439 colleyii
1924 1401 1992 1429 tre-

232 1450 385 1482 verensis
409 1452 540 1483 rectori
566 1461 607 1483 a(-
633 1450 671 1482 P.
691 1450 829 1483 Didaeo
848 1451 1008 1484 Je‘menez
1032 1451 1125 1484 socio
1156 1461 1219 1484 suo
1246 1451 1338 1483 lianc
1359 1451 1587 1493 proposuisse
1612 1450 1871 1492 quaestionem.-
1896 1449 1992 1482 Num

231 1503 425 1536 consultius
450 1507 534 1536 esset
560 1514 686 1536 novum
712 1504 867 1546 Boryiae
892 1514 1099 1546 responsum
1132 1505 1340 1546 exspectari,
1377 1508 1564 1547 antequam
1591 1503 1803 1536 Fridericus
1836 1513 1858 1535 a
1883 1503 1992 1536 Wirs-

238 1556 319 1598 bery
346 1558 527 1599 episcopus
562 1561 591 1589 et
626 1558 790 1590 canonici
823 1558 998 1600 spirenses
1032 1558 1073 1590 de
1099 1558 1371 1598 difficultatibus
1405 1557 1444 1589 in
1468 1556 1743 1599 fundationibus
1768 1555 1992 1598 colleyiorum

234 1609 381 1643 illorum
415 1611 504 1643 ortis
538 1611 703 1643 certiores
737 1611 890 1651 fierent?
941 1612 1066 1644 Omnes
1102 1621 1252 1655 „mayno
1290 1608 1481 1643 consensu“
1519 1610 1751 1653 respondissc,
1786 1619 1991 1652 responsum

233 1664 430 1705 exspectari
455 1663 586 1696 debere.
638 1664 706 1707 „Et
732 1665 803 1697 cosi
837 1664 880 1696 lii»
906 1666 1028 1697 scritto
1054 1664 1089 1697 iil
1116 1665 1234 1696 Padre
1263 1664 1407 1697 Canisio
1445 1663 1504 1696 elie
1529 1664 1656 1706 aspetti
1681 1667 1801 1706 questa
1826 1664 1993 1705 risposta,

234 1719 264 1748 et
290 1716 342 1748 ch’
362 1717 400 1748 in
426 1720 524 1749 tanto
549 1727 583 1749 se
608 1727 689 1749 ‘cene
714 1718 742 1749 'il
768 1717 886 1750 Padre
912 1718 948 1750 F
947 1730 997 1760 ae,
1026 1718 1058 1750 lo
1086 1718 1221 1760 mandi,
1249 1722 1278 1750 et
1305 1717 1363 1750 che
1387 1717 1511 1750 scriua
1534 1718 1653 1759 primo
1680 1727 1815 1760 quoque
1841 1720 1993 1759 tempore

232 1779 254 1801 a
279 1769 503 1811 monsiynore
529 1769 567 1801 cli
585 1770 773 1813 Herbipoli
799 1771 1051 1803 culuertendolo
1079 1771 1138 1803 che
1164 1781 1235 1803 non
1260 1771 1337 1812 faci
1361 1769 1397 1802 la
1417 1770 1667 1803 conuocatione
1693 1769 1777 1801 delli
1794 1769 1993 1812 Franconi,

232 1821 290 1854 che
315 1822 413 1855 vuole
447 1822 529 1863 fare
555 1822 647 1855 dalle
673 1823 879 1856 Vniuersita
905 1824 1053 1856 heretice
1088 1824 1130 1856 dc
1155 1828 1246 1857 tutta
1273 1824 1488 1865 Alamayna,
1527 1823 1656 1855 aucinti
1682 1822 1740 1855 clie
1765 1822 1871 1855 lzabbi
1896 1822 1992 1855 altra

231 1875 354 1907 lettera
380 1879 513 1918 nostra,
541 1880 570 1908 et
598 1877 657 1908 noi
678 1877 858 1918 possiamo
883 1877 1017 1909 liauere
1037 1877 1246 1910 risolutione
1263 1876 1361 1908 dalla
1383 1877 1419 1909 P.
1440 1877 1477 1908 Γ.
1503 1886 1612 1919 sopra
1639 1876 1752 1919 quella
1779 1876 1992 1917 fundatione

231 1927 266 1961 la
293 1928 395 1971 quale
420 1939 492 1961 non
516 1928 704 1962 liabbz'amo
729 1928 899 1963 ancora.“

350 1997 441 2039 Quid
475 1997 616 2032 Natalis
652 1998 794 2032 Canisio
830 1999 1016 2043 scripserit
1055 1999 1097 2032 de
1137 1999 1451 2041 „difficultatibus‘
1483 2010 1504 2032 a
1540 1998 1671 2041 Borgia
1709 1997 1744 2031 in
1783 1997 1991 2031 fundatione

231 2051 373 2094 collegii
408 2050 669 2095 herbipolensis
704 2051 936 2096 deprehensis
973 2055 1009 2086 et
1044 2063 1123 2086 cum
1149 2051 1279 2086 Natale
1307 2052 1520 2095 Canisioque
1552 2051 1834 2092 communicatis,
1870 2050 1990 2094 colligi

231 2106 351 2149 potest
376 2115 421 2138 ex
447 2104 540 2138 binis
565 2103 698 2138 litteris
722 2105 955 2148 longissimis,
992 2116 1082 2149 quas
1108 2106 1252 2139 Natalis
1277 2105 1445 2139 Treveris
1472 2104 1529 2139 20.
1555 2104 1691 2149 Aprilis
1721 2105 1808 2138 1567
1836 2104 1881 2138 ad
1907 2104 1991 2137 Bor-

231 2157 328 2201 giam
361 2156 478 2197 misit;
514 2157 561 2191 ibi
597 2158 690 2191 enim
725 2169 771 2192 ex
804 2158 926 2192 verbis
961 2158 1265 2193 Constitutionum
1301 2158 1335 2192 S.
1363 2158 1408 2199 J„
1444 2169 1488 2191 ex
1524 2157 1715 2191 earundem
1750 2157 1910 2197 historia,
1947 2167 1990 2190 ex

231 2210 381 2244 historia
408 2210 641 2252 collegiorum
669 2212 753 2244 ante
779 2211 1011 2245 fundatorum
1038 2211 1226 2244 ostendere
1245 2213 1404 2249 conatur,
1431 2210 1647 2244 Societatem
1673 2210 1709 2244 in
1728 2209 1992 2244 contionatores

231 2264 267 2297 et
300 2263 502 2305 theologiae
537 2263 760 2307 professores
799 2264 926 2307 (etiam
964 2263 1023 2298 ubi
1062 2264 1337 2298 universitatem
1372 2275 1441 2297 non
1476 2262 1623 2307 habeat)
1665 2263 1799 2297 dandos
1836 2274 1905 2296 non
1940 2263 1990 2296 ita

231 2316 374 2360 quidem
402 2327 506 2360 posse
533 2327 571 2349 se
598 2315 834 2359 obstringere,
862 2320 901 2351 ut
926 2317 1178 2351 fundatoribus
1206 2329 1251 2351 ex
1281 2320 1424 2360 „mutuo
1443 2317 1650 2351 contractu“
1673 2327 1733 2350 eos
1751 2316 1836 2350 dare
1853 2315 1991 2357 debeat,

231 2370 281 2403 ita
315 2372 447 2411 tamen,
483 2372 523 2403 ut
557 2369 708 2412 collegio
743 2370 855 2404 libere
891 2374 926 2404 et
961 2371 1037 2404 sine
1064 2370 1271 2404 condicione
1307 2382 1327 2404 a
1354 2370 1543 2404 fundatore
1578 2370 1646 2404 sibi
1673 2369 1813 2409 donato,
1848 2369 1926 2413 ipsa
1951 2380 1990 2402 se

231 2422 537 2456 contionatoribus
562 2422 812 2467 theologisque
831 2423 1017 2457 mittendis
1036 2423 1171 2466 obliget
1192 2423 1295 2467 (Epp.
1314 2424 1436 2456 Nadal
1454 2422 1505 2456 III
1522 2422 1732 2462 439—450;
1759 2422 1803 2455 cf.
1823 2421 1873 2455 III
1891 2421 1990 2464 353).

231 2475 275 2509 Et
313 2475 543 2509 fundationes
583 2476 815 2520 collegiorum
854 2476 1113 2517 olomutiensis,
1152 2475 1423 2521 herbipolensis,
1462 2475 1636 2520 spirensis
1674 2475 1836 2519 proxime
1873 2475 1992 2509 factas

230 2539 531 2563 commemorans:
554 2528 610 2571 „Si
629 2541 715 2563 sono
734 2529 1023 2573 mu1·aiiegliati“‚
1042 2530 1168 2573 inquit,
1191 2530 1330 2573 „questi
1349 2528 1418 2562 Tre
1436 2527 1673 2563 Prouinciali¹‘
1697 2547 1739 2550 —
1759 2527 1990 2561 Laurentium

230 2581 403 2624 Magium,
430 2581 577 2615 Petrum
605 2581 798 2624 Canisium,
824 2582 1019 2617 Antonium
1046 2582 1239 2617 Vinckiuin
1266 2582 1352 2616 dicit
1379 2602 1433 2622 —‚
1464 2581 1548 2624 „che
1574 2580 1676 2614 insin’
1697 2581 1822 2614 adesso
1848 2581 1879 2614 si
1905 2591 1990 2614 sono

230 2633 363 2667 trouati
388 2636 408 2668 a
435 2637 561 2678 queste
588 2635 657 2669 Tre
683 2635 894 2677 fundationi,
931 2635 996 2669 che
1032 2635 1060 2669 si
1094 2647 1179 2669 sono
1206 2636 1298 2669 fatte
1325 2635 1415 2679 dopo
1442 2636 1570 2678 questa
1595 2633 1666 2667 mia
1691 2633 1819 2667 Vltima
1845 2635 1990 2674 venuta,

231 2686 296 2720 che
330 2687 430 2721 siano
465 2687 591 2721 venuti
627 2687 651 2721 li
686 2688 878 2729 fundatori,
918 2688 953 2722 in
989 2688 1067 2722 fare
1105 2688 1137 2722 le
1176 2688 1350 2722 dotationi
1389 2686 1600 2731 simpliciter
1638 2686 1714 2720 sine
1753 2685 1988 2720 condstione‘.

235 2739 398 2780 „Hauera
424 2740 519 2774 visto
546 2740 579 2774 la
606 2740 646 2775 P.
661 2740 705 2775 V.
732 2753 798 2775 con
824 2744 956 2785 quanto
984 2753 1103 2775 amore
1131 2743 1166 2775 et
1193 2740 1399 2775 confidanza
1424 2740 1543 2773 hanno
1569 2739 1762 2784 proceduto
1789 2738 1814 2771 il
1827 2737 1991 2772 Vescouo

231 2791 273 2825 de
299 2791 484 2837 Herbipoli
521 2797 557 2827 et
583 2793 633 2837 gli
661 2794 829 2828 Canonici
866 2795 900 2828 di
926 2794 1030 2839 Spira
1055 2794 1149 2828 nelle
1175 2794 1250 2828 loro
1275 2792 1467 2837 donationi,
1507 2795 1543 2826 et
1567 2793 1603 2826 in
1629 2794 1763 2835 quanta
1789 2791 1990 2836 semplicita

232 2846 268 2877 et
292 2846 421 2888 purita,
447 2845 663 2880 lasciandosi
689 2847 827 2890 guidar'
847 2847 891 2881 da
916 2848 994 2881 noi‘
1028 2847 1089 2889 (ex
1116 2847 1334 2892 archetypis,
1361 2857 1453 2890 quae
1478 2847 1562 2879 sunt
1586 2844 1622 2878 in
1641 2844 1723 2878 Cod.
1747 2844 1848 2886 „EN“
1871 2857 1904 2878 n.
1923 2844 1989 2878 179

234 2896 300 2930 180
327 2897 351 2930 f.
370 2899 457 2932 417³
482 2899 587 2939 420b;
615 2900 724 2934 etiam
750 2901 786 2934 in
813 2901 901 2945 Epp.
921 2901 1044 2934 Nadal
1062 2900 1112 2934 111
1137 2901 1206 2935 445
1232 2898 1449 2942 450—451).
1483 2899 1652 2941 Borgiam
1678 2897 1829 2941 denique
1847 2898 1991 2931 Natalis

232 2949 284 2981 sic
310 2949 530 2986 obtestatur:
563 2952 631 2994 „La
657 2953 696 2987 P.
717 2954 759 2988 V.
780 2954 828 2987 mi
853 2954 988 2988 risolua
1014 2965 1078 2988 con
1104 2953 1140 2987 la
1166 2953 1285 2996 gratia
1311 2952 1368 2986 del
1395 2951 1555 2995 Signore,
1581 2950 1639 2984 nel
1666 2950 1767 2983 modo
1794 2950 1858 2984 che
1884 2949 1990 2983 vuole

234 2999 381 3043 obligar'
398 3002 432 3035 la
447 3003 679 3048 compagnia,
708 3008 743 3039 et
769 3008 901 3050 quanto
928 3007 988 3051 piu
1015 3009 1135 3050 presto
1154 3005 1273 3040 mandi
1299 3005 1335 3038 la
1360 3005 1498 3038 minuta
1516 3003 1639 3037 auanti
1666 3003 1697 3036 d'
1714 3003 1821 3036 esser'
1837 3002 1989 3037 autenti-

233 3054 324 3093 cata,
359 3053 392 3086 al
419 3054 534 3089 Padi-e
561 3057 717 3093 Maesti-o
745 3059 897 3100 canisio,
933 3061 969 3092 et
994 3058 1040 3092 Al
1067 3058 1183 3093 Padre
1209 3058 1367 3091 Maestro
1394 3056 1557 3096 Antonio,
1594 3058 1630 3089 et
1665 3055 1772 3089 etiam
1804 3057 1824 3088 a
1850 3067 1917 3096 me,
1953 3056 1989 3087 et

355 3184 364 3202 ¹
391 3183 481 3218 Vide
507 3196 615 3229 supra
640 3198 673 3230 p.
693 3187 878 3221 394—395
905 3187 1105 3222 404—407.
