2045 3471
202 210 287 251 454
393 208 494 243 1436.
522 208 761 253 Hieronymus
787 207 926 243 Natalis
956 206 1108 243 Canisio.
1159 207 1328 242 Treveris
1354 208 1499 241 ineunte
1524 218 1571 242 m.
1590 206 1685 241 Maio
1713 207 1814 241 1567.

201 325 386 360 absolutus
421 327 457 359 et
490 336 593 359 sacra
629 324 846 360 eucharistia
880 325 1040 360 munitus
1075 328 1142 359 est.
1193 327 1240 358 At
1275 324 1463 370 parochus,
1490 336 1570 359 cum
1596 324 1772 359 absolutio
1798 324 1957 358 haeresis

200 377 358 423 pontifici
386 377 439 421 (et
465 378 573 412 certis
596 389 677 412 cum
695 378 959 412 condicionibus
977 377 1157 423 episcopo)
1178 380 1363 412 reservata
1381 379 1477 411 esset
1498 377 1557 420 (cf.
1581 378 1666 411 Can.
1684 377 1736 411 IV
1754 377 1837 412 508¹
1855 376 1955 420 509²)

200 442 313 475 neque
348 431 417 475 ipsi
442 430 531 465 haec
557 431 764 465 absolvendi
798 433 960 476 potestas
986 433 1080 465 esset
1107 430 1282 473 delegata,
1310 431 1476 465 comitem
1502 442 1542 464 eo
1567 432 1708 464 tantum
1733 429 1874 464 nomine
1899 429 1958 464 ab·

200 483 341 518 solvere
375 486 554 528 potuerat,
589 484 683 528 quod
719 495 765 518 ex
794 484 967 518 ecclesiae
993 483 1250 518 consuetudine
1277 484 1312 517 in
1339 483 1488 518 concilio
1514 483 1721 517 Tridentino
1748 482 1958 517 confirmata

202 536 313 580 (Sess.
339 536 424 570 XIV
451 537 494 571 de
519 537 650 582 poenit.
677 549 768 571 sacr.
795 549 825 573 c.
844 538 880 580 7)
914 537 1032 579 ⁷,nulla
1059 539 1155 571 esset
1179 536 1377 570 reservatio
1403 537 1438 570 in
1465 536 1615 570 articulo
1640 536 1800 570 mortis“.
1850 535 1956 570 Udal-

199 590 295 624 ricus
321 590 441 633 igitur,
468 601 548 624 cum
575 602 620 624 ex
647 590 767 624 morbo
793 590 1048 632 convaluisset,
1074 601 1138 634 per
1163 589 1202 623 P.
1221 590 1389 624 Ioannem
1416 589 1459 623 de
1482 589 1702 623 Rabenstein
1728 588 1762 623 S.
1782 589 1826 630 J.‚
1853 599 1957 632 quem

201 642 391 677 cardinalis
417 643 627 683 Truehsess,
663 654 683 677 a
709 642 904 678 Catharina
929 643 972 677 de
998 642 1208 685 Bemelberg
1235 642 1394 677 Udalrici
1429 642 1600 676 mandatu
1635 654 1698 686 per
1731 641 1873 675 litteras
1904 653 1956 675 ro-

200 698 318 739 gatus,
344 695 489 740 Dilinga
514 697 672 738 miserat,
699 708 744 730 ex
771 696 949 740 pontificis
975 695 1189 730 auctoritate
1219 695 1492 739 „subdelegata“
1523 695 1566 729 ab
1593 694 1958 729 excommunicatione

200 760 280 783 cum
315 748 454 784 haeresi
490 749 680 783 coniuncta
715 749 900 783 absolutus
936 751 972 783 et
1006 749 1042 782 in
1078 748 1267 783 ecclesiam
1303 748 1514 782 catholicam
1550 750 1718 792 receptus
1744 750 1808 782 est.
1859 746 1957 781 Haec

199 802 405 836 referuntur
430 802 465 835 in
491 802 624 836 litteris
649 802 814 847 publicis,
840 813 930 846 quas
957 801 1114 835 eiusdem
1139 801 1297 836 Udalrici
1323 801 1423 835 iussu
1443 801 1721 845 Christophorus
1739 800 1842 845 Frey,
1868 799 1958 834 civis

200 857 236 888 et
260 855 378 889 scriba
404 855 503 889 urbis
521 855 725 898 dilinganae
743 866 785 889 ac
803 855 963 889 notarius
981 854 1154 899 publicus,
1181 855 1217 888 in
1235 866 1316 889 arce
1334 854 1619 897 wisensteigensi
1638 854 1693 888 24.
1714 853 1848 898 Aprilis
1867 853 1956 887 1567

200 919 318 942 coram
346 907 499 950 Georgio
534 919 554 942 a
580 907 805 942 Rinderbach
841 907 1034 942 cardinalis
1060 907 1262 950 Augustani
1299 906 1500 941 consiliario
1528 909 1564 940 et
1589 906 1800 940 Venerando
1827 905 1959 940 Gabler

200 961 396 995 medicinae
422 961 566 995 doctore
592 961 816 1005 conscripsit.
852 961 1008 994 Litteras
1034 960 1194 1004 integras
1221 972 1266 994 ex
1292 959 1514 1004 autographo
1542 960 1575 992 in
1602 960 1808 993 membrana
1824 959 1958 1003 scripto

201 1016 236 1048 et
261 1013 534 1056 Doneschingae
562 1013 918 1057 (Donaueschingen)
948 1014 983 1047 in
1011 1008 1157 1047 archivo
1183 1013 1383 1058 principum
1410 1013 1453 1047 de
1471 1013 1714 1056 Fiirstenberg
1740 1012 1854 1057 posito
1881 1011 1958 1045 vul-

200 1067 302 1110 gavit
334 1069 426 1101 Lucl.
458 1068 649 1101 Baumann
685 1067 721 1101 in
760 1067 995 1110 „Freiburger
1028 1066 1376 1100 Dificesan-Archiv“
1416 1066 1466 1107 X,
1502 1066 1676 1109 Freiburg
1710 1066 1731 1099 i.
1760 1066 1819 1099 ΒΓ.
1857 1065 1956 1106 1876,

203 1120 399 1154 115-119.
450 1119 559 1153 Plura
585 1119 628 1153 de
653 1119 721 1153 hac
747 1120 980 1154 conversione
1006 1119 1088 1153 vide
1115 1119 1207 1153 infra
1233 1130 1326 1153 mon.
1350 1118 1425 1153 wis.
1453 1118 1626 1162 (1)—(4).

319 1172 559 1215 Corrigendus
586 1175 641 1206 est
667 1184 712 1206 ex
737 1172 794 1206 his
819 1172 953 1206 litteris
979 1173 1160 1216 Ayricola,
1187 1172 1247 1215 qui
1274 1172 1437 1206 comitem
1467 1171 1765 1205 Helfensteinium
1793 1170 1958 1214 Dilingae

201 1228 236 1259 et
262 1226 520 1260 confessionem
547 1225 750 1269 generalem
777 1225 909 1260 fecisse
935 1227 971 1259 et
997 1225 1040 1259 ab
1066 1225 1207 1258 haeresi
1233 1224 1454 1259 sollemniter
1479 1224 1681 1259 absolutum
1705 1235 1783 1258 esse
1801 1223 1959 1257 affirmat

204 1278 241 1321 (l.
268 1291 297 1313 c.
324 1279 349 1320 Ι,
376 1278 460 1313 Dec.
488 1279 520 1319 3,
546 1291 579 1313 n.
610 1279 715 1322 176);
741 1278 1008 1321 wisensteigae
1043 1277 1131 1311 haec
1164 1278 1261 1312 faeta.
1287 1280 1382 1312 sunt.
1433 1277 1673 1321 Corrigendus
1700 1277 1806 1310 etiam
1833 1277 1958 1319 Boero,

201 1331 261 1377 qui
293 1332 335 1366 de
371 1332 494 1366 eodem
520 1334 663 1366 narrat:
704 1331 838 1373 „Tocco
865 1331 936 1365 alla
961 1331 1031 1365 fine
1057 1331 1115 1364 nel
1142 1343 1247 1375 corpo
1274 1331 1318 1365 da
1344 1330 1473 1364 mortal
1499 1330 1662 1364 malattia
1689 1341 1707 1363 e
1733 1329 1814 1363 nell’
1841 1329 1958 1363 anima

201 1385 244 1419 da
269 1384 366 1418 virtu
401 1385 543 1422 celeste.
579 1385 609 1418 si
643 1384 720 1418 fece
754 1387 976 1429 trasportare
1012 1395 1031 1417 a
1058 1383 1212 1426 munga,
1249 1395 1267 1417 e
1302 1383 1395 1417 nelle
1426 1383 1521 1417 mani
1548 1383 1603 1417 del
1632 1382 1800 1417 Cardinal
1826 1381 1957 1416 Ottone

201 1437 346 1472 abbiuro
372 1437 638 1472 solennemente
665 1437 686 1471 ly
703 1437 835 1471 eresia“
870 1437 970 1481 (Can.
999 1436 1215 1480 306—307).

318 1503 470 1546 Borgias
497 1503 639 1538 Canisio
665 1503 849 1547 respondit
875 1503 929 1537 31.
950 1502 1034 1536 Maii
1057 1503 1157 1537 1567.

203 1634 355 1671 1436.
467 1634 527 1670 P.
567 1633 1020 1671 HIERONYMUS
1059 1633 1386 1676 NATALIS,
1428 1634 1595 1669 visitator
1637 1633 1826 1668 Societatis
1867 1634 1960 1669 Iesu.

367 1688 567 1723 CANISIO.
1254 1687 1423 1722 Treveris
1450 1688 1594 1721 ineunte
1621 1699 1666 1721 m.
1686 1687 1780 1721 Maio
1810 1687 1909 1721 1567.

320 1775 375 1809 Ex
400 1775 607 1820 archetypis
632 1774 771 1809 Natalis
797 1775 840 1809 ad
868 1776 1034 1818 Borgiam
1061 1775 1202 1816 litteris,
1238 1787 1259 1809 a
1285 1775 1324 1809 P.
1352 1774 1485 1809 Didaco
1511 1775 1670 1809 Jimenez
1697 1773 1731 1808 S.
1755 1775 1786 1808 J.
1814 1773 1957 1818 scriptis

202 1829 246 1863 ab
272 1829 421 1873 ipsoque
447 1828 576 1862 Natale
602 1829 825 1872 subscriptis,
853 1840 942 1872 quae
970 1830 1053 1862 sunt
1079 1829 1115 1862 in
1142 1828 1225 1862 Cod.
1257 1827 1358 1871 „EN“
1387 1840 1420 1863 n.
1443 1828 1509 1863 183
1538 1828 1578 1866 (f.
1601 1827 1714 1870 432³),
1741 1830 1775 1861 et
1802 1839 1847 1861 ex
1872 1827 1957 1860 ima-

203 1882 284 1926 gine
310 1881 601 1926 photographica,
629 1881 671 1915 de
697 1893 766 1925 qua
792 1882 884 1915 infra
912 1893 965 1926 ep.
993 1894 1026 1916 n.
1048 1882 1149 1915 1440.
1192 1882 1359 1924 lntegrae
1384 1881 1525 1915 Natalis
1552 1881 1594 1915 ad
1622 1880 1788 1924 Borgiam
1815 1880 1958 1914 litterae

202 1935 354 1979 primum
382 1947 427 1968 ex
453 1934 648 1978 archetypo
674 1934 847 1977 vulgatae
873 1938 957 1968 sunt
984 1935 1018 1968 in
1046 1934 1133 1979 Epp.
1162 1935 1283 1968 Nadal
1308 1934 1358 1967 III
1384 1934 1583 1968 463—465.

322 2024 419 2056 Iubet
440 2022 637 2064 Canisizcm,
664 2022 725 2055 ubi
746 2023 946 2065 praepositi
969 2023 1148 2065 {jener-alis
1173 2033 1377 2065 respons-mn
1397 2023 1579 2065 acceperit,
1605 2032 1661 2054 res
1687 2021 1820 2063 colleqz'i
1845 2021 1956 2054 herbi-

198 2077 353 2119 polensis
387 2077 615 2116 constz'tuere;
649 2075 721 2117 ipse
756 2075 934 2117 eolleyizcnz
960 2076 1128 2118 utrinque
1155 2076 1259 2108 libere
1289 2079 1318 2107 et
1343 2076 1419 2107 sine
1452 2076 1566 2117 pactis
1601 2074 1853 2107 instituendum
1889 2084 1959 2106 esse

204 2130 385 2172 opinatur.
438 2128 583 2161 Canisio
605 2131 806 2170 potestatem
834 2138 903 2160 esse
927 2128 1060 2169 fratris
1086 2129 1269 2160 &ciusdem
1298 2139 1341 2160 ex
1366 2129 1536 2161 Societate
1560 2127 1770 2160 dimittendi.

322 2199 465 2232 Natalis
500 2199 661 2232 Treveris
695 2200 725 2231 6.
752 2198 846 2231 Man⁸
875 2200 964 2231 1567
991 2198 1027 2231 S.
1055 2198 1251 2231 Franeisco
1277 2198 1431 2240 Borqz‘ae
1465 2198 1505 2230 de
1540 2198 1682 2240 eolleyio
1712 2196 1957 2238 herbipolensi,

204 2254 244 2286 <le
279 2254 380 2286 euius
411 2252 620 2285 instituendi
654 2255 683 2284 et
717 2251 903 2292 fundandi
936 2252 1076 2284 ratione
1112 2253 1203 2283 inter
1229 2252 1426 2293 episcopum
1460 2254 1490 2282 et
1517 2250 1721 2283 Societatem
1755 2260 1826 2282 non
1858 2249 1958 2292 plene

205 2306 426 2339 conveniebat
469 2305 565 2345 (vide
605 2315 716 2347 snpra
754 2315 792 2346 p.
833 2304 943 2346 394),
986 2304 1037 2336 ita
1083 2303 1247 2345 scripsit]-
1290 2303 1333 2336 Se
1376 2303 1489 2335 denuo
1528 2302 1749 2345 Herbz'pole'm
1793 2303 1846 2335 ire
1887 2312 1955 2334 non

199 2369 310 2401 posse.
363 2359 438 2402 „Mi
467 2368 576 2401 parse
610 2358 806 2390 necessario
841 2358 970 2389 mntar’
990 2357 1016 2389 27
1044 2359 1241 2399 proposito,
1279 2383 1284 2388 .
1309 2383 1315 2389 .
1337 2382 1343 2389 .
1372 2359 1402 2388 et
1429 2357 1578 2388 sere'uer’
1599 2355 1634 2388 al
1659 2355 1777 2388 Padre
1803 2355 1957 2388 Μαθεῖν-ο

209 2412 352 2445 Canis-2⁰0
388 2411 448 2443 elle
481 2411 534 2443 lai
568 2411 629 2442 dia
665 2410 791 2443 ordine
825 2410 893 2442 alle
928 2420 1001 2442 cose
1036 2410 1074 2441 clv·
1100 2409 1287 2451 Herbipoli
1311 2408 1458 2441 secondo
1485 2408 1543 2441 che
1567 2407 1704 2440 hamera
1740 2407 1775 2439 la-
1801 2406 1957 2439 determi-

205 2465 353 2497 naeione
390 2464 483 2496 della
520 2464 559 2497 P.
587 2460 647 2496 V.“
702 2462 867 2495 Ccmisins
904 2466 1018 2495 autent
1059 2462 1248 2504 Oenz'ponte
1277 2464 1328 2494 15.
1357 2461 1451 2493 Maii
1479 2462 1569 2494 1567
1606 2461 1759 2502 Boi-,aiae
1795 2459 1958 2502 scripsit.-

207 2517 344 2560 „Hodie
369 2517 492 2549 literas
514 2528 550 2559 J).
578 2516 721 2549 Natalis
746 2515 873 2558 accepi,
901 2515 1004 2558 quib:
1040 2515 1189 2547 ostendit
1214 2525 1248 2547 se
1273 2525 1368 2547 nunc
1394 2515 1531 2546 iturum
1557 2524 1625 2546 esse
1659 2515 1695 2545 in
1727 2513 1956 2545 Germaniam

208 2570 425 2611 inferiorem,
469 2572 499 2601 et
541 2569 648 2602 simul
682 2569 844 2601 admonet
879 2568 1130 2610 expectandum
1170 2577 1373 2609 responsum
1410 2567 1528 2599 Pater.
1581 2566 1675 2598 Tuae
1708 2566 1750 2597 de
1777 2568 1957 2607 postrema

205 2624 373 2655 sententsa
401 2623 448 2654 ad
477 2622 665 2664 Colleye'nm
693 2621 945 2663 Herbipolense
967 2621 1173 2662 pertinente.
1225 2620 1296 2653 Nee
1333 2619 1421 2652 mihi
1446 2619 1605 2661 displicet
1627 2621 1841 2661 postremum
1870 2617 1958 2650 Con·

206 2676 324 2707 silium
350 2687 383 2718 p.
411 2675 565 2717 Natalis,
600 2679 639 2707 ut
672 2674 749 2706 sine
783 2673 992 2716 obliyatione
1024 2674 1153 2706 scilieet
1187 2675 1373 2715 utriusque
1392 2672 1514 2714 partis
1542 2672 1732 2713 Colleyimn
1759 2671 1956 2713 Herbae'polz',

207 2729 296 2760 sicut
322 2728 411 2760 alibi
434 2728 611 2770 hueusque
635 2727 771 2768 factum
798 2730 857 2769 est,
882 2724 1129 2759 instituatur-fl
1167 2726 1225 2758 Ad
1250 2725 1391 2758 eandem
1407 2724 1550 2757 Natalis
1575 2724 1759 2766 epistulam
1780 2724 1959 2766 pertinere

208 2781 381 2823 videntur,
417 2791 505 2823 quae.
535 2780 701 2812 Canisz'us
736 2780 782 2812 acl
808 2779 977 2821 Borgyz'am
1013 2779 1085 2811 allo
1116 2779 1189 2811 loco
1216 2778 1407 2811 earundem
1433 2778 1632 2809 litterarwn
1660 2776 1790 2817 refert:
1825 2775 1959 2819 „Nom't

210 2832 335 2865 Pater:
367 2833 443 2866 Tua
471 2834 518 2866 M.
549 2833 658 2865 Alea).-
694 2832 882 2874 saxonem,
909 2831 949 2863 de
976 2841 1042 2874 qno
1068 2831 1157 2863 mihi
1180 2831 1322 2873 scripsit
1343 2834 1448 2872 pater
1473 2829 1654 2870 Γίεἰίαΐον,
1680 2833 1718 2860 ut
1743 2828 1774 2860 si
1800 2828 1851 2860 ita
1879 2837 1957 2860 eon-

214 2886 334 2916 aenz're
355 2891 531 2928 putarem,
560 2887 700 2918 missum
727 2885 826 2917 illum
850 2894 1005 2927 prorsas
1028 2881 1216 2925 facerem.“

328 2971 476 3011 Natalis,
516 2984 595 3006 cum
622 2972 790 3006 Treveris
827 2972 884 3006 28.
911 2971 1045 3015 Aprilis
1074 2971 1163 3004 1567
1199 2970 1351 3012 Borgiae
1385 2968 1519 3009 scribit,
1558 2968 1663 3001 huius
1702 2967 1875 3012 epistulae
1915 2967 1955 3000 ad

213 3021 393 3055 Canisium
420 3024 522 3058 datae
549 3024 682 3058 nullam
709 3024 922 3058 mentionem
950 3024 1055 3063 facit;
1092 3034 1201 3066 quare
1228 3033 1364 3062 cense0,
1391 3032 1471 3055 eum
1497 3021 1640 3054 ineunte
1666 3031 1710 3053 m.
1739 3020 1832 3054 Maio
1858 3019 1956 3053 illam

212 3074 255 3107 ad
292 3073 470 3108 Canisium
507 3076 656 3110 dedisse.
716 3077 857 3110 Natalis
895 3077 927 3110 9.
963 3076 1034 3110 Mai
1070 3075 1237 3109 Treveris
1276 3074 1442 3108 discessit
1475 3073 1641 3107 Leodium
1681 3084 1826 3112 versus3
1865 3072 1957 3105 unde

211 3126 338 3159 medici
373 3137 480 3160 suasu
516 3129 558 3161 ad
595 3140 706 3172 aquas
740 3129 919 3173 spadanas
956 3129 1056 3173 (Spa)
1095 3128 1277 3172 profectus
1312 3129 1367 3161 est
1403 3126 1506 3170 (Epp.
1535 3125 1656 3159 Nadal
1681 3125 1730 3158 ΙΙΙ
1766 3126 1832 3159 467
1859 3125 1956 3167 495).

212 3179 269 3212 Fr.
288 3178 491 3212 Alexander
517 3180 609 3214 Saxo
636 3182 670 3214 in
697 3181 846 3224 collegio
873 3182 1108 3225 oenipontano
1134 3179 1225 3213 male
1252 3191 1290 3213 se
1317 3181 1497 3222 gesserat3
1526 3178 1571 3212 cf.
1598 3189 1705 3222 supra
1732 3189 1763 3222 p.
1784 3177 1852 3212 314
1877 3177 1956 3212 423.
