2077 3461
239 186 341 221 1252.
368 185 532 220 Canisius
559 183 594 217 S.
613 183 802 217 Francisco
829 182 872 216 de
898 180 1040 224 Borgia.
1084 179 1282 223 Oeniponte
1309 178 1364 212 23.
1384 176 1550 211 Octobris
1578 175 1680 210 1565.
1757 176 1836 216 117

82 305 174 350 quod
210 303 502 346 Magnificentiae
538 302 691 336 Vestrae
729 312 771 334 ac
808 299 875 333 toti
909 297 1147 332 Vniuersitati
1184 298 1220 330 et
1255 295 1454 330 clarissimo
1490 292 1631 328 senatui
1666 291 1840 326 inseruire

82 369 187 403 quam
214 358 369 391 maxime
396 356 570 401 cupimus,
604 366 671 388 nec
697 353 875 388 defuimus
910 351 1086 385 hactenus
1123 349 1331 384 comendato
1366 359 1429 393 per
1464 347 1606 380 litteras
1633 345 1750 379 officio
1775 356 1841 378 nec

81 413 116 446 in
141 413 323 455 posterum
350 409 539 449 deerimus,
575 410 611 442 et
645 407 675 441 si
711 418 781 450 qua
812 406 948 440 ratione
975 405 1009 439 id
1037 416 1058 438 a
1082 403 1184 437 nobis
1210 401 1361 436 obtineri
1386 400 1518 445 poterit
1544 399 1636 443 quod
1663 409 1840 437 curamus,

81 476 137 499 res
164 465 241 508 ipsa
267 462 460 497 testabitur
495 461 604 496 animi
638 460 752 494 nostri
788 459 956 493 affectum
991 458 1035 491 ad
1070 458 1192 491 uestra
1226 454 1397 498 obsequia
1433 464 1538 497 quam
1574 452 1730 486 maxime
1765 462 1841 495 pro-

81 517 250 562 pensum*
281 515 344 559 (ex
371 527 492 560 apogr.
520 513 631 548 eiusd.
658 515 765 557 temp.
797 512 937 554 „Germ.
965 511 1029 545 65“
1059 511 1083 544 f.
1111 509 1185 552 3³).
1237 509 1284 542 At
1309 510 1385 541 tum
1413 506 1558 540 Costero
1592 507 1668 538 tum
1688 503 1841 538 Vinckio

65 570 194 604 ‘Roma
219 568 421 603 abeundum
446 568 526 608 fuit,
553 569 746 610 antequam
771 564 916 608 negotia
942 563 1005 597 illa
1031 563 1133 608 plene
1161 561 1329 606 expedita
1355 562 1486 594 essent.
1522 558 1638 600 Quare
1666 557 1841 597 Canisius,

81 634 186 668 quem
212 622 346 656 diutius
364 621 499 655 Romae
516 620 665 654 haerere
684 617 880 663 oportebat,
908 629 985 651 eam
1005 627 1126 650 curam
1147 615 1181 648 in
1200 626 1238 648 se
1256 613 1436 657 suscepit3
1463 612 1524 646 sed
1543 623 1586 645 ne
1604 611 1681 655 ipse
1700 609 1841 653 quidem

81 687 227 710 causam
262 674 448 709 absolvere
483 673 611 718 potuit.
662 673 840 705 Polaneus
874 670 987 704 Roma
1025 670 1077 703 14.
1107 667 1272 702 Octobris
1310 666 1400 701 1565
1435 664 1589 699 Vinckio
1625 664 1641 682 *
1676 662 1843 706 scripsit:

85 728 155 771 „La
173 727 371 772 speditione
399 727 434 760 di
460 726 571 760 Santa
596 725 756 759 Barbara
783 723 871 768 peril
891 722 1049 766 Collegio
1076 722 1110 755 di
1128 721 1284 755 Treuere
1311 718 1424 753 anche
1450 719 1481 751 si
1507 717 1649 762 spedira
1677 718 1712 749 et
1737 726 1843 749 senza

81 780 335 826 compositione
350 782 370 821 ¹,
396 779 526 825 perche
545 779 570 813 il
587 779 685 823 Papa
704 778 750 811 ha
768 777 861 810 fatta
886 776 922 811 la
940 775 1077 820 gratia“
1103 774 1163 817 (ex
1181 785 1303 818 apogr.
1323 772 1434 806 eiusd.
1453 773 1581 815 temp.;
1615 769 1753 812 „Germ
1774 768 1838 802 65“

81 836 104 869 f.
133 835 222 878 24¹⁷).

201 888 279 921 Una
305 898 383 921 cum
412 886 558 920 Polanci
592 885 725 919 litteris
752 884 859 917 Petro
886 882 1027 917 Canisio
1054 880 1255 921 destinatis,
1291 890 1381 924 quas
1406 878 1509 912 modo
1545 876 1658 922 posui,
1694 876 1729 908 in
1758 874 1842 908 Ger-

80 941 236 975 maniam
262 940 482 984 superiorem
509 938 641 973 missae
667 940 752 971 sunt
786 936 922 970 alterae
949 935 1108 970 eiusdem
1134 935 1284 968 Polcmcc'
1308 932 1452 966 litterae
1479 941 1612 974 eaeque
1639 928 1762 962 eodem
1789 927 1844 961 die

81 994 203 1028 datae:
241 1004 331 1037 quas
357 996 392 1026 et
418 992 516 1037 ipsas
543 992 587 1025 ad
614 992 761 1025 Petrum
788 989 971 1024 Canisium
997 988 1100 1022 datas
1128 999 1206 1021 esse
1233 987 1398 1025 dicerem,
1433 984 1503 1019 nisi
1529 995 1574 1017 ex
1599 982 1716 1022 rebus,
1752 991 1844 1024 quae

81 1047 116 1081 in
143 1047 186 1081 iis
204 1046 382 1086 dicuntur,
410 1048 446 1079 et
464 1045 620 1078 maxime
639 1056 683 1078 ex
702 1055 824 1077 earum
846 1042 1108 1086 „Postscripto“
1132 1040 1348 1083 colligerem,
1375 1050 1436 1072 eas
1454 1036 1672 1071 Theodorico
1692 1033 1844 1070 Canisio.

81 1101 141 1144 qui
160 1099 390 1134 Germaniam
415 1098 634 1143 superiorem
663 1108 742 1131 cum
762 1095 1075 1141 vieeprovincialis
1101 1093 1242 1127 nomine
1260 1104 1301 1127 ac
1328 1092 1507 1137 potestate
1526 1091 1561 1124 et
1586 1092 1672 1123 tunc
1697 1087 1845 1129 regebat

80 1160 116 1188 et,
133 1153 305 1198 proximis
323 1152 505 1186 mensibus
523 1151 841 1185 administraturus
859 1151 946 1190 erat,
965 1149 1097 1182 missas
1116 1158 1204 1187 esse,
1223 1149 1264 1180 ut
1278 1146 1321 1180 ab
1337 1158 1376 1179 eo
1390 1157 1452 1189 per
1471 1143 1676 1188 provinciae
1695 1139 1846 1183 collegia

81 1206 394 1252 promulgarentur
412 1204 472 1238 vel
497 1204 542 1238 ad
568 1204 734 1238 effectum
761 1202 1040 1242 deducerentur3
1068 1202 1154 1234 sunt
1179 1202 1298 1234 autem
1326 1199 1411 1232 hae:
1445 1195 1688 1239 „Jntendendo
1714 1194 1748 1227 10
1773 1196 1845 1227 tra-

82 1260 184 1303 gedie
219 1260 284 1293 che
318 1270 405 1293 sono
439 1258 531 1292 fatte
565 1258 602 1291 in
628 1256 773 1299 Dilinga
808 1268 870 1301 per
898 1255 1009 1289 Conto
1036 1254 1118 1288 d'vn
1145 1254 1262 1287 Baron
1290 1252 1421 1286 Polono
1448 1250 1584 1285 scolare
1595 1250 1616 1290 2,
1652 1259 1738 1293 pare
1765 1247 1846 1280 sera

81 1312 258 1358 spidiente
284 1311 316 1346 si
342 1311 531 1356 promulgi,
558 1313 594 1344 et
620 1309 757 1344 osserui
775 1308 895 1353 quella
921 1308 1067 1352 regula:
1095 1307 1168 1342 Che
1195 1306 1223 1340 si
1252 1308 1270 1339 e
1296 1305 1382 1339 nelli
1401 1303 1548 1348 Collegij
1576 1302 1689 1336 nostri
1716 1300 1751 1334 di
1777 1311 1844 1332 non

82 1368 225 1400 accetar
250 1364 346 1399 nella
365 1363 586 1408 Compagnia
603 1365 727 1397 nostra
754 1362 859 1396 alcun
877 1362 1016 1395 scolaro
1042 1361 1076 1394 di
1096 1359 1216 1404 quelli,
1243 1370 1311 1403 que
1338 1368 1502 1401 uengano
1530 1355 1599 1390 alle
1618 1354 1714 1388 scole
1740 1363 1846 1386 senza

81 1430 253 1453 consenso
280 1418 313 1451 di
333 1417 444 1462 quelli
454 1423 478 1458 ἃ,
505 1416 571 1451 che
597 1416 621 1450 li
648 1416 824 1449 mandano
851 1426 871 1449 a
898 1414 987 1448 ditte
1005 1414 1112 1455 scole,
1139 1416 1174 1447 et
1194 1412 1311 1446 hanno
1330 1423 1415 1445 cura
1434 1410 1468 1444 di
1486 1409 1567 1443 essi.
1607 1408 1653 1442 Et
1671 1407 1701 1441 si
1720 1406 1846 1440 alcuno

82 1483 227 1517 paresse
263 1474 349 1512 atto,
385 1473 421 1505 et
456 1470 635 1505 chiamato
671 1469 716 1503 da
741 1469 807 1503 Dio
833 1468 875 1503 N.
903 1468 1052 1512 Signore
1087 1469 1123 1501 et
1157 1465 1355 1500 recercassi
1391 1475 1489 1498 esser
1523 1463 1712 1501 accettato,
1749 1470 1786 1493 se
1822 1457 1845 1490 li

82 1525 228 1571 potrebe
255 1525 340 1566 dire,
376 1524 441 1558 che
468 1535 530 1568 per
557 1523 708 1567 qualche
743 1534 829 1567 poco
856 1521 891 1555 di
926 1524 1045 1566 tempo
1072 1533 1110 1555 se
1145 1532 1189 1553 ne
1224 1519 1378 1554 andasse
1413 1517 1551 1551 altroue
1578 1527 1598 1549 a
1625 1512 1784 1548 studiare
1810 1511 1846 1544 in

82 1579 172 1613 altro
198 1578 316 1622 logh0‚
351 1589 458 1612 onero
485 1589 506 1611 a
532 1588 616 1610 casa
650 1587 727 1616 sua,
763 1575 971 1609 finalmente
1003 1574 1068 1609 che
1103 1585 1172 1608 non
1207 1583 1359 1607 uenesse
1394 1570 1464 1605 alle
1498 1569 1594 1604 scole
1628 1569 1749 1601 nostre
1784 1576 1847 1610 per

81 1631 233 1676 qualche
259 1642 368 1676 pocco
387 1631 421 1664 di
450 1633 578 1675 tempo.
622 1630 668 1663 Et
693 1629 799 1673 dopoi
825 1628 1005 1673 potrebbe,
1033 1627 1194 1661 uenendo
1213 1637 1311 1660 esser
1337 1625 1528 1659 accettato.
1571 1620 1713 1655 Benche
1739 1618 1848 1653 sendo

81 1697 232 1730 persona
251 1685 456 1720 conosciuta
482 1684 543 1729 piu
569 1695 654 1728 pare
673 1682 914 1717 conuerrebbe
933 1682 998 1716 che
1025 1683 1187 1715 eutr-asse
1214 1680 1249 1713 in
1276 1679 1367 1713 altro
1387 1677 1546 1720 Collegio
1573 1687 1611 1710 se
1637 1674 1667 1708 si
1693 1675 1848 1707 temesse

82 1738 284 1773 turbatione
318 1738 355 1772 in
389 1737 473 1772 altri
508 1736 665 1771 scholari
700 1748 763 1781 per
798 1735 850 1769 tal
886 1737 989 1769 conto
1003 1735 1026 1768 ³.
1063 1734 1098 1768 di
1128 1734 1240 1767 Roma
1277 1733 1320 1767 14
1355 1730 1469 1766 octob:
1499 1730 1602 1764 1565.
1652 1728 1721 1761 Per
1748 1725 1847 1759 Com-

82 1792 249 1826 missione
276 1791 310 1825 di
336 1791 378 1824 N.
406 1791 522 1825 Padre
548 1789 735 1835 Preposito
761 1789 897 1823 Joanne
924 1788 957 1821 di
984 1787 1149 1821 Polanco.

199 1845 242 1879 V.
269 1845 310 1878 R:
337 1844 469 1878 habbia
494 1843 722 1883 aduertenza,
749 1841 814 1876 che
832 1841 931 1875 siano
957 1840 1138 1886 prouiduti
1163 1839 1189 1873 li
1215 1838 1328 1884 padri,
1355 1840 1390 1872 et
1414 1836 1550 1871 fratelli
1568 1836 1611 1870 de
1630 1832 1849 1871 vestimenti,

83 1899 116 1932 in
142 1899 256 1939 modo,
282 1898 347 1932 che
365 1909 435 1931 non
461 1896 614 1931 habbino
641 1907 661 1930 a
687 1896 802 1940 patire
829 1906 892 1939 per
909 1896 1037 1938 questa
1063 1894 1262 1933 inuernata,
1290 1891 1392 1926 Cossi
1411 1889 1620 1925 conseruino
1645 1887 1670 1921 li
1694 1884 1846 1929 soggeti.

84 1951 156 1986 Che
175 1951 267 1986 cossi
285 1951 435 1985 l'ordina
453 1949 495 1984 N.
515 1949 632 1984 Padre
653 1947 847 1983 6101101010*ι
873 1948 934 1990 (ex
952 1946 1158 1992 apographo
1184 1946 1220 1980 in
1247 1945 1398 1987 collegio
1425 1941 1699 1987 ingolstadiensi
1725 1938 1847 1973 eodem

84 2004 157 2039 fere
184 2007 343 2049 tempore
370 2004 517 2048 scripto.
549 2002 714 2046 „Antiqu.
740 2001 838 2045 Ing.⁴‘
868 2002 892 2035 f.
920 2000 1009 2044 87²²).

85 2127 234 2163 1252.
334 2126 551 2161 CANISIUS
589 2123 855 2161 SANGTO
887 2121 1276 2160 FRANGISGO
1306 2120 1397 2157 DE
1425 2116 1712 2158 BORG1A.
1748 2127 1848 2161 prae-

251 2181 367 2226 posito
394 2180 555 2223 generali
583 2179 774 2214 Societatis
800 2179 891 2213 Iesu.
1193 2176 1393 2220 Oeniponte
1420 2175 1477 2208 23.
1505 2171 1671 2208 Octobris
1699 2171 1800 2205 1565.

203 2251 257 2285 Ex
283 2251 486 2285 litterarum
512 2250 664 2294 Borgiae
691 2261 825 2295 apogr„
851 2249 927 2283 eod.
953 2251 1061 2293 temp.
1089 2247 1234 2292 scripto.
1289 2246 1429 2289 „Germ.
1457 2245 1520 2279 65“
1552 2244 1575 2277 f.
1605 2243 1658 2277 36.

204 2323 256 2355 De
284 2322 423 2354 Canisc‘i
457 2322 676 2363 infirmitate.
726 2322 779 2354 De
814 2320 1053 2362 confessor-iis,
1080 2319 1269 2351 Barbarae
1304 2322 1333 2350 et
1359 2317 1530 2358 losannae,
1565 2311 1793 2347 Ferdz'naozdc·
1819 2311 1847 2343 I.

86 2376 242 2408 caesaris
266 2375 420 2417 ftlaeffccbch,
447 2375 646 2407 Ferrariae
672 2379 701 2407 et
732 2375 912 2407 Toscancce
937 2373 1066 2405 ducum
1092 2372 1277 2413 uxoribus,
1304 2369 1541 2403 concedendis.

204 2429 358 2470 Boram<
394 2430 477 2470 (per
512 2428 705 2461 Polaticum
719 2428 753 2468 ?)
790 2428 903 2460 Roma
939 2428 991 2459 13.
1018 2425 1225 2458 Novembris
1262 2426 1352 2456 ffio'.)
1390 2423 1535 2455 (lamisio
1570 2420 1734 2462 scripsit:
1769 2417 1850 2460 „Fu

86 2483 246 2514 rit-emata
266 2481 381 2523 quella
407 2482 448 2513 de
467 2482 504 2514 V.
523 2482 566 2514 R.
593 2482 632 2513 (ἷί
658 2484 724 2514 ..2:5.
752 2481 806 2513 del
829 2483 984 2523 passam,
1014 2484 1043 2512 et
1061 2479 1093 2511 ci
1118 2479 1334 2520 rallegyramo
1362 2478 1399 2508 in
1417 2476 1559 2508 domino
1577 2474 1656 2506 dell'
1680 2471 1850 2504 ((ννῖιιαΐα

86 2545 151 2567 sna
186 2536 222 2567 in
249 2534 427 2578 ,ΒΜ-((071,
464 2534 589 2568 benc-he
625 2535 857 2576 compatiamo
889 2534 925 2566 αἶ
959 2532 1141 2573 trauaylio
1175 2532 1253 2563 «Zela
1290 2527 1524 2570 infirmita.“⁴
1575 2527 1673 2559 Ilaec
1710 2523 1849 2557 Cccm'sii

87 2588 237 2630 epistula
266 2590 401 2630 perisse
430 2588 577 2621 ridetur.
631 2587 725 2628 Quid
759 2591 874 2619 autem
910 2586 968 2618 ille
1001 2584 1194 2627 scripserit,
1233 2583 1446 2625 e'ntelleyitccr
1472 2592 1514 2613 ec
1540 2580 1693 2620 Borm'ae
1723 2577 1851 2609 litteris

89 2641 187 2674 morlo
214 2642 424 2673 memoraris.
475 2641 534 2673 Εἰ·
568 2640 694 2683 quibus
719 2639 775 2672 hie
809 2639 901 2672 hanc
926 2643 1063 2671 tantum
1094 2637 1315 2680 particulam
1350 2635 1517 2676 (ιιίίιιηρο,
1554 2643 1643 2676 quae
1677 2631 1724 2663 acl
1759 2630 1850 2662 oeni-

87 2699 281 2736 pontanccm
307 2694 399 2726 Imm:
429 2694 568 2726 Cani-sii
603 2693 785 2735 epistulam
811 2697 961 2735 spectat:
997 2692 1129 2735 „Circa
1155 2690 1182 2722 ῖί
1207 2690 1267 2722 (Ζοί
1302 2689 1495 2730 eonfessori'
1521 2687 1581 2719 elze
1605 2686 1636 2718 si
1661 2685 1850 2717 lccmeucmo

206 2764 234 2793 a)
256 2763 393 2794 Sequitur
414 2769 482 2794 quo,
502 2762 706 2785 oblitteratum.

213 2857 300 2890 ¹De
338 2857 509 2900 pecuniae
548 2856 722 2889 solutione
758 2855 836 2889 sive
873 2857 975 2895 taxa,
1015 2865 1120 2897 quam
1165 2851 1496 2896 „compositionem“
1539 2849 1730 2889 vocabant,
1770 2846 1853 2880 vide

95 2910 177 2943 Can.
202 2910 252 2943 IV
277 2911 376 2944 494⁴.
533 2910 546 2929 2
576 2908 782 2952 Hieronymi
809 2908 1074 2941 Rosdracevii‘?
1126 2906 1178 2940 Cf.
1206 2916 1315 2949 supra
1341 2916 1373 2949 p.
1392 2905 1447 2938 44.

211 2964 223 2983 ³
249 2963 303 2996 Ita
330 2962 480 3005 Borgias
506 2961 627 3006 aliqua
654 2961 790 2995 ratione
817 2960 994 2994 moderari
1021 2959 1078 2993 vel
1105 2958 1287 3003 explicare
1313 2957 1472 2991 voluisse
1497 2956 1640 2990 videtur
1672 2966 1723 2993 ea,
1759 2964 1851 2997 quae

91 3015 134 3048 de
164 3015 354 3050 Societatis
388 3015 573 3060 discipulis
608 3015 642 3048 in
678 3025 755 3048 eam
793 3012 1024 3047 admittendis
1060 3014 1231 3046 sanxerat
1257 3010 1290 3045 S.
1319 3010 1480 3053 Ignatius
1516 3021 1546 3043 a.
1576 3009 1667 3043 1554
1697 3010 1732 3041 et
1761 3006 1850 3041 1556

95 3067 199 3110 (Can.
229 3069 275 3102 111
303 3069 399 3111 369).

211 3123 223 3141 ⁴
250 3120 415 3156 canisius
450 3122 505 3155 21.
533 3120 700 3155 Octobris
727 3119 963 3163 Oenipontem
990 3118 1174 3157 advectus,
1209 3117 1340 3151 ibidem
1367 3128 1430 3161 per
1455 3119 1534 3149 octo
1561 3115 1636 3149 dies
1667 3113 1756 3147 febri
1792 3112 1851 3145 de-

93 3175 213 3207 tentus
240 3178 313 3215 est;
340 3174 421 3208 vide
448 3175 541 3208 infra
568 3185 720 3207 monum.
750 3184 824 3206 0011.
848 3172 912 3215 (2).
