2045 3471
341 202 434 236 Mon.
461 202 530 236 659
557 201 634 236 sive
661 212 743 245 aug.
766 201 801 244 (b
823 200 894 245 16).
935 201 971 234 A·
992 201 1023 234 d.
1043 201 1098 235 27.
1118 200 1219 235 Febr.
1239 200 1284 234 ad
1307 199 1363 234 22.
1382 198 1468 232 Maii
1489 198 1588 232 1566.
1762 199 1845 241 565

82 320 250 365 Explicat
275 320 334 354 Iac
364 321 391 361 1,
422 320 473 360 18,
501 322 546 362 et,
573 321 613 354 ut
639 319 791 359 videtur,
819 319 925 353 etiam
953 319 1013 353 Iac
1042 320 1070 359 1,
1100 320 1142 353 19
1169 318 1214 353 20
1243 318 1281 362 (l.
1309 330 1338 352 c.
1366 318 1390 352 f.
1419 317 1619 359 35b—37a).
1671 315 1753 351 Sine
1779 315 1846 349 die.

82 372 256 413 Canisius,
282 374 379 417 puto,
410 372 499 407 haec
526 372 724 418 explicavit
749 373 785 406 in
811 372 944 417 templo
970 372 1004 406 S.
1033 371 1175 406 Ioannis
1201 371 1292 406 feria
1318 371 1378 406 IV.
1406 373 1488 415 post
1513 370 1613 404 Dom.
1635 369 1694 403 ΙΙΙ.
1714 368 1846 410 Quadr.

79 426 158 460 sive
184 425 239 460 20.
266 425 388 459 Martii
416 426 525 466 1566;
561 427 668 469 atque
694 425 782 460 haec
809 425 918 459 fuerit
944 437 1027 470 pars
1053 425 1167 459 altera
1194 424 1380 464 contionis,
1414 424 1449 457 in
1475 423 1576 457 cuius
1602 424 1704 467 parte
1730 421 1846 466 priore

80 478 308 522 evangelium
334 478 422 512 illud
453 479 515 520 „de
541 479 828 517 traditionibus“‚
855 479 948 522 quod
975 478 1060 515 dixi.
1087 477 1291 522 expositum
1317 480 1404 511 erat.

202 531 371 573 „Haeca
407 531 491 566 dic.
519 532 580 566 do.
609 543 731 566 exer.
767 531 881 565 deus
916 532 1004 565 Jsr.
1056 531 1209 565 Bonas
1244 530 1396 564 facite
1431 529 1536 563 uias
1571 531 1767 562 uestras
1803 531 1847 560 et

80 585 244 619 studia
270 587 439 619 vestra
465 587 509 619 et
534 584 765 619 habitabo
791 584 1036 619 uobiscum
1064 585 1107 618 in
1133 583 1235 618 loco
1266 583 1382 623 isto,
1417 582 1570 616 nolite
1597 580 1846 615 confidere

79 632 123 670 in
156 637 321 672 uerbis
357 637 594 682 mendacij
632 637 869 677 dicentes,
905 636 1129 681 templum
1165 636 1360 676 domini,
1398 634 1624 679 templum
1659 631 1845 672 domini,

79 691 305 735 templum
332 691 509 725 domini
536 692 609 724 est
626 692 645 725 ¹.
686 690 783 724 Haec
810 690 897 724 dicit
923 690 1085 724 dominus
1113 690 1336 723 exercituum
1363 689 1450 722 deus
1477 687 1596 722 Jsrael
1615 687 1795 721 Jeremiae
1814 685 1845 719 7.

79 743 172 778 Puto
206 755 275 777 non
312 755 390 778 esse
426 755 515 789 opus
551 743 783 778 excusatione
809 742 923 777 multa
959 743 1050 786 quod
1078 743 1121 776 ad
1149 742 1215 776 hoc
1241 753 1369 776 munus
1396 740 1573 781 accedam,
1609 750 1765 783 agnosco
1791 749 1847 772 me

81 796 276 830 debitorem
313 797 536 831 obedientiae
563 796 634 831 illis
661 798 720 840 qui
748 796 834 830 mihi
862 796 1038 841 imperare
1073 797 1109 829 et
1134 796 1242 829 etiam
1268 795 1349 840 plus
1375 794 1556 839 imponere
1591 794 1752 838 possunt,
1787 791 1845 825 ubi

78 849 163 884 licet
198 849 253 883 dei
289 850 438 893 gloriam
474 861 683 895 promouere
719 852 754 884 et
780 849 917 884 seruire
944 850 1107 894 proximo
1133 849 1177 882 ad
1204 848 1428 882 commodum
1464 850 1500 881 et
1525 846 1680 881 salutem
1707 844 1847 879 animae

78 914 175 937 suae.
210 903 313 936 Vnde
339 903 419 937 nolo
447 903 610 937 dubitare
636 903 721 947 quin
749 902 830 937 boni
857 902 1063 943 consuletis,
1089 902 1219 936 bonum
1246 902 1413 941 animum,
1442 902 1478 934 et
1502 900 1667 934 lubenter
1693 897 1847 932 audietis

79 955 214 1000 aliquid
232 957 274 990 de
292 956 401 990 uerbo
420 956 485 991 dei.
513 956 703 990 Caeterum
723 968 791 990 non
810 956 884 990 scio
902 956 994 989 unde
1022 955 1155 989 rectius
1182 955 1337 999 incipere
1364 954 1497 999 possim
1524 953 1616 987 hanc
1642 951 1846 986 concionem

79 1021 182 1053 quam
204 1021 223 1043 a
242 1009 361 1043 uerbis
387 1009 583 1054 prophetae
603 1010 781 1043 Jeremiae
808 1021 899 1053 quae
926 1009 1029 1043 hodie
1055 1008 1226 1051 leguntur
1252 1010 1288 1042 et
1314 1009 1507 1042 cantantur
1532 1007 1567 1040 in
1594 1004 1758 1040 ecclesia.
1801 1003 1847 1038 Et

77 1062 182 1097 ualde
208 1065 410 1106 congruunt
435 1062 517 1096 huic
543 1063 695 1107 tempori
726 1064 762 1096 et
788 1062 901 1096 ordini
930 1062 1113 1096 Ecclesiae
1140 1064 1175 1095 et
1202 1061 1311 1105 digna
1336 1063 1421 1095 sunt
1447 1071 1538 1104 quae
1565 1058 1846 1093 considerentur.

78 1116 115 1150 2⁰
133 1116 249 1150 dicam
276 1115 360 1160 quid
388 1116 559 1160 impediat
586 1116 620 1149 in
648 1116 894 1150 emendatione
920 1115 1060 1149 uiarum
1087 1116 1300 1148 nostrarum.
1319 1141 1325 1148 .
1343 1142 1372 1148 ..
1421 1114 1458 1148 3¹?
1484 1124 1575 1157 quae
1602 1111 1719 1146 media
1744 1110 1846 1144 nobis

77 1169 272 1204 Jeremias“
290 1174 466 1214 proponat
482 1169 519 1211 (l.
536 1181 564 1204 0.
579 1169 603 1202 f.
616 1169 818 1212 &lb—38¹³).
855 1169 910 1202 Ex
924 1168 990 1202 hoc
1006 1168 1150 1202 exordio
1170 1168 1276 1202 facile
1290 1167 1522 1211 intellegitur,
1538 1166 1628 1200 hanc
1644 1164 1845 1199 contionem

77 1234 156 1257 esse
181 1222 332 1267 primam
359 1234 403 1256 ex
431 1222 511 1258 illis,
547 1233 637 1266 quas
664 1224 704 1255 ut
730 1221 895 1256 Canisius
921 1221 1032 1255 semel
1059 1221 1212 1264 singulis
1246 1220 1477 1255 hebdomadis
1504 1220 1538 1253 in
1565 1218 1720 1262 gratiam
1746 1217 1846 1251 femi-

76 1287 202 1310 narum
228 1275 399 1310 nobilium
427 1287 506 1310 cum
526 1275 640 1310 Maria
664 1276 889 1320 imperatrice
909 1276 1095 1317 Augustae
1122 1274 1327 1317 degentium
1354 1274 1512 1314 haberet,
1539 1273 1617 1317 ipsa
1635 1271 1845 1316 imperatrix

77 1341 97 1363 a
132 1329 170 1363 P.
206 1328 336 1363 Natale
373 1329 563 1363 Societatis
598 1328 785 1362 visitatore
822 1329 1009 1371 Augustae
1045 1330 1214 1361 versante
1252 1327 1405 1372 petierat
1442 1326 1492 1370 (v.
1529 1337 1638 1370 supra
1676 1336 1707 1369 p.
1745 1324 1843 1366 559).

76 1382 210 1416 Habita
236 1393 314 1416 esse
341 1382 484 1416 videtur
510 1382 544 1416 in
571 1381 704 1426 templo
732 1381 765 1415 S.
794 1381 1010 1416 Catharinae
1037 1380 1182 1425 perinde
1210 1382 1318 1424 atque
1346 1380 1418 1419 illa,
1450 1391 1558 1423 quam
1584 1380 1619 1412 in
1646 1389 1685 1411 eo
1713 1376 1845 1422 templo

77 1435 119 1470 de
146 1435 297 1477 homine,
333 1436 393 1480 qui
421 1436 464 1471 38
492 1447 603 1469 annos
629 1438 894 1479 aegrotaverat,
931 1446 951 1468 a
978 1434 1120 1468 Canisio
1157 1434 1262 1478 paulo
1294 1436 1373 1478 post
1398 1433 1558 1467 habitam
1586 1443 1665 1466 esse
1692 1432 1844 1465 constat.

78 1491 130 1523 Ac
156 1500 235 1523 cum
263 1489 373 1522 verba
399 1489 434 1522 Ir
461 1489 491 1529 7,
520 1489 540 1522 3
566 1489 597 1528 4,
634 1488 676 1522 de
703 1488 833 1532 quibus
860 1487 1026 1522 Canisius
1052 1487 1153 1527 dixit,
1189 1488 1224 1521 in
1256 1486 1455 1532 „Epistola“
1489 1485 1540 1529 (Ir
1558 1486 1588 1526 7,
1611 1484 1716 1526 1—7)
1753 1494 1844 1517 com-

77 1545 235 1587 pareant,
267 1553 374 1586 quam
402 1543 549 1586 antiqua
576 1541 638 1576 illa
666 1541 812 1585 liturgia
839 1542 1041 1584 augustana
1067 1540 1157 1574 feria
1175 1540 1218 1575 V.
1238 1543 1319 1585 post
1344 1539 1444 1574 Dom.
1465 1539 1527 1573 ΙΙΙ.
1547 1538 1676 1580 Quadr.
1701 1537 1810 1570 habet
1822 1536 1845 1576 ²,

78 1595 260 1630 Canisium
288 1596 344 1629 21.
371 1595 492 1629 Martii
523 1595 611 1629 1566
638 1594 729 1629 hanc
756 1594 956 1628 contionem
983 1593 1151 1628 habuisse
1178 1596 1283 1638 puto:
1321 1593 1444 1627 diebus
1469 1604 1556 1627 sane
1582 1591 1638 1626 20.
1666 1592 1702 1624 et
1728 1590 1783 1623 22.
1810 1589 1845 1622 in

77 1648 210 1694 templo
238 1648 430 1682 S.10annis
450 1648 481 1682 ei
501 1648 689 1682 dicendum
715 1650 803 1682 erat.
840 1647 890 1681 De
917 1647 984 1681 hac
1010 1647 1168 1681 oratione
1196 1659 1228 1681 v.
1249 1647 1357 1681 etiam
1383 1646 1477 1680 infra
1503 1657 1595 1679 mon.
1615 1655 1696 1686 aug.
1719 1643 1755 1686 (b
1773 1642 1843 1685 17).

196 1702 234 1736 In
261 1702 318 1736 lac
339 1702 367 1743 1,
391 1702 538 1736 19-21.
579 1701 784 1744 „Hactenus
810 1702 853 1735 de
878 1700 1135 1735 tentationibus
1162 1700 1399 1734 exterioribus
1426 1701 1462 1733 et
1487 1697 1725 1734 interioribus,
1751 1706 1845 1729 nunc

77 1755 119 1789 de
154 1755 407 1789 reformatione
443 1755 570 1799 cuique
605 1755 809 1789 necessaria
844 1756 883 1788 ut
915 1753 1140 1798 disciplinam
1166 1755 1288 1787 teneat
1314 1754 1348 1787 in
1376 1752 1560 1792 audiendo,
1598 1751 1632 1784 in
1658 1748 1844 1794 loquendo,

77 1808 281 1843 irascendo“
315 1808 353 1851 (1.
382 1820 411 1842 0.
438 1808 461 1842 f.
490 1808 550 1842 37³
577 1807 650 1851 39).
701 1808 741 1841 In
767 1808 826 1842 Iac
854 1809 882 1848 l,
910 1807 965 1841 21.
1015 1806 1106 1848 „Nos
1133 1809 1253 1840 autem
1280 1818 1374 1840 nunc
1400 1816 1591 1851 pergemus
1618 1804 1706 1838 haec
1733 1802 1843 1836 verba

76 1861 268 1902 declarare,
296 1864 473 1905 quatenus
498 1872 562 1895 nos
589 1864 624 1895 et
651 1873 773 1895 omnes
791 1861 914 1895 fideles
932 1862 1086 1903 tangunt
1105 1862 1141 1893 et
1159 1860 1202 1893 ad
1222 1859 1505 1894 emendationem
1526 1858 1622 1892 vitae
1641 1856 1844 1890 conducunt

76 1915 113 1949 2ο
131 1915 290 1949 dicemus
316 1914 440 1958 quales
467 1926 606 1949 errores
632 1915 748 1948 exorti
774 1915 848 1948 sint
874 1917 909 1948 et
928 1913 1045 1948 adhuc
1063 1917 1229 1947 serantur
1247 1913 1289 1947 de
1308 1913 1418 1947 verbo
1437 1912 1503 1946 Dei
1521 1923 1542 1946 a
1560 1908 1843 1945 Neochristianis

76 1968 136 2012 qui
163 1967 250 2002 nihil
277 1969 393 2011 magis
428 1967 561 2002 habent
595 1968 630 2001 in
666 1980 726 2001 ore
762 1979 868 2012 quam
905 1967 1053 2001 verbum
1080 1966 1145 2000 Dei
1181 1968 1217 2000 et
1252 1966 1296 2000 ad
1326 1966 1415 2000 illud
1441 1977 1583 2009 semper
1608 1975 1647 1998 se
1673 1962 1838 1996 vertunt⁴⁴

77 2021 115 2065 (l.
144 2033 172 2056 0.
199 2022 223 2055 f.
252 2021 453 2063 39b—402).
505 2021 587 2055 Sine
614 2021 680 2055 die.
732 2021 858 2055 Contio
893 2020 927 2054 in
955 2020 1088 2064 templo
1116 2019 1149 2054 S.
1168 2020 1313 2054 Ioannis
1340 2019 1463 2053 habita
1489 2018 1589 2058 feria,
1624 2018 1663 2050 ut
1689 2015 1842 2054 videtur,

19 2079 26 2089 '
76 2074 136 2109 VI.
163 2077 245 2119 post
270 2072 371 2108 Dom.
396 2074 457 2107 HI.
478 2073 609 2115 Quadr.
636 2075 714 2108 sive
740 2074 796 2108 22.
816 2073 937 2108 Martii
966 2074 1067 2107 1566.

198 2128 339 2170 „Prima
366 2127 488 2161 concio
515 2127 557 2161 de
584 2127 813 2172 poenitentia.
866 2127 931 2161 Est
957 2126 1043 2160 mihi
1070 2126 1210 2160 animus
1236 2125 1373 2160 relictis
1399 2124 1506 2170 alijsb
1540 2123 1690 2168 posthac
1716 2121 1842 2155 docere

75 2181 118 2216 de
151 2181 382 2226 poenitentia.
433 2180 488 2214 Ad
525 2180 590 2214 1100
625 2192 681 2214 1110
715 2182 837 2215 monet
862 2181 946 2214 ordo
974 2179 1157 2214 Ecclesiae
1184 2181 1362 2218 constans,
1399 2189 1490 2223 quae
1517 2177 1561 2211 ad
1586 2173 1839 2221 poenitentiam

75 2234 251 2278 agendam
286 2233 445 2267 instituit
479 2233 793 2277 quadragesimam
829 2235 865 2267 et
900 2234 975 2267 eius
1012 2233 1190 2267 orationes
1225 2234 1260 2266 et
1296 2232 1525 2271 ceremonias,
1562 2228 1757 2263 conciones.
1779 2254 1785 2260 .
1806 2254 1840 2259 ..

75 2287 120 2322 2ο
145 2289 289 2331 tempus
324 2285 582 2321 confessionis.
600 2314 607 2321 .
624 2287 666 2321 .3
694 2286 818 2321 Status
846 2286 995 2331 Jmperij
1014 2313 1019 2320 .
1037 2313 1042 2319 .
1062 2286 1106 2319 .4
1131 2285 1281 2320 Turca.“
1328 2283 1549 2329 „propositio
1560 2283 1586 2316 d.
1616 2283 1650 2316 1⁰
1676 2280 1759 2324 quid
1794 2279 1842 2313 sit

79 2343 115 2374 et
141 2351 249 2384 super
275 2350 313 2373 se
340 2339 471 2373 habeat
496 2350 623 2373 nomen
650 2339 901 2384 poenitentiae.
946 2340 967 2372 2
993 2339 1086 2383 quod
1106 2338 1332 2372 Christianus
1357 2348 1540 2381 nunquam
1567 2335 1672 2369 debet
1698 2332 1842 2376 grauari

77 2392 333 2438 poenitentiam
360 2403 468 2434 agere
495 2392 528 2425 in
557 2394 632 2426 tota
658 2403 723 2426 sua
750 2392 845 2426 vita“
871 2393 908 2434 (l.
929 2404 956 2426 e.
978 2392 1000 2425 f.
1020 2392 1223 2434 [lob—44³).
1264 2391 1389 2425 Contio
1415 2390 1538 2424 habita
1564 2390 1619 2422 est
1645 2387 1701 2421 24.
1719 2385 1841 2420 Martii

78 2446 180 2487 1566,
218 2457 309 2490 quae
345 2446 421 2479 erat
447 2444 632 2479 Dominica
668 2445 728 2479 IV.
756 2445 1078 2489 Quadragesimae;
1115 2456 1196 2478 nam
1233 2444 1268 2477 in
1295 2444 1458 2478 contione
1490 2443 1546 2476 25.
1573 2440 1694 2475 Martii
1719 2438 1841 2473 habita

75 2498 260 2534 Canisius:
292 2497 521 2541 „Qiloniani“,
550 2498 674 2541 inquit,
705 2497 801 2539 „heri
828 2498 943 2542 incepi
970 2498 1012 2531 de
1039 2498 1258 2542 poenitentia
1285 2497 1459 2531 tractare“
1490 2497 1558 2529 etc.
1587 2494 1625 2538 (l.
1650 2505 1678 2527 0.
1707 2493 1730 2526 f.
1749 2492 1838 2533 45³).

78 2552 130 2586 De
156 2552 223 2586 hac
249 2551 412 2586 contione
440 2551 522 2584 vide
549 2551 654 2585 etiam
683 2551 776 2585 infra
802 2563 894 2585 mon.
914 2562 995 2593 aug.
1019 2551 1055 2593 (b
1077 2551 1148 2593 18).

197 2603 513 2647 „Annunciationis
540 2603 695 2637 Maria&
739 2604 825 2646 „hoc
861 2606 916 2637 est
948 2604 1133 2637 exordium
1169 2602 1423 2647 redemptionis
1450 2603 1592 2635 nostrae
1619 2610 1710 2643 quae
1735 2597 1840 2631 hodie

75 2658 109 2692 id
136 2660 190 2692 est
217 2658 261 2692 25
288 2657 407 2702 martij
436 2657 568 2701 incepit
594 2656 629 2690 in
656 2657 757 2690 domo
784 2656 817 2690 id
845 2658 901 2690 est
927 2656 960 2689 in
989 2667 1134 2701 corpore
1154 2655 1323 2689 Mariae..
1342 2683 1370 2689 ..
1412 2654 1593 2699 [Christus
1619 2651 1688 2696 die]
1717 2650 1837 2684 eodem

74 2711 183 2745 etiam
209 2711 366 2745 creditur
392 2710 594 2755 passionem
620 2721 722 2743 suam
750 2711 786 2743 et
812 2711 961 2742 mortem
988 2709 1214 2743 sustinuisse.
1259 2707 1410 2749 Quidam
1437 2707 1562 2742 uolunt
1586 2717 1666 2740 eum
1692 2704 1758 2738 hoc
1783 2703 1840 2737 die

74 2765 244 2798 mundum
263 2763 491 2809 incepisse.“³
523 2762 714 2805 „Quoniam
734 2762 809 2796 heri
830 2763 943 2806 incepi
963 2762 1005 2796 de
1024 2761 1242 2806 poenitentia
1261 2763 1416 2795 tractare
1435 2763 1471 2794 et
1488 2759 1633 2805 promisi
1652 2757 1838 2792 materiam

74 2817 178 2852 hodie
215 2817 390 2862 prosequi,
427 2816 506 2850 11010
542 2827 635 2849 nunc
671 2816 832 2860 repetere
869 2815 962 2849 circa
995 2814 1061 2849 hoc
1087 2814 1324 2857 Euangelium
1352 2825 1443 2858 quae
1468 2811 1712 2858 superioribus
1737 2810 1839 2844 annis

75 2871 269 2913 assignaui‚
305 2871 367 2904 sed
403 2871 592 2904 contentus
625 2880 683 2902 ero
710 2868 776 2902 hoc
802 2879 882 2909 uno,
919 2878 1028 2912 quare
1054 2879 1119 2901 nos
1146 2866 1321 2901 Catholici
1347 2868 1488 2901 beatam
1515 2865 1692 2909 virginem
1718 2863 1838 2906 magni

74 2923 249 2958 faciamus
284 2926 320 2957 et
347 2923 560 2957 honoremus
596 2923 688 2955 inter
724 2923 759 2955 et
784 2933 892 2966 super
927 2920 1014 2955 alios
1042 2920 1192 2954 Sanctos
1229 2923 1265 2954 et
1291 2923 1480 2965 propterea
1514 2919 1659 2964 saepius
1684 2918 1718 2951 in
1746 2928 1837 2950 anno

193 2999 221 3029 a)
243 3000 302 3024 Hoc
323 3007 344 3023 ν.
366 3002 390 3023 er
410 3000 425 3022 ἦ
445 3006 503 3029 sqq.
525 2998 559 3021 (tl)
583 2998 645 3028 ips-0
667 2999 695 3021 ('.
715 2997 826 3028 scripta
852 2999 929 3021 sunl.
1023 2996 1051 3026 1))
1080 2998 1112 3021 [η
1134 3005 1229 3021 conten.
1250 3000 1412 3027 sequnntur
1433 2997 1535 3020 ileo-nm
1566 3003 1605 3019 rr.
1627 2993 1740 3020 relictis
1761 2991 1837 3022 aliis.

74 3041 100 3071 c)
124 3042 200 3071 Quae
220 3044 391 3072 sequnntur,
414 3048 500 3071 usqua
521 3039 559 3062 ml
580 3037 674 3063 Turca
696 3038 772 3069 incl„
791 3038 826 3062 ab
848 3038 908 3069 ipso
931 3041 958 3062 ('.
982 3038 1009 3061 in
1032 3039 1161 3069 vmryine
1182 3039 1291 3069 srriptn
1313 3041 1387 3061 sunt.
1472 3036 1500 3061 111
1530 3038 1588 3061 Hoc
1615 3044 1636 3061 ι’,
1657 3039 1681 3060 et
1703 3043 1774 3067 qnae
1794 3043 1835 3056 sv-

74 3085 212 3113 qnuntur.
234 3089 320 3113 nsque
340 3082 377 3105 ml
398 3082 413 3105 2
436 3082 509 3107 int-l„
529 3081 564 3104 «h
586 3080 647 3110 ipso
669 3082 698 3104 ('.
718 3079 829 3110 scripta
850 3082 926 3103 suut.

196 3187 205 3206 ¹
233 3186 266 3220 Ir
292 3186 322 3227 7,
350 3186 370 3220 3
397 3187 428 3219 4.
575 3186 587 3205 ‘2
614 3186 756 3218 Mis—sale
782 3186 805 3219 f.
834 3185 1016 3219 65¹¹—6i3=¹.
1165 3186 1176 3202 ⁵²
1206 3184 1254 3218 De
1282 3184 1348 3219 hac
1374 3197 1411 3218 re
1438 3186 1483 3218 cf.
1514 3185 1601 3219 (Ιαφι.
1631 3184 1679 3218 111
1707 3183 1785 3218 794.
