2045 3471
254 203 354 237 1425.
382 203 547 237 Canisius
573 203 608 238 S.
631 203 820 238 Francisco
847 203 890 237 de
916 203 1056 247 Borgia.
1096 203 1239 248 Dilinga
1268 204 1321 239 17.
1340 203 1475 249 Aprilis
1504 204 1604 238 1567.
1727 207 1810 248 435

55 323 175 364 statu
228 324 272 364 et
324 322 566 375 sumptibus
613 322 879 376 singulorum
928 322 1238 376 Collegiorum,
1293 323 1495 376 quoniam
1546 324 1813 377 singulorum

54 386 288 428 Rectorum
322 387 589 440 expecta-boa
620 401 887 441 responsum.

970 453 1095 494 Jdem
1128 452 1175 495 P.
1199 451 1393 494 Canisius
1426 452 1692 507 subscripsit.

173 537 214 570 In
252 536 380 571 Codice
419 536 479 579 ,Εἰ
507 536 624 572 (211²
667 537 734 572 hoc
773 538 1078 584 „Postscriptum“
1121 538 1323 583 appositum
1362 541 1418 573 est
1454 538 1587 574 litteris
1624 539 1813 574 Monachio

55 589 111 624 21.
138 589 224 624 Maii
253 590 341 624 1567
379 601 399 623 a
426 589 569 624 Canisio
604 590 648 624 ad
675 590 843 634 Borgiam
870 591 982 632 datis;
1023 594 1060 626 at
1093 602 1279 636 perperam
1318 591 1352 625 id
1389 592 1533 635 quidem
1569 593 1704 626 factum
1739 595 1812 633 est,

53 654 137 677 nam
174 642 211 676 in
251 642 514 687 „Postscript0“
545 642 710 678 Canisius
749 644 812 686 „de
846 647 946 679 statu
984 646 1019 678 et
1053 644 1256 689 sumptibus
1290 644 1514 688 singulorum
1551 645 1811 689 Collegiorum“

54 696 216 741 proxime
243 706 455 740 responsum
481 695 524 729 iri
551 696 725 737 affirmat;
766 697 917 740 Borgias
944 699 1063 731 autem
1090 709 1129 732 se
1156 708 1367 742 responsum
1394 697 1482 731 illud
1509 698 1644 732 vidisse
1671 698 1815 733 Canisio

54 748 275 793 significavit
300 749 355 784 20.
378 748 449 791 (19.
463 748 497 791 2³)
526 748 611 782 Maii
641 749 730 783 1567
760 749 857 792 (vide
884 750 977 784 infra
1004 762 1057 795 ep.
1084 763 1118 784 n.
1148 750 1277 794 1441);
1309 762 1380 794 qua
1407 750 1562 795 epistula
1588 751 1815 796 potissimum

55 802 99 836 ad
134 801 294 836 eiusdem
329 800 502 846 epistulas
531 803 585 836 l7.
622 804 657 835 et
683 802 739 836 24.
766 803 902 847 Aprilis
937 803 1041 837 datas
1067 803 1263 848 rescripsit.
1315 802 1404 837 Cum
1438 803 1550 847 igitur
1577 803 1741 838 Canisius
1776 816 1815 839 se

53 854 148 889 idem
186 865 396 899 responsum
433 855 578 888 mittere
615 854 769 898 Borgiae
808 856 863 890 24.
890 856 1026 900 Aprilis
1063 857 1250 901 scripserit
1288 856 1385 899 (vide
1419 856 1514 890 infra
1550 868 1603 901 ep.
1630 868 1663 891 n.
1694 857 1814 900 1427),

58 907 361 952 „Postscriptum“
394 907 446 941 17.
473 907 610 952 Aprilis
645 908 767 942 datum
807 920 885 943 esse
912 921 1051 943 censeo.
1102 909 1167 944 Cui
1193 912 1353 954 tempore
1379 909 1446 943 hoc
1471 920 1612 954 quoque
1639 911 1814 953 congruit,

55 961 147 1005 quod
170 961 472 1005 „Postscriptum“
504 961 548 995 ab
574 960 697 994 eodem
723 962 898 1006 scriptore
924 962 1100 1007 scriptum
1126 965 1190 1004 est,
1217 962 1320 997 cuius
1338 974 1445 1007 opera
1465 962 1632 997 Canisius
1648 962 1816 1006 Dilingae

55 1014 100 1048 ad
127 1014 300 1059 epistulas
327 1014 383 1048 dd.
404 1013 458 1048 17.
487 1016 521 1047 et
546 1014 601 1048 24.
622 1013 756 1058 Aprilis
782 1015 991 1050 scribendas
1016 1027 1104 1050 usus
1131 1018 1196 1050 est.
1234 1016 1275 1050 In
1301 1019 1482 1060 postrema
1508 1016 1614 1050 huius
1640 1016 1816 1061 epistulae

54 1068 156 1111 parte
183 1066 348 1101 Canisius
374 1066 518 1109 collegii
543 1066 771 1111 oenipontani
797 1068 1013 1102 mentionem
1039 1068 1143 1110 fecit;
1181 1071 1218 1102 et
1242 1069 1386 1110 nomini,
1413 1069 1505 1113 quod
1533 1069 1708 1113 epistulae
1734 1069 1815 1104 sub—

54 1120 211 1165 scripsit,
236 1119 330 1154 idem
355 1120 499 1162 signum
521 1119 580 1163 (Ξ
599 1120 826 1165 subscripsit)
856 1121 1029 1161 adiunxit,
1056 1125 1165 1166 atque
1191 1123 1226 1156 in
1252 1122 1514 1167 subscriptione
1537 1122 1813 1168 „Postscripti“;

55 1185 125 1217 quo
150 1173 253 1216 signo
278 1174 315 1207 in
340 1173 503 1217 proxima
530 1173 684 1218 epistula
717 1173 973 1209 subscribenda
1008 1187 1076 1209 non
1112 1177 1168 1209 est
1203 1187 1308 1216 usus;
1343 1175 1421 1209 ideo
1447 1175 1711 1221 Postscriptum
1745 1188 1816 1210 non

55 1226 100 1260 ad
134 1226 332 1271 proximam
368 1226 561 1271 epistulam
596 1226 764 1268 adiunxi,
799 1227 861 1261 sed
897 1228 941 1262 ad
977 1239 1065 1267 eam,
1101 1239 1208 1272 quam
1242 1228 1346 1263 modo
1377 1228 1491 1273 posui.
1543 1228 1709 1263 Ceterum
1735 1241 1814 1263 cum

54 1281 208 1323 utraque
242 1279 365 1313 eodem
400 1279 456 1313 die
491 1279 576 1313 data
611 1280 659 1313 sit
699 1279 828 1323 (altera
864 1292 927 1325 per
962 1281 1113 1314 alteram
1139 1281 1234 1315 viam
1261 1281 1416 1315 fortasse
1442 1281 1582 1325 missa),
1618 1282 1692 1316 fere
1727 1282 1816 1316 nihil

56 1332 168 1366 refert
193 1332 296 1372 scire,
323 1332 395 1366 utri
421 1332 469 1366 sit
495 1332 735 1367 coniunctum.

56 1450 206 1488 1425.
315 1453 530 1488 CANISIUS
559 1452 824 1489 SANGTO
852 1452 1236 1490 FRANCISGO
1272 1453 1365 1490 DE
1392 1453 1679 1499 BORGIA,
1715 1468 1815 1502 prae-

245 1507 360 1551 posito
386 1508 544 1551 generali
572 1507 763 1542 Societatis
792 1508 881 1542 Iesu.
935 1507 1182 1552 (Epistula
1209 1507 1394 1552 altera.)

1254 1561 1400 1604 Dilinga
1428 1563 1481 1596 17.
1500 1562 1637 1607 Aprilis
1667 1563 1767 1598 1567.

176 1623 231 1657 Ex
256 1624 413 1668 imagine
438 1624 721 1670 photographica
751 1625 953 1659 litterarum
980 1625 1257 1670 archetyparum
1289 1625 1360 1669 (20;
1389 1626 1409 1660 3
1436 1638 1513 1671 pp.;
1540 1627 1575 1660 in
1602 1639 1634 1671 p.
1662 1629 1684 1662 4
1710 1628 1816 1662 inser.

58 1678 94 1710 et
119 1688 203 1720 pars
229 1677 326 1721 sig.),
353 1689 445 1722 quae
471 1680 618 1712 exstant
642 1679 678 1711 in
702 1678 759 1722 ,E.
776 1678 885 1712 C.11“
907 1690 939 1712 n.
963 1678 1028 1713 189
1050 1679 1134 1722 (256
1152 1678 1250 1722 257).
1285 1679 1451 1713 Canisius
1477 1691 1542 1713 sua
1566 1691 1674 1714 manu
1691 1692 1819 1715 nomen

60 1729 250 1774 („Seruus“
282 1730 366 1774 etc.)
394 1731 619 1776 subscripsit.

176 1802 347 1835 Fae-ultas
381 1802 580 1835 absolvendi
613 1803 770 1835 homines
808 1804 844 1834 in
883 1802 1055 1836 haeresim
1095 1804 1259 1846 relapsos.
1323 1804 1515 1847 Colleyz'um
1553 1805 1817 1838 bellimarietese.

57 1855 215 1888 Pecunia
241 1856 484 1889 contribuam·
509 1856 557 1888 ad
576 1859 851 1898 procuratorem
873 1857 1069 1898 generalem
1098 1862 1127 1889 et
1153 1858 1358 1891 advocatum
1378 1858 1510 1890 Romae
1532 1859 1684 1891 alendos.
1735 1859 1819 1900 Dif-

56 1908 147 1950 ficile
173 1914 219 1942 est
246 1921 267 1942 av
287 1910 399 1942 Sociis
418 1910 549 1951 procul
575 1909 758 1950 clyentibus·
780 1911 950 1951 pecunias
975 1914 1136 1953 repetere.
1173 1910 1429 1954 Providebz'tur,
1457 1912 1518 1954 qni
1535 1911 1668 1944 Romae
1690 1912 1819 1945 ¹viatica

56 1962 188 2002 solcat;
212 1963 341 1995 viatica
362 1963 634 2005 praem-anaia,-
668 1962 792 1994 debita.
843 1962 986 1995 Elisaeo
1012 1963 1176 1996 Haivodo
1203 1964 1291 1996 vires
1316 1964 1502 2005 deficiemt;
1539 1975 1621 1997 num
1649 1965 1820 1998 eiusmodi

57 2015 214 2048 homines
248 2016 296 2047 ml
332 2020 407 2048 cota
442 2016 652 2048 adtm'ttemli
681 2019 792 2047 sunt?
843 2016 1108 2057 Confessionam
1136 2027 1326 2049 sacrarum
1350 2018 1551 2060 frequentia
1581 2019 1617 2050 in.
1644 2018 1819 2060 colleoae,-

58 2069 296 2102 conversiones
328 2069 616 2110 protestantimn.
680 2069 866 2111 Canisius,
905 2079 983 2101 cum
1022 2070 1249 2112 convaluerit,
1288 2070 1431 2112 colleyia
1469 2072 1601 2103 inviset.
1655 2070 1820 2114 Synodas

57 2122 255 2164 dilinyana.
315 2122 443 2154 Rector
477 2122 696 2163 (lt'linyanas.
747 2121 932 2155 Monac-hii
967 2123 1187 2156 consiliariis
1221 2123 1322 2156 ducis
1356 2124 1558 2167 displicuit,
1594 2126 1686 2167 qaod
1723 2124 1819 2156 Socii

58 2177 293 2208 convictorum
329 2185 400 2207 rem
433 2175 652 2217 familiarem
691 2185 819 2208 curare
853 2176 1055 2209 noluerant.
1107 2177 1201 2209 Nam
1232 2177 1347 2219 aliqui
1373 2177 1470 2210 Socii
1496 2177 1663 2220 Dilinyae
1688 2181 1717 2209 et
1743 2178 1817 2214 Mo-

57 2228 180 2261 nac-Ilii
204 2229 340 2260 (lintius
364 2228 459 2268 ferri
478 2232 659 2270 possunt?
707 2228 971 2262 Stet-ordinans.
1024 2229 1061 2262 P.
1082 2230 1235 2262 Natalis.
1281 2230 1438 2262 Litterae
1461 2230 1685 2271 fundationis
1710 2231 1816 2263 ‹lilin-

55 2292 169 2325 yanae
195 2281 378 2314 cardinali
405 2282 561 2314 redditae
586 2286 678 2314 sant.
730 2282 872 2314 Herlen.

852 2352 1024 2397 Jhesus.

428 2417 520 2458 Pax
553 2416 710 2460 Christi
742 2418 985 2459 Admodum
1019 2419 1274 2461 Reuerende
1307 2420 1450 2461 Pater.

175 2489 344 2539 Quanto
377 2488 464 2530 alla
497 2488 698 2541 dispensa
729 2489 975 2531 necessaria
1007 2490 1108 2531 delli
1140 2490 1313 2544 relapsi,
1348 2490 1518 2544 experti
1544 2492 1646 2532 sunt
1678 2491 1814 2532 nostri

57 2554 136 2596 hoc
178 2567 302 2595 sacro
344 2558 540 2607 tempore
582 2552 895 2596 difficultatem.
960 2554 1085 2596 Vnde
1126 2568 1331 2608 rogamus
1373 2555 1529 2597 iterum
1571 2557 1620 2596 ut
1659 2555 1739 2596 hac
1771 2555 1814 2596 in

56 2622 182 2673 parte
215 2632 311 2660 cum
334 2618 560 2660 Germanis
593 2618 738 2659 mitius
765 2632 896 2672 agere
928 2620 1142 2672 possimus
1166 2633 1294 2672 quam
1318 2619 1511 2662 decreuit
1533 2619 1656 2662 Pont.
1680 2620 1813 2671 Max„

56 2686 189 2737 utque
221 2683 409 2725 facultas
442 2682 692 2724 absoluendi
726 2683 798 2724 uni
831 2686 876 2725 et
907 2684 1034 2726 alteri
1068 2684 1291 2726 Sacerdoti
1324 2684 1366 2725 in
1401 2684 1591 2737 quolibet
1623 2685 1813 2738 Collegio

56 2749 314 2791 tribuatur1.

175 2814 239 2855 De
262 2812 451 2865 Collegio
474 2811 709 2866 Hispanico
742 2812 785 2853 in
808 2812 1015 2855 Bellimar
1046 2813 1159 2855 idem
1191 2813 1292 2854 mihi
1327 2813 1498 2855 uidetur
1525 2813 1637 2866 quod
1660 2813 1812 2856 Pater-

58 2877 185 2921 nitati
226 2880 328 2920 tuae
361 2881 405 2920 et
445 2877 640 2931 patribus
673 2876 1003 2928 Assistentibus,
1047 2878 1260 2927 nimirum,
1305 2880 1352 2920 ut
1384 2892 1480 2919 cum
1520 2878 1632 2920 bona
1664 2879 1812 2921 aedifi-

59 2943 228 2985 catione
260 2942 356 2984 huic
379 2941 566 2995 Collegio
595 2941 905 2991 renunciemus,
940 2942 1021 2983 nisi
1043 2942 1265 2984 Fundator
1297 2943 1493 2985 innectas
1526 2942 1812 2997 obligationes

57 3008 197 3057 tollat,
232 3010 275 3049 et
308 3007 478 3048 domum
511 3007 629 3048 illam
663 3020 740 3060 pro
773 3007 962 3048 membro
996 3006 1174 3061 Collegij
1208 3007 1443 3059 Burgensis
1475 3007 1590 3050 sinat
1621 3008 1809 3051 haberi2.

176 3087 203 3117 a)
225 3087 271 3111 Ita
292 3087 322 3111 in
341 3087 419 3111 arch.
440 3090 597 3111 correctum
619 3089 659 3110 es!
680 3094 714 3110 ea·
735 3086 870 3117 expecto.

180 3181 189 3200 ¹
215 3180 306 3214 Vide
332 3192 440 3225 supra
466 3193 497 3225 p.
524 3180 604 3215 400.
757 3181 769 3200 ‘-'
796 3180 846 3213 De
873 3180 939 3214 hoc
964 3181 1106 3224 negotio
1133 3181 1215 3215 vide
1241 3192 1348 3226 supra
1375 3194 1406 3226 p.
1433 3182 1512 3217 409.

1502 3242 1575 3276 28*
