2045 3471
540 184 634 219 Mon.
654 185 722 219 754
747 184 825 218 sive
851 195 962 227 germ.
980 184 1003 218 l.
1025 183 1113 227 (29).
1160 184 1212 217 14.
1230 184 1303 218 Ian.
1326 184 1426 218 1566.
1777 186 1858 226 681

101 299 221 334 verbis
248 299 476 345 exprimeret,
503 301 641 346 reliqua
668 302 786 346 capita
812 302 847 336 in
875 302 1082 347 compendia
1108 302 1346 336 contraheret.
1387 303 1499 335 Boero
1526 300 1629 345 (Can.
1657 301 1859 345 288—289)

100 352 295 387 indiculum
331 364 377 387 ex
410 354 588 388 Mantissa
623 354 876 397 Reiffenbergii
906 356 990 397 (,‚ex
1018 354 1108 389 actis
1134 354 1349 388 Academiae
1376 354 1577 388 Colonien.“
1616 354 1733 398 inquit
1769 354 1861 399 ipse)

102 406 323 451 descriptum
358 406 479 440 italice
506 407 626 441 vertit.
677 407 875 442 Indiculum
912 408 955 442 ab
983 408 1137 441 Henrico
1164 407 1318 442 Simonis
1354 408 1510 452 positum
1545 408 1642 452 typis
1673 408 1865 452 exscripsit

99 460 236 493 Bianco
260 459 283 493 1.
311 470 340 493 0.
368 459 383 493 Ι
408 460 617 500 449-450;
653 472 758 504 quem
783 463 904 495 tamen
931 473 999 495 11011
1027 461 1146 495 codice
1183 472 1292 506 supra
1321 460 1369 504 (n.
1390 461 1425 501 3)
1455 463 1661 501 memorato,
1697 461 1759 495 sed
1795 461 1863 495 alio

102 512 303 556 („Historia
330 512 479 555 Collegii
508 513 749 548 Coloniensis“
779 525 856 555 ms,
893 526 999 558 quam
1026 515 1163 548 Biana-0
1190 514 1211 548 l.
1240 526 1268 548 c.
1297 526 1329 559 p.
1358 514 1426 548 343
1453 514 1520 548 855
1548 516 1803 548 commemorat
1829 517 1865 548 et

99 577 133 610 p.
160 566 348 600 863—975
375 565 568 609 adhibet‘P)
605 578 709 600 usum
735 578 814 600 esse
851 578 896 600 ex
922 567 1137 601 lectionibus
1164 567 1299 602 conicio
1329 567 1608 609 „variantibus“,
1644 579 1735 611 quae
1770 567 1862 612 apud

100 619 231 653 Bianco
270 621 487 663 comparent.
552 618 775 653 Relationem
816 620 978 662 Hugonis
1017 620 1236 663 Tongrensis
1279 620 1321 654 ad
1361 620 1510 654 verbum
1548 621 1647 665 typis
1685 620 1865 664 expressit

100 672 245 706 Hansen
283 671 304 705 l.
333 683 362 706 c.
389 672 587 706 521—522.
644 672 698 705 Ex
734 684 802 715 quo
838 672 1022 707 relationis
1058 672 1252 707 maximam
1288 676 1426 718 partem
1462 673 1666 716 germanice
1698 674 1792 706 verti
1828 672 1863 706 in

103 722 318 770 „Stimmeffl
347 727 413 758 etc.
442 724 557 758 LXXI
584 725 783 760 309—311.

218 777 316 811 Haec
352 789 431 811 011111
467 778 518 811 ita
553 789 591 811 se
627 778 793 819 habeant,
829 779 919 813 satis
954 778 1064 813 fuerit
1099 779 1209 813 verba
1240 779 1395 824 exempli
1425 780 1453 813 1.
1480 779 1652 824 posuisse,
1688 778 1864 822 neglectis

98 830 312 865 lectionibus
338 831 564 865 variantibus
591 831 836 875 exemplorum
862 831 1099 875 reliquorum:
1128 832 1193 865 has
1220 832 1312 865 enim
1339 832 1467 866 afferre
1493 831 1639 874 longum
1667 835 1731 866 est.

221 896 388 930 Canisizcs
413 897 553 929 delectis
589 908 632 929 ρας
657 898 886 930 Υτιηἱεθνςίίαΐε
911 898 1103 930 coloniensi
1139 902 1168 930 et
1196 898 1294 931 urbis
1318 903 1442 931 senum
1471 899 1557 930 viris
1584 898 1693 930 Breve
1718 898 1778 930 Pte·
1802 898 1861 931 JV.

101 951 213 983 tradit
247 954 276 983 et
302 950 427 992 aliqua
451 951 629 992 proponit,
666 961 755 992 (luae
790 951 837 983 ad
873 951 1131 983 contionatores
1166 953 1420 994 2›tctye'³t1·osqtce
1447 951 1718 993 constituendos,
1753 950 1863 984 libros

98 1003 327 1042 eoececdendos,
358 1004 525 1036 sectarios
551 1004 765 1046 coercendos,
806 1004 1066 1036 universitatem
1103 1015 1145 1036 ea:
1178 1005 1325 1037 ‹lem-etis
1350 1005 1555 1037 tridentinis
1581 1004 1862 1046 reforimtmi'am,

104 1056 305 1089 litterarum
330 1057 451 1089 studia
478 1057 734 1098 amplificanda
756 1058 946 1099 pertinent.
998 1058 1065 1089 llll
1091 1057 1342 1090 oboedientiam
1372 1068 1502 1090 onmem
1525 1058 1750 1100 promittunt.

216 1134 343 1189 Huyo
366 1148 391 1175 a
412 1134 616 1188 Tonyern,
637 1134 859 1187 facultatis
883 1136 1039 1175 artium
1065 1136 1105 1175 ἱη
1129 1136 1396 1176 universitate
1415 1136 1639 1176 coloniensi
1663 1135 1858 1187 decanus,

98 1199 199 1240 haec
216 1200 261 1240 in
284 1199 440 1251 „Libro
455 1199 674 1252 facultatis
693 1201 850 1240 artium
869 1200 1014 1241 Stantia·
1030 1200 1310 1241 Coloniensi&
1329 1200 1421 1251 (V.)
1436 1214 1515 1241 sua
1532 1214 1658 1241 manu
1678 1200 1835 1240 notavit
1848 1215 1861 1240 .·

866 1270 992 1310 Anno
1027 1272 1094 1312 66.

102 1341 138 1390 1,
221 1342 285 1382 14.
321 1339 387 1381 die
419 1339 617 1381 Januarii
649 1340 798 1382 attulit
830 1340 1038 1381 Dominus
1072 1341 1234 1382 Doctor
1265 1340 1458 1382 Canisius
1491 1339 1776 1382 Vniuersitati
1815 1342 1859 1382 et

99 1405 267 1447 ciuitati
299 1404 542 1447 Coloniensi
573 1405 725 1447 literas
758 1405 1001 1459 pontificias
1034 1419 1144 1458 quae
1185 1405 1450 1448 mandabant
1482 1408 1531 1448 vt
1570 1405 1652 1459 ipsi
1692 1405 1735 1446 iu
1768 1419 1858 1446 om-

98 1469 222 1511 nibus
254 1483 364 1522 quae
396 1473 658 1524 proponeret
690 1470 796 1511 fides
829 1470 1103 1521 habereturl,
1138 1470 1362 1525 proposuit
1386 1474 1531 1513 autem
1554 1473 1599 1512 et
1621 1469 1859 1524 postulauit

97 1535 204 1578 haec
237 1549 346 1588 quae
379 1538 630 1588 sequuntur.

216 1600 264 1642 In
297 1600 446 1654 primis
478 1602 526 1642 vt
558 1613 696 1653 neque
729 1600 783 1642 ad
816 1600 1037 1641 Ecclesiae
1069 1600 1301 1642 cathedras
1342 1599 1527 1642 ministri
1561 1599 1679 1641 verbi
1712 1599 1858 1649 diuini,

100 1679 236 1718 neque
268 1665 311 1706 in
344 1665 515 1707 scholas
548 1668 853 1719 praeceptores
886 1665 1186 1716 admittantur,
1225 1665 1307 1707 nisi
1339 1666 1411 1718 qui
1442 1665 1652 1719 probatae
1684 1664 1782 1706 fidei
1816 1666 1860 1706 et

98 1730 320 1784 religionis
352 1730 514 1772 fuerint
526 1731 555 1772 2.

100 1798 140 1839 2.
219 1796 278 1838 Vt
309 1796 492 1838 tollatur
524 1795 683 1837 abusus
716 1795 954 1837 excudendi
988 1797 1031 1837 et
1063 1795 1277 1837 vendendi
1317 1795 1448 1837 libros
1480 1795 1683 1849 impuros,
1726 1794 1860 1836 male-

99 1861 216 1903 dicos
250 1864 292 1903 et
325 1860 368 1902 in
401 1860 553 1914 quibus
586 1860 800 1903 catholica
832 1860 1061 1903 sinceritas
1092 1861 1321 1903 laeditur3.

100 1929 139 1978 3,
218 1927 278 1969 Vt
299 1940 353 1968 ne
376 1926 618 1968 tolerentur
640 1926 712 1978 qui
734 1940 828 1967 cum
848 1925 1072 1968 catholicis
1095 1925 1412 1967 communicare
1434 1925 1586 1967 nolunt
1608 1924 1650 1966 in
1673 1923 1858 1978 templis,

99 1991 386 2035 sacramentis
418 1994 461 2033 et
494 1990 776 2032 caeremoniis
808 1990 1128 2032 Ecclesiasticis
1141 1991 1169 2033 4.

99 2058 140 2108 4,
219 2057 278 2098 Vt
300 2069 353 2098 ne
385 2056 504 2098 locus
527 2055 652 2097 detur
674 2055 948 2109 clancularijs
970 2055 1042 2108 qui
1063 2055 1304 2098 aduentant
1325 2055 1565 2109 hospitibus
1588 2068 1691 2096 suae
1714 2056 1860 2096 sectae

100 2135 267 2163 venena
299 2121 606 2174 spargentibus
619 2121 648 2163 5.

102 2187 140 2236 5,
219 2186 279 2228 Vt
301 2199 454 2227 seuera
487 2185 693 2227 mandata
716 2199 798 2226 non
821 2185 959 2226 solum
992 2187 1290 2239 proponantur
1311 2185 1385 2226 sed
1409 2184 1539 2226 etiam
1563 2183 1862 2225 executionem

101 2251 258 2293 seriam
290 2250 481 2292 habeant
503 2250 712 2292 aduersus
735 2253 968 2292 nouatores
991 2253 1035 2293 et
1056 2249 1266 2292 sectarios
1288 2249 1331 2291 in
1354 2249 1458 2300 vita,
1494 2252 1537 2291 et
1559 2251 1658 2303 post
1679 2251 1861 2290 mortem

101 2315 333 2358 eorundem
347 2316 374 2358 ⁶.

225 2434 234 2454 ¹
262 2433 337 2467 Has
364 2432 504 2466 litteras
530 2431 612 2465 vide
638 2442 746 2476 supra
772 2444 804 2476 p.
828 2432 1025 2466 644—645.

222 2487 234 2506 ²
261 2487 315 2520 lta
342 2485 556 2520 Guilielmus
582 2484 757 2518 Clebitius
783 2485 818 2518 et
844 2484 993 2518 Iacobus
1021 2483 1197 2526 Leichius,
1224 2484 1509 2529 protestantismi
1536 2486 1744 2523 sectatores,
1772 2482 1866 2517 circa

102 2540 136 2574 id
163 2543 306 2584 tempus
333 2539 500 2573 Coloniae
527 2537 696 2582 privatim
724 2537 898 2571 docebant
926 2537 975 2581 (v.
1003 2549 1112 2582 supra
1139 2550 1170 2582 p.
1201 2538 1263 2572 171
1293 2538 1407 2581 326⁷).

222 2594 235 2612 ³
260 2592 315 2626 Ita
342 2591 558 2626 Godefridus
585 2590 761 2624 Hirzhorn
796 2590 1046 2635 typographus
1081 2590 1295 2625 coloniensis
1322 2589 1510 2624 l'ostillam
1538 2589 1685 2623 Lutheri
1712 2588 1866 2623 vlamice

104 2657 246 2680 versam
265 2645 432 2680 Coloniae
459 2644 666 2685 excuderat,
693 2655 770 2678 eam
790 2643 1016 2678 Francofurti
1044 2655 1214 2678 excusam
1241 2655 1321 2678 esse
1348 2643 1438 2677 falso
1464 2642 1674 2685 significans
1703 2642 1867 2685 (Hansen

104 2699 125 2732 1.
153 2709 183 2733 0.
210 2699 279 2732 549
292 2699 313 2732 ¹.
363 2698 502 2731 Biana-o
528 2697 549 2731 l.
578 2708 605 2730 c.
634 2697 648 2730 l
673 2697 773 2739 449).

222 2753 234 2772 ⁴
262 2751 338 2785 Hoc
372 2751 427 2785 ius
462 2750 681 2795 reipublicae
717 2749 910 2783 coloniensi
947 2761 993 2783 ex
1029 2749 1107 2794 ipsa
1142 2750 1251 2783 etiam
1288 2761 1395 2794 „pace
1422 2749 1625 2792 religionis¹⁴
1664 2750 1867 2792 augustana

102 2804 317 2844 obvenerat;
346 2804 391 2838 cf.
411 2815 520 2848 supra
546 2815 579 2848 p.
599 2803 685 2836 244⁵
712 2803 911 2837 246—247.
953 2803 1139 2847 Principes
1156 2804 1399 2847 protestantes
1426 2802 1531 2844 longe
1558 2802 1666 2835 etiam
1692 2801 1867 2840 severius,

103 2857 275 2901 quidquid
303 2856 521 2891 catholicum
548 2859 635 2897 erat,
663 2856 739 2889 suis
765 2856 870 2890 terris
897 2855 955 2889 vel
981 2855 1165 2900 pellebant
1191 2855 1249 2890 vel
1275 2855 1455 2890 arcebant.

223 2911 236 2930 ⁵
271 2910 322 2944 Eo
358 2912 517 2954 tempore
555 2909 718 2954 inprimis
756 2908 900 2953 plurimi
939 2908 1161 2943 Calvinistae
1199 2909 1242 2943 ob
1281 2908 1478 2943 sediciones
1517 2920 1561 2942 ex
1600 2907 1724 2951 Belgio
1763 2908 1867 2942 eiecti

105 2962 287 2997 Coloniam
314 2963 539 3008 irrepebant;
567 2962 829 3007 Anabaptistae
848 2973 989 3006 quoque
1017 2962 1051 2996 in
1070 2962 1157 2996 urbe
1184 2973 1222 2996 se
1241 2962 1471 2996 occultabant
1490 2962 1641 3003 (Bianco
1665 2961 1688 2996 l.
1704 2973 1732 2995 c.
1754 2961 1767 2995 I
1785 2962 1866 2996 448.

105 3017 252 3050 Hansen
277 3016 301 3050 l.
328 3027 358 3050 0.
384 3016 453 3051 536
465 3017 506 3059 ⁵).
557 3016 687 3059 Atque,
722 3018 763 3049 ut
797 3015 950 3057 videtur,
987 3027 1018 3049 a.
1044 3015 1133 3049 1565
1161 3014 1327 3049 Coloniae
1354 3015 1423 3049 iam
1450 3015 1619 3048 exstabat
1649 3017 1867 3056 „conventus

104 3069 341 3104 christianus“
371 3070 450 3103 sive
476 3080 605 3113 corpus
631 3068 819 3112 quoddam,
857 3068 891 3102 in
928 3068 1019 3112 quod
1057 3070 1300 3113 protestantes
1335 3067 1537 3102 calviniano
1573 3068 1648 3102 fere
1682 3067 1753 3102 ritu
1789 3078 1867 3102 coa·

104 3122 246 3195 lueranct
264 3122 522 3209 {fflaeciznolss'
539 3121 744 3209 sslgiilifiwhe
772 3121 1244 3156 Konsistorial·Beschliisse
1274 3121 1516 3163 1572—1596,
1544 3121 1764 3161 Bonn1905,
1794 3121 1866 3163 13).
