2045 3471
241 212 326 253 522
728 208 829 242 1464.
858 207 1023 242 Canisius
1050 207 1083 242 8.
1102 206 1293 241 Francisco
1319 206 1361 239 de
1388 205 1528 249 Borgia.

238 331 394 383 postea
425 341 519 369 sum
551 341 808 381 progressus
839 327 1007 376 laetior,
1047 326 1160 379 quod
1191 326 1352 368 fratres
1384 324 1427 366 in
1459 327 1643 378 utroque
1673 323 1844 366 homine
1876 338 2005 366 sanos

240 396 284 436 et
315 393 359 434 in
392 392 533 435 officio
567 406 644 434 suo
677 392 845 434 alacres
878 391 1164 434 offendissem.
1208 390 1324 432 Satis
1355 390 1615 443 tranquillus
1648 391 1692 432 et
1723 390 1881 431 florens
1903 389 2005 430 mihi

239 458 413 501 uidetur
453 460 596 500 status
628 457 870 498 Rhenensis
903 456 1169 507 Prouinciae,
1213 455 1295 497 nisi
1336 455 1448 508 quod
1489 469 1568 497 sua
1600 454 1801 508 Collegijs
1840 454 2005 496 dotatio

239 523 354 566 desit
393 523 437 564 in
477 522 790 577 temporalibus
805 524 832 573 1,
876 523 921 564 et
952 521 1286 563 Francfordiae⁸
1327 520 1498 573 quidem
1529 534 1553 561 e
1585 520 1745 562 nostris
1778 519 1860 560 duo
1893 519 2006 560 diffi-

240 588 365 630 cilem
388 588 494 631 satis
518 601 694 642 operam
718 586 943 629 Canonicis
965 587 1050 628 illis
1071 586 1336 640 impendant,
1369 598 1509 638 neque
1530 598 1690 638 magna
1711 598 1811 638 spes
1837 584 2005 626 fructus

239 653 327 695 illic
351 655 563 707 appareat
594 651 832 706 spiritualis
845 653 873 695 2.
923 653 988 693 De
1009 651 1076 693 1110
1098 665 1214 702 uero,
1249 654 1292 693 01
1324 649 1581 704 praesertim
1605 650 1656 691 de
1680 648 2006 703 Herbipolensib

240 717 330 774 [e]t
362 717 555 772 Spirensi
587 717 790 771 Collegio,
832 717 879 760 P.
913 716 1196 758 Prouincialis
1228 715 1444 758 Antonius
1486 729 1564 756 sua
1603 714 1798 756 conferet
1829 713 2006 756 consilia

212 821 215 824 .
240 798 336 825 cum
369 783 414 825 P.
439 783 692 833 Visitatore,
727 796 853 836 quem
885 795 997 823 nunc
1029 781 1073 822 in
1104 781 1285 824 thermis
1318 780 1626 822 Leodiensibus
1657 779 1909 821 haerentem
1940 778 2006 820 in-

239 848 384 890 uisit3.
448 848 582 889 Potra
614 861 716 888 uero
750 847 802 888 de
834 846 922 888 suis
955 845 1284 888 difficultatibus
1316 845 1508 888 referent
1539 845 1594 887 ad
1618 845 1669 888 V.
1688 843 2005 886 Paternitatem

238 916 288 956 ut
319 912 482 955 rectius
514 912 658 954 omnia
690 911 1023 954 constituantur.

360 977 479 1028 Quod
497 978 551 1019 ad
573 978 749 1018 breuem
769 976 1108 1018 confutationem
1127 976 1426 1018 Centuriarum
1449 977 1632 1029 spectat,
1657 989 1785 1028 quam
1803 973 2008 1016 Pontifex

240 1043 457 1085 Maximus
490 1056 516 1084 a
547 1056 615 1084 me
639 1044 683 1084 et
705 1042 801 1096 alijs
822 1041 984 1084 nostris
1007 1041 1239 1094 Theologis
1270 1040 1464 1095 postulat
1477 1041 1506 1091 4,
1540 1054 1587 1082 re
1608 1042 1704 1082 tota
1727 1053 1823 1081 cum
1845 1039 2006 1081 nostris

241 1108 420 1158 collata,
463 1107 659 1160 intelligo
693 1107 957 1160 singularem
999 1107 1125 1148 huius
1164 1106 1328 1160 negotij
1370 1105 1684 1148 difficultatem.
1748 1104 2005 1158 Expectabo

239 1173 374 1226 igitur
413 1173 606 1215 iuditium
645 1172 931 1215 Paternitatis
970 1174 1087 1222 tuae,
1129 1175 1178 1214 ut
1218 1171 1379 1213 rectius
1419 1171 1570 1221 norim,
1613 1184 1668 1211 an
1709 1172 1753 1212 et
1794 1169 2005 1222 quomodo

241 1238 523 1280 Sanctissimo
556 1237 740 1279 Domino
772 1237 950 1288 Nostro,
993 1237 1062 1278 uel
1104 1236 1246 1290 potius
1286 1235 1591 1278 ζ1111101110011110
1632 1234 1849 1277 Cardinali
1881 1234 2006 1276 Com-

241 1304 467 1354 mendono,
502 1302 758 1345 satisfacere
790 1302 964 1357 possim.
1009 1302 1135 1344 Nunc
1157 1305 1328 1356 tempus
1354 1302 1433 1343 hoc
1454 1299 1648 1355 inprimis
1671 1313 1697 1341 a
1718 1313 1786 1341 me
1817 1298 2004 1352 flagitat,

241 1371 290 1411 ut
332 1368 595 1411 ordinariam
635 1368 862 1410 instituam
903 1367 1198 1410 uisitationem
1240 1366 1549 1419 Collegiorum,
1593 1367 1854 1419 excepturus
1894 1363 2005 1405 Con-

240 1433 454 1475 fessiones
495 1433 705 1483 omnium,
754 1435 798 1475 et
845 1432 970 1474 simul
1012 1432 1285 1474 renouationi
1332 1431 1504 1473 futurae
1545 1430 1783 1472 studiorum
1825 1429 2005 1471 daturus

241 1513 417 1553 operam
458 1498 761 1541 necessariam.
825 1497 1006 1540 Accedit
1046 1497 1159 1551 quod
1197 1496 1407 1550 Theologi
1447 1495 1584 1537 nostri
1626 1508 1792 1537 mecum
1833 1494 2005 1536 labores

240 1564 432 1606 habeant
464 1577 621 1616 graues
654 1566 698 1605 et
731 1562 971 1604 ordinarios
1003 1562 1045 1604 in
1076 1562 1266 1604 docendo
1300 1564 1344 1603 et
1367 1561 1673 1603 concionando.
1725 1559 1882 1601 Nullus
1913 1558 2005 1600 fere

241 1631 437 1672 nostrum
468 1628 511 1669 in
546 1628 751 1681 Historijs
784 1627 1103 1670 Ecclesiasticis
1135 1628 1205 1669 uel
1236 1627 1511 1668 mediocriter
1543 1628 1743 1667 uersatus
1776 1626 1855 1667 est.
1918 1624 2006 1665 De·

242 1698 345 1737 sunt
377 1694 431 1735 ad
463 1694 575 1735 hanc
607 1707 697 1735 rem
731 1693 1041 1735 conficiundam
1074 1692 1170 1734 libri
1194 1691 1442 1745 necessarij,
1476 1694 1519 1733 et
1550 1691 1611 1732 illi
1644 1703 1801 1744 magno
1833 1687 2005 1742 quidem

243 1758 424 1809 emendi,
458 1762 503 1801 et
534 1759 576 1799 in
611 1758 844 1800 Germania
876 1757 1105 1808 difficilius,
1139 1772 1267 1810 quam
1300 1757 1343 1798 in
1375 1756 1512 1799 Jtalia
1544 1755 1677 1809 uarijs
1710 1769 1732 1796 e
1764 1754 1869 1796 locis
1902 1767 2005 1795 con·
2033 1798 2036 1802 ,

244 1824 452 1878 quirendi.
506 1823 689 1865 Accedit
710 1823 984 1865 imbecillitas
1017 1836 1126 1872 mea,
1161 1836 1290 1875 quam
1323 1821 1581 1875 praesertim
1613 1823 1745 1872 auget
1768 1819 2005 1862 abhorrens

244 1904 270 1931 a
301 1889 457 1943 studijs
495 1888 613 1929 hisce
645 1887 917 1941 grauioribus
950 1887 1131 1937 animus,
1173 1890 1221 1928 ut
1254 1887 1326 1939 qui
1358 1885 1612 1928 Prouinciae
1643 1888 1819 1927 nostrae
1852 1886 1896 1926 et
1929 1897 2006 1924 ex-

242 1953 379 1996 ternis
422 1967 552 2008 saepe
590 1952 703 1994 curis
734 1953 862 1994 ualde
895 1952 1170 1994 distrahitur:
1212 1954 1304 1993 tum
1344 1951 1388 1992 in
1421 1950 1727 2005 componendo,
1770 1949 1841 1990 ubi
1874 1948 1926 1990 de
1958 1961 2005 1990 re

243 2019 369 2073 graui
401 2019 558 2072 agitur,
600 2032 803 2071 magnam
835 2017 937 2058 mihi
969 2017 1084 2071 parit
1119 2016 1362 2070 ingenium·
1395 2016 1713 2058 cunctationem
1747 2017 1792 2056 et
1823 2013 2004 2055 morosi-

242 2087 394 2127 tatem.
459 2084 693 2126 Praetereo
734 2082 838 2124 1111111
878 2082 1161 2124 laborandum
1195 2095 1289 2123 esse
1329 2081 1372 2122 in
1405 2080 1674 2124 Catechismo
1707 2080 1914 2129 Romano,
1957 2080 2005 2120 ut

244 2149 511 2202 corrigatur,
567 2148 678 2201 quod
730 2148 939 2189 hactenus
987 2147 1242 2189 Germanice
1293 2147 1448 2198 uertit,
1503 2148 1547 2188 et
1593 2145 1769 2186 uixdum
1817 2143 2004 2186 absoluit

243 2213 296 2257 D.
315 2214 474 2255 Paulus
487 2214 515 2264 5,
550 2216 598 2255 ut
630 2216 870 2255 correctum
902 2212 983 2253 hoc
1016 2226 1122 2266 opus
1155 2215 1198 2254 et
1232 2226 1257 2253 a
1288 2211 1434 2254 multis
1467 2209 1783 2252 desideratumd
1805 2208 2005 2261 Dilingae

244 2278 378 2333 Typis
422 2278 676 2321 excudatur.
739 2277 807 2319 Ad
850 2277 957 2319 haec
1002 2277 1115 2330 quod
1160 2291 1185 2318 a
1227 2276 1350 2318 nobis
1391 2276 1674 2325 desideratur,
1720 2274 1766 2316 P.
1802 2273 2005 2316 Onofrius

244 2345 445 2385 effectum
466 2344 557 2385 fere
574 2342 773 2396 reddidit,
798 2342 898 2394 quia
921 2342 1188 2396 conscriptos
1209 2341 1340 2383 habet
1361 2343 1452 2383 tres
1473 2341 1605 2382 libros
1628 2342 1778 2382 contra
1800 2339 2005 2381 authores

362 2424 389 2455 a)
411 2423 610 2449 Franfordiae
630 2424 709 2448 arch.
783 2422 814 2454 b)
835 2423 898 2447 Duo
918 2431 960 2447 vr.
980 2431 1039 2454 sqq.
1058 2423 1089 2447 in
1109 2423 1241 2453 margine
1261 2422 1365 2447 addita
1384 2424 1461 2447 sunt.
1528 2423 1554 2452 c)
1575 2422 1635 2445 Hoc
1654 2429 1677 2445 v.
1699 2428 1716 2445 α
1738 2422 1806 2445 Can.
1828 2420 1891 2450 Ipso
1909 2427 2001 2451 supra

243 2474 359 2491 verswn
379 2467 521 2497 scriptum
541 2469 591 2490 est.
665 2464 696 2496 d)
717 2466 753 2490 In
772 2465 851 2490 arch.
871 2467 1030 2489 correctum
1049 2472 1085 2489 ατ
1105 2463 1338 2490 dessideratum.

367 2561 375 2579 ¹
402 2559 454 2593 Ea
488 2560 673 2604 provincia
706 2559 795 2594 haee
829 2559 985 2593 habebat
1019 2558 1188 2602 collegia:
1225 2557 1445 2599 coloniense,
1481 2559 1707 2597 treverense,
1742 2554 2001 2598 moguntinum,

243 2624 416 2658 spirense.

363 2666 377 2686 2
402 2666 627 2700 Francofurti
662 2666 706 2700 ad
732 2666 898 2699 Moenum
934 2665 1107 2699 vivebant
1141 2664 1300 2699 canonici
1335 2664 1410 2697 fere
1437 2663 1481 2698 30
1515 2663 1610 2706 iique
1645 2673 1708 2706 per
1732 2663 1807 2694 tres
1833 2660 2004 2694 ecclesias

243 2719 451 2762 collegiales
476 2719 670 2760 distributi,
701 2718 924 2752 Dominicani
950 2718 1054 2759 6—8,
1081 2717 1294 2752 Gai-melitae
1320 2717 1423 2757 3-4,
1458 2715 1615 2750 familiae
1642 2714 1839 2748 catholicae
1864 2715 2004 2747 tantum

244 2772 319 2806 fere
345 2773 385 2810 ὃς
413 2772 542 2816 reliqui
560 2783 645 2806 vero
664 2772 700 2805 in
718 2771 903 2816 praeclara
920 2771 988 2805 hac
1005 2771 1189 2814 liberaque
1207 2770 1345 2814 imperii
1369 2770 1455 2804 urbe
1480 2767 1813 2813 protestantismum
1840 2766 2004 2800 colebant

248 2824 353 2869 (Epp.
368 2826 490 2859 Nadal
508 2825 559 2858 ΠΙ
578 2825 676 2867 392).
702 2826 732 2858 Α
749 2824 928 2859 800101010
946 2826 1067 2858 01110111
1082 2823 1357 2857 Francofurtum
1370 2825 1498 2865 rogatu
1514 2820 1661 2865 capituli
1680 2819 1713 2854 S.
1728 2819 2004 2859 Bartholomaei,

246 2878 339 2920 quod
365 2879 596 2923 praecipuum
615 2879 703 2918 erat,
730 2889 762 2912 a.
779 2878 869 2912 1566
887 2877 986 2911 missi
1006 2880 1109 2910 erant
1126 2876 1165 2910 P.
1181 2876 1315 2910 Paulus
1334 2875 1481 2909 Saurius
1507 2876 1543 2908 et
1560 2874 1615 2907 Fr.
1630 2873 1806 2906 Antonius
1825 2871 2005 2915 Hagensis

248 2930 471 2975 (Sacche'nus,
498 2931 591 2965 Hist.
611 2930 644 2965 8.
664 2931 696 2965 J.
723 2930 784 2971 III,
810 2930 832 2964 l.
852 2930 884 2971 2,
911 2942 944 2965 n.
963 2930 1045 2973 52);
1072 2929 1133 2974 qui
1159 2930 1195 2963 in
1220 2929 1342 2963 schola
1368 2928 1525 2962 eiusdem
1549 2926 1696 2971 capituli
1721 2926 1841 2970 pueris
1866 2926 1941 2959 fere
1959 2925 2004 2958 50

245 2983 516 3024 grammaticam
551 2987 587 3017 et
620 2983 861 3025 „rudimenta“
890 2983 1090 3023 tradebant,
1127 2994 1206 3016 cum
1233 2980 1476 3015 Dominicanis
1509 2982 1628 3013 autern
1663 2979 1780 3013 cibum
1816 2978 2004 3023 capiebant

248 3034 352 3078 (Epp.
380 3036 499 3068 Nadal
528 3036 577 3069 ΙΙΙ
604 3037 670 3070 391
698 3035 778 3070 488.
815 3036 933 3079 Dtchr,
960 3036 1033 3070 Jes.
1060 3035 1076 3068 Ι
1101 3035 1201 3077 412).

365 3086 378 3105 ³
403 3085 442 3120 P.
462 3087 703 3131 Hieronymus
727 3086 869 3121 Natalis
897 3099 942 3120 ex
968 3086 1095 3120 medici
1122 3085 1268 3120 consilio
1293 3097 1339 3119 m.
1366 3083 1455 3118 Iulio
1482 3085 1516 3117 et
1543 3084 1707 3125 Augusto
1733 3094 1763 3116 a.
1784 3082 1873 3116 1567
1900 3082 2004 3125 aquis

245 3136 415 3180 spadanis
443 3138 544 3182 (Spa)
572 3139 741 3173 utebatur
771 3139 874 3183 (Epp.
900 3140 1024 3172 Nadal
1049 3139 1100 3172 III
1126 3139 1194 3173 495
1222 3138 1319 3179 513).
1463 3138 1476 3157 4
1502 3136 1592 3170 Vide
1618 3146 1727 3179 supra
1752 3147 1785 3180 p.
1803 3134 2003 3169 480—481.

365 3190 379 3209 ⁵
405 3190 592 3232 Hoffaeus3
620 3191 663 3224 de
689 3192 756 3225 hac
781 3193 946 3225 versione
972 3192 1053 3225 vide
1079 3202 1189 3235 supra
1213 3202 1247 3235 p.
1267 3190 1334 3225 307
1361 3189 1430 3223 400
1456 3191 1493 3222 01
1518 3188 1611 3222 infra
1637 3199 1728 3222 mon.
1755 3188 1825 3222 litt.
1856 3187 1945 3231 (20).
