2045 3471
562 193 657 228 Mon.
678 195 745 229 776
771 195 849 228 sive
874 194 974 229 herb.
995 194 1086 238 (11).
1125 194 1159 230 2.
1177 195 1263 239 Apr.
1286 195 1386 230 1567.
1767 197 1851 239 705

92 311 276 354 Capitibus
309 312 522 344 visitationis
557 317 662 345 (antea
691 313 888 355 propositis
921 313 1070 356 theoloqz‘
1104 314 1306 346 etiamnunc
1329 317 1435 347 stant.
1491 313 1614 346 Thes-es
1644 314 1784 347 Cam'sii
1809 314 1853 346 ab

80 364 134 409 *iis
159 364 251 397 serio
278 365 531 406 expendentur.

830 441 956 484 Anno
994 443 1121 485 1567.

206 522 253 563 In
287 522 473 564 Consilio
506 523 828 574 Ecclesiastico,
863 524 942 565 Die
974 524 1175 578 Mercurij
1213 526 1266 567 .2.
1291 524 1453 579 Aprilis
1486 524 1529 566 in
1551 525 1679 566 Curia
1710 525 1852 567 Reue-

87 587 330 642 rendissimj
360 588 531 642 Dominj
565 588 767 642 Episcopj
800 588 1170 643 Herbipolensis1,
1203 590 1507 643 praesidente³
1539 590 1687 631 eodem
1713 590 1852 632 Reue-

86 652 355 703 rendissimO,
399 655 444 695 et
483 652 526 694 in
568 653 818 707 praesentia
859 653 1103 707 Reuerendj
1146 667 1196 695 ac
1238 653 1513 707 Celeberrimj
1556 654 1638 708 virj
1680 654 1850 709 Dominj

87 718 139 760 D.
162 717 281 771 Petrj
314 717 486 771 Canisij,
520 718 752 768 celebrato,
782 718 1067 772 ‚infrascripta
1098 721 1200 761 sunt
1230 721 1423 762 tractata
1454 719 1644 773 negotia.

205 788 270 830 De
301 788 443 830 forma
475 788 727 842 absoluendj
752 803 777 831 a
810 789 1047 842 Sententijs
1069 789 1247 831 Maioris
1280 793 1324 832 et
1345 789 1522 831 minoris
1544 790 1852 832 Excommuni-

87 852 303 895 cationis2
333 853 604 907 propositum
636 854 732 903 fuit,
766 853 871 895 Cum
904 856 1074 896 constet
1106 854 1223 896 hisce
1249 854 1516 909 temporibus
1537 855 1776 908 permultos
1808 855 1852 897 in

86 917 288 972 Diocesjb
329 917 654 972 Herbipolensi‚
696 918 924 972 jmperitos
972 919 1223 961 sacerdotes
1270 933 1474 973 praeesse
1521 919 1758 973 paroehijs‚
1808 923 1852 962 et

86 982 218 1024 alias⁰
250 997 395 1025 curam
429 996 581 1036 gerere
623 982 877 1033 animarum,
922 983 1174 1025 Timendum
1217 984 1406 1026 maxime
1438 984 1508 1035 sit,
1551 985 1663 1038 quod
1701 986 1743 1026 in
1776 985 1852 1027 ob-

86 1047 313 1089 seruandis
354 1047 526 1089 casibus
566 1047 802 1090 reseruatis
835 1048 1068 1102 Papalibus
1110 1051 1155 1090 et
1186 1049 1517 1103 Episcopalibus
1557 1049 1732 1091 minime
1764 1050 1852 1093 sint

85 1112 273 1166 solliciti,
306 1113 556 1166 nullumque
579 1113 777 1154 omninod
808 1113 850 1154 in
884 1113 1147 1155 absoluendo
1172 1113 1400 1156 discrimen
1433 1115 1635 1164 habeant,
1670 1117 1714 1157 et
1737 1114 1851 1156 circa

86 1177 371 1219 absolutionis
403 1177 625 1231 negotium
658 1177 701 1218 in
724 1177 878 1231 Maiorj
903 1181 947 1220 et
969 1178 1125 1232 Minorj
1150 1179 1597 1222 excommunicatione
1619 1179 1849 1233 plurimum

86 1242 350 1284 Confessarii
382 1246 565 1285 errente.

81 1303 83 1306 ¹
205 1313 327 1355 Circa
364 1314 444 1355 hoc
486 1327 590 1366 ergo
631 1314 852 1367 negotium
895 1315 1025 1368 salutj
1069 1314 1308 1356 animarum
1351 1328 1517 1356 summe
1557 1316 1849 1357 necessarium

85 1379 328 1421 consultum
362 1379 503 1421 visum
536 1378 631 1427 fuit,

202 1449 439 1503 Jmprimis,
473 1452 522 1492 vt
545 1449 672 1490 Vnica
704 1452 748 1491 et
780 1449 1017 1491 communis
1049 1449 1190 1492 forma
1222 1449 1472 1504 absoluendj
1506 1453 1596 1492 tani
1629 1450 1672 1491 in
1695 1450 1848 1505 Maiorj

84 1528 213 1567 quam
246 1514 378 1557 etiam
411 1514 565 1568 Minorj
600 1514 1060 1557 Excommunicatione
1098 1515 1227 1568 juxta
1259 1517 1567 1557 sacrosanctae
1600 1515 1849 1558 Catholicae

83 1582 128 1622 et
149 1579 430 1634 Apostolicae
452 1579 674 1621 Ecclesiae
706 1579 835 1621 ritum
869 1593 920 1621 ac
942 1579 1148 1629 ordinem,
1182 1593 1259 1633 per
1290 1582 1431 1622 totam
1453 1580 1667 1622 Diocesim
1692 1581 1849 1623 Herbi—

82 1644 326 1698 polensemf
344 1645 614 1687 obseruetur.
666 1644 725 1686 Et
745 1644 871 1685 licetg
893 1644 1101 1686 Dominus
1123 1645 1174 1686 D.
1199 1644 1393 1686 Canisius
1417 1648 1580 1688 certam
1607 1646 1849 1698 quandamh

83 1709 267 1751 formam
299 1709 627 1764 perscripserat,
663 1723 790 1762 quam
814 1709 856 1750 in
878 1709 1064 1751 medium
1086 1709 1366 1763 producebat,
1401 1709 1505 1751 Cum
1526 1712 1673 1752 tamen
1698 1711 1849 1752 eadem

83 1775 352 1817 solummodo
394 1775 630 1828 quadraret
670 1774 725 1815 ad
766 1774 1061 1816 absolutiones
1104 1773 1147 1816 ai
1190 1774 1417 1817 Sententia
1449 1774 1628 1817 Minoris
1661 1775 1849 1817 Excom-

82 1840 400 1890 municationis,
435 1839 605 1893 Dominj
631 1839 870 1892 Consiliarij
903 1839 1104 1892 legerunt
1135 1838 1343 1881 formulas
1376 1853 1432 1881 ex
1464 1840 1649 1893 quadam
1673 1841 1848 1894 Appen-

84 1905 177 1946 dice
208 1905 251 1946 in
284 1905 468 1959 Agenda
500 1903 803 1958 Herbipolensi
845 1904 1190 1957 comprehensas
1253 1904 1533 1947 Considerato
1576 1919 1693 1958 ergo,
1736 1906 1849 1958 quod

83 1970 141 2024 ibj
182 1970 426 2012 habeantur
468 1969 660 2023 distinctj
703 1969 815 2022 modj
859 1969 1108 2022 absoluendj
1152 1972 1242 2011 tam
1284 1984 1309 2011 a
1342 1969 1505 2011 Maiore
1547 1983 1675 2022 quam
1716 1970 1846 2012 etiam

83 2035 279 2077 Minorek
311 2033 784 2084 Excommunicatione,
828 2033 955 2075 simul
987 2033 1118 2075 etiam
1160 2034 1213 2075 ab
1246 2034 1596 2087 ergularstate,
1631 2048 1719 2076 vna
1752 2048 1846 2076 Cum

84 2099 391 2141 informatione
433 2098 685 2150 succincta¹‚
728 2098 916 2151 qualiter
956 2111 1052 2139 sese
1094 2098 1346 2152 confessarij
1391 2099 1507 2140 circa
1546 2099 1848 2141 Confessiones

85 2164 334 2215 audiendas
368 2167 412 2206 et
443 2164 487 2205 in
509 2163 688 2205 Casibus
719 2163 957 2205 reseruatis
990 2177 1153 2205 necnon
1188 2164 1438 2217 absoluendj
1462 2178 1555 2214 vsu,
1589 2178 1741 2216 gerere
1774 2165 1848 2206 de-

84 2230 228 2279 beant,
271 2229 392 2278 Quod
425 2229 582 2270 clarius
615 2231 659 2270 et
692 2228 936 2281 expeditius
968 2227 1203 2281 praescribi
1236 2228 1311 2269 vix
1343 2232 1502 2282 posset,
1537 2232 1586 2270 vt
1618 2243 1721 2282 ergo
1754 2229 1848 2270 vni-

83 2294 284 2336 formitas
324 2294 366 2335 in
407 2293 488 2335 hoc
528 2292 704 2346 negotio
746 2307 771 2334 a
813 2293 1018 2334 Parochis
1060 2295 1104 2334 et
1145 2292 1242 2347 alijs
1280 2293 1578 2336 Confessiones
1620 2294 1844 2344 audituris,

84 2363 295 2409 seruetur,
330 2359 630 2400 Aestimarunt
652 2357 823 2411 Dominj
862 2358 1068 2410 theologj,
1112 2358 1225 2399 haud
1258 2358 1409 2401 inutile
1441 2358 1547 2408 fore,
1582 2362 1630 2401 vt
1660 2359 1847 2401 Materia

83 2425 158 2466 illa
191 2424 243 2466 de
277 2423 527 2478 Appendice
569 2423 842 2473 extrahatur,
885 2425 930 2464 et
961 2436 1046 2463 vna
1079 2437 1175 2464 cum
1212 2423 1407 2466 articulis
1440 2437 1616 2465 casuum
1649 2437 1847 2466 reserua-

83 2493 226 2532 torum
270 2489 390 2542 prelo
435 2488 689 2530 excudenda
735 2488 881 2536 detur,
927 2487 1122 2528 omnibus
1166 2490 1210 2530 et
1254 2488 1435 2541 singulis
1476 2488 1759 2543 Confessarijs
1804 2490 1846 2531 in

204 2582 230 2612 a)
250 2580 454 2613 Herbipolen.¹
474 2579 619 2605 Praeside
639 2581 674 2604 R.
739 2578 769 2610 b)
792 2578 929 2604 Dioecesi
950 2580 984 2603 12¹.
1042 2581 1067 2609 υ)
1090 2580 1115 2603 R
1135 2580 1214 2603 haud
1236 2583 1326 2604 rer-te:
1347 2579 1432 2605 alios.
1489 2579 1517 2606 dt
1539 2580 1639 2606 omino
1661 2583 1694 2606 A.
1751 2582 1778 2611 e)
1800 2583 1845 2606 Ita

83 2623 115 2647 in
136 2624 161 2647 A
181 2631 199 2647 α
218 2623 362 2654 scriptore
382 2622 444 2653 ipso
464 2625 623 2646 correctum
644 2624 686 2645 est
715 2629 750 2645 es
777 2619 1012 2646 confundantur.
1094 2620 1121 2651 f)
1149 2620 1317 2646 Dioecesim
1344 2620 1531 2653 herbipolen.
1551 2623 1584 2646 R.
1658 2624 1688 2653 g)
1717 2622 1785 2648 hinc
1812 2624 1846 2649 lt.

84 2662 115 2694 h)
137 2662 287 2696 quandam
308 2662 422 2689 certam
442 2664 477 2687 R.
538 2662 558 2693 i)
581 2662 610 2687 in
632 2663 665 2687 12².
731 2661 761 2693 k)
783 2660 963 2687 absolvendi
984 2668 1000 2686 a
1022 2661 1134 2686 maiore
1155 2663 1246 2693 atquo
1267 2662 1358 2687 etiam
1381 2662 1496 2687 minore
1518 2664 1551 2687 R.
1609 2662 1628 2694 l)
1649 2664 1792 2689 succenta
1812 2666 1846 2689 R.

208 2800 216 2820 ¹
243 2798 413 2833 Friderici
441 2810 461 2831 a
487 2797 686 2841 Wirsberg.

204 2858 217 2878 2
243 2857 417 2899 Quoniam
444 2857 478 2890 in
507 2857 582 2901 ipso
608 2856 675 2890 hoc
701 2856 983 2890 consiliariorum
1012 2855 1337 2890 ecclesiasticorum
1357 2859 1534 2890 conventu
1555 2857 1593 2891 P.
1613 2859 1762 2892 Ioannis
1780 2860 1845 2892 1¹0-

83 2912 181 2944 lanci
211 2910 244 2945 S.
272 2911 304 2945 J.
336 2910 613 2952 „Direct01·ium“
652 2909 938 2943 commendatum
976 2911 1032 2942 cst
1070 2909 1130 2951 (cf.
1158 2909 1249 2942 infra
1286 2921 1316 2953 p.
1346 2909 1442 2952 706),
1477 2909 1567 2944 haec
1601 2922 1644 2944 ex
1681 2922 1720 2944 eo
1755 2911 1844 2946 libro

86 2964 269 2998 exscribo:
301 2963 652 3006 „Excommunicatio
679 2962 810 3007 duplex
838 2965 910 2996 est:
938 2963 1064 3003 minor,
1091 2965 1127 2995 et
1152 2963 1274 2996 maior.
1310 2962 1427 2996 Minor
1453 2963 1612 2997 exclusio
1639 2966 1695 2998 est
1720 2976 1740 2998 a
1767 2976 1844 3009 par-

84 3016 293 3061 ticipatione
328 3018 646 3055 sacramentorum,
682 3018 718 3049 et
743 3015 787 3049 ab
815 3015 988 3049 electione
1015 3015 1170 3059 passima,
1207 3016 1289 3057 quia
1325 3015 1517 3050 inhabilem
1544 3016 1632 3050 facit
1666 3017 1709 3051 ad
1737 3018 1844 3062 quod-

85 3080 224 3113 cunque
250 3069 462 3103 beneficium
489 3068 792 3108 Ecclesiasticum,
813 3071 879 3102 etc.
918 3068 1245 3102 Exconnnunicatio
1272 3069 1393 3109 maior,
1420 3069 1599 3113 separatio
1626 3073 1682 3103 est
1707 3082 1726 3104 a
1753 3083 1845 3105 com-

85 3122 252 3156 munione
278 3122 462 3156 Ecclesiae
490 3133 558 3165 quo
585 3121 629 3154 ad
656 3121 824 3160 fructum,
852 3121 884 3155 id
913 3123 978 3161 est,
1005 3123 1240 3161 sacramenta,
1277 3122 1448 3164 suffragia
1474 3122 1667 3165 generalia,
1704 3126 1739 3157 et
1766 3136 1843 3168 par-

86 3175 331 3219 ticipationem
358 3174 620 3219 spiritualium“
653 3174 785 3215 (Breve
812 3174 1061 3214 Directorium,
1086 3173 1235 3208 Lovanii
1267 3174 1365 3210 1576.
1393 3175 1417 3208 f.
1445 3175 1560 3218 Ellb).

158 3238 464 3271 Braunsberger.
485 3237 597 3264 Canisii
618 3237 771 3271 Epistulae
792 3238 823 3263 et
841 3238 926 3264 Acta.
952 3237 987 3263 V.
1515 3235 1558 3268 45
