2045 3471
208 188 292 229 450
678 184 778 218 1435.
807 183 972 218 Canisius
998 183 1031 218 S.
1051 183 1241 218 Francisco
1267 183 1310 217 de
1335 183 1477 227 Borgia.

325 305 388 345 De
421 302 609 356 Collegio
639 302 941 357 Herbipolensi
973 316 1058 345 non
1090 302 1359 357 respondebo
1393 301 1522 352 aliud,
1556 301 1637 343 nisi
1670 302 1782 355 quod
1814 301 1966 356 scripsi

207 383 275 411 me
315 370 529 411 staturum
572 367 724 409 iuditio
758 367 803 410 P.
828 367 876 411 T.
910 367 1023 420 quod
1061 369 1161 422 post
1201 370 1404 422 acceptas
1437 366 1483 408 P.
1506 366 1681 408 Natalis
1721 366 1872 409 literas
1914 366 1966 408 de

208 434 288 476 hoc
321 435 413 475 toto
447 431 622 485 negotio
663 431 760 474 fuse
802 431 1063 475 disserentes
1096 432 1235 474 uisum
1268 436 1336 475 est
1377 433 1612 485 expectare
1625 433 1652 482 1,
1694 430 1964 485 praesertim,

206 500 254 540 ut
296 497 521 539 societatis
562 499 738 539 nostrae
779 496 944 547 honori,
988 499 1032 539 et
1063 496 1286 539 Ecclesiae
1318 496 1670 550 Herbipolensis³
1701 495 1965 546 necessitati,

205 577 256 605 ac
287 561 419 605 etiam
442 562 646 616 Episcopi
668 561 996 616 Herbipolensis
1011 563 1027 589 2
1048 561 1291 603 infirmitati
1312 561 1474 603 rectius
1497 562 1759 603 consulatur.
1808 561 1967 602 Postea

207 626 329 669 cumb
361 626 575 681 Episcopo
610 640 700 668 rem
742 627 805 669 ita
838 627 1129 681 expediemus,
1173 626 1285 668 sicut
1325 625 1654 680 praescripserit
1686 626 1736 668 R.
1760 626 1807 668 T.
1837 625 1967 667 misso

207 692 260 734 ad
282 691 402 733 illum
425 691 613 734 fortasse
636 692 681 734 P.
706 691 988 733 Raibenstein
1001 692 1029 742 3,
1064 691 1133 744 qui
1158 704 1302 733 coram
1327 693 1518 745 exponat
1544 691 1596 732 de
1619 690 1966 745 obligationibus,

206 755 518 798 Concionatore
550 758 595 798 et
626 756 846 809 Theologo
881 758 925 798 et
957 755 1176 798 Classibus
1208 756 1379 797 demum
1420 755 1501 797 hoc
1534 769 1646 797 anno
1678 754 1967 798 instituendis

206 821 392 863 Dubium
424 820 598 863 interim
638 820 760 862 nobis
792 823 953 871 manet,
996 821 1053 864 sit
1085 834 1138 862 ne
1179 821 1440 874 probaturus
1480 819 1554 861 ille
1595 823 1746 862 nostra
1778 818 1966 869 consilia,

208 900 303 928 cum
335 886 404 927 uel
437 886 625 927 maxime
658 888 828 939 urgeat,
872 885 1227 928 Concionatorem
1261 885 1613 927 Cathedraticum
1656 888 1701 927 et
1741 887 1888 939 aptum
1925 884 1968 926 in

206 950 368 992 maiore
409 950 606 992 Ecclesia
655 950 736 992 sibi
781 964 806 992 a
850 950 973 992 nobis
1020 953 1230 1004 perpetuo
1276 950 1381 992 dari.
1446 950 1607 991 Verum
1656 949 1826 991 diuinae
1869 963 1968 1003 pro-

206 1015 426 1057 uidentiae
459 1018 503 1057 et
535 1015 580 1058 P.
606 1015 725 1057 Tuae
758 1015 1068 1058 committimus
1101 1015 1255 1057 omnia.

326 1080 458 1122 Venit
489 1080 543 1122 ad
576 1094 655 1122 nos
686 1080 1000 1123 nudiustertius
1032 1080 1089 1122 M.
1114 1080 1274 1122 Paulus
1306 1079 1603 1130 Bononiensis,
1637 1079 1738 1132 quia
1769 1079 1895 1121 tarde
1926 1079 1970 1120 in

207 1145 278 1187 uia
318 1159 574 1199 progressus
615 1148 681 1188 est
712 1146 905 1199 Legatus
938 1144 1188 1195 Bauaricus,
1232 1144 1284 1186 de
1318 1144 1438 1186 cuius
1478 1143 1643 1198 pietate
1684 1143 1894 1197 singulari
1926 1146 1970 1185 et

209 1224 314 1263 erga
345 1213 518 1253 nostros
551 1210 854 1253 beneuolentia
886 1210 1009 1251 nobis
1041 1210 1178 1252 multa
1210 1208 1433 1251 nunciauit
1446 1210 1474 1251 4.
1528 1208 1658 1251 Faxit
1680 1208 1887 1259 Christ-us,
1920 1210 1969 1250 ut

206 1274 319 1316 idem
363 1275 419 1317 M.
452 1274 612 1316 Paulus
657 1274 951 1329 expectationi
996 1274 1040 1316 P.
1073 1276 1248 1316 uestrae
1293 1276 1336 1315 et
1380 1276 1557 1316 nostrae
1598 1273 1706 1316 satis
1747 1273 1883 1315 faciat
1925 1272 1969 1314 in

206 1353 382 1381 munere
414 1340 657 1393 profitendi,
701 1354 796 1381 cum
830 1339 976 1381 uarias
1017 1339 1109 1393 ipse
1143 1338 1424 1380 difficultates
1456 1352 1511 1379 ex
1551 1340 1676 1392 parte
1708 1337 1969 1379 ualetudinis

208 1406 252 1446 et
282 1404 525 1458 imperitiae
557 1418 633 1446 seu
655 1404 999 1458 inexperientiae
1032 1403 1215 1446 adferat.
1270 1403 1400 1444 Esset
1422 1402 1581 1455 alioqui
1602 1402 1726 1444 nobis
1756 1402 1800 1443 in
1823 1401 1970 1444 Classe

207 1468 350 1522 logica
381 1469 653 1511 necessarius
685 1469 979 1512 uehementer.

327 1534 402 1576 Cui
435 1534 496 1576 rei
520 1549 696 1577 causam
728 1535 911 1588 praebet
933 1534 990 1576 M.
1015 1533 1190 1576 Simon5
1211 1532 1476 1583 Leodiensis‚
1511 1532 1582 1585 qui
1604 1532 1720 1574 intra
1743 1532 1835 1573 dies
1857 1533 1968 1582 octo,

209 1612 304 1640 cum
338 1601 454 1641 esset
480 1599 669 1641 eiusdem
694 1599 853 1641 Classis
885 1600 1034 1649 lector,
1070 1612 1125 1640 ex
1156 1598 1236 1640 hoc
1260 1597 1458 1640 discessit
1479 1597 1683 1651 Collegio‚
1718 1597 1772 1639 ad
1793 1597 1969 1639 Patrem

213 1663 529 1706 Visitatorem6
560 1665 725 1715 uolens,
766 1668 815 1707 ut
847 1664 1005 1715 aiebat,
1047 1662 1274 1718 proficisci,
1318 1676 1504 1715 suasque
1537 1676 1633 1704 cum
1673 1662 1745 1703 1110
1779 1661 1969 1704 rationes

210 1728 417 1771 conferre.
472 1727 690 1783 Vis[um]⁰
722 1732 789 1771 est
830 1732 974 1772 autem
1016 1729 1141 1770 huius
1183 1728 1360 1781 Collegij
1394 1727 1595 1769 Patribus
1637 1730 1681 1769 et
1722 1727 1838 1776 mihi,
1883 1740 1967 1768 non

209 1807 304 1836 esse
345 1793 615 1836 retinendum
656 1794 776 1836 illum
817 1794 1018 1844 inuitum,
1061 1793 1137 1835 sed
1177 1791 1308 1847 ta[m]
1352 1792 1415 1834 1111
1457 1792 1551 1846 ipsi,
1591 1805 1718 1845 quam
1761 1791 1856 1844 alijs
1889 1791 1968 1832 1100

208 1859 302 1900 1000
344 1858 552 1900 fratribus
594 1859 836 1913 expedired,
879 1862 927 1901 ut
968 1872 1046 1912 pro
1088 1871 1165 1899 suo
1206 1860 1308 1900 uoto
1342 1857 1461 1898 abire
1493 1856 1719 1898 sineretur.
1784 1855 1876 1905 Qua
1916 1856 1969 1897 de

210 1937 257 1965 re
289 1923 389 1965 alibi
420 1924 558 1977 plura.
1807 1937 1811 1941 ·

326 1988 614 2031 Jncolumitas
645 1987 795 2030 fratris
817 1987 902 2030 mei
924 1988 975 2030 D.
999 1986 1254 2029 Theodorici
1277 1989 1344 2029 est
1365 1986 1469 2027 mihi
1491 1986 1644 2029 merito
1673 1986 1824 2036 cordi⁶‚
1858 1985 1970 2027 sicut

209 2053 256 2097 P.
279 2056 356 2096 tua
387 2058 547 2104 monet,
581 2067 677 2094 cum
700 2052 833 2095 sciam
856 2052 970 2094 illius
993 2051 1284 2106 praesentiam
1317 2051 1528 2093 hactenus
1550 2065 1635 2092 non
1668 2051 1804 2093 solum
1837 2049 1969 2104 uarijs

211 2118 425 2172 CoHegijs,
467 2118 543 2159 sed
576 2117 705 2160 etiam
738 2117 835 2159 huic
867 2117 950 2160 toti
981 2116 1236 2158 Prouinciae
1270 2119 1313 2158 et
1346 2115 1553 2158 Societati
1594 2129 1752 2169 magno
1794 2114 1888 2157 usui
1925 2117 1969 2157 et

210 2186 463 2225 ornamento
496 2182 642 2225 fuisse.
692 2182 841 2235 Pergit
874 2185 1019 2224 autem
1052 2181 1146 2223 illef
1174 2178 1449 2235 langu[ere]g
1471 2183 1515 2223 et
1537 2181 1606 2222 uel
1628 2180 1683 2222 ad
1714 2179 1926 2222 hecticam
1938 2184 1967 2230 ¹¹,

329 2269 355 2300 a)
375 2268 588 2301 Herbipolensi
616 2270 649 2293 Α.
741 2267 770 2298 b)
799 2269 858 2293 Hoc
886 2276 908 2293 ι’.
929 2276 1022 2299 supra
1048 2276 1163 2292 versum
1188 2268 1330 2299 scriptum
1356 2270 1406 2292 est.
1498 2268 1523 2299 e)
1553 2268 1629 2297 Quae
1656 2267 1701 2291 hic
1727 2269 1753 2291 et
1779 2267 1861 2297 infra
1889 2266 1970 2291 uncis

210 2311 364 2343 quadratis
382 2314 542 2335 cernuntur
561 2311 684 2341 inclusa,
703 2311 839 2341 suppleta
857 2313 925 2334 sunt
946 2310 1018 2337 (nisi
1037 2310 1120 2334 aliud
1136 2310 1262 2339 notetur)
1277 2317 1312 2333 ea:
1326 2310 1347 2333 C
1360 2312 1454 2340 atque,
1468 2309 1635 2340 incipiendo
1648 2309 1683 2333 ab
1699 2307 1858 2333 absolutus
1873 2308 1969 2338 (infra

206 2361 237 2384 p.
251 2351 336 2383 4521‘),
356 2353 443 2377 etiam
463 2359 498 2376 eat
517 2353 562 2382 B;
588 2352 618 2376 iu
637 2352 673 2383 A,
693 2352 762 2383 quia
784 2352 812 2376 in
833 2352 971 2376 extremis
990 2351 1141 2382 archetypi
1161 2351 1292 2375 versibus
1307 2351 1407 2382 posita
1426 2353 1503 2380 sunt,
1518 2350 1746 2381 photoyraphice
1765 2349 1893 2380 estprimi
1914 2357 1969 2373 nou

207 2396 351 2425 poterant.
443 2392 472 2423 d)
500 2393 638 2424 Sequitur
663 2391 852 2425 putantibus,
878 2393 1083 2417 oblitteratum.
1167 2392 1194 2422 e)
1224 2392 1366 2422 Quattuor
1392 2399 1434 2416 vv.
1460 2399 1518 2422 sqq.
1545 2399 1636 2422 supra
1664 2398 1736 2415 vers.
1756 2391 1866 2421 scripta
1891 2394 1967 2415 sunt.

212 2434 239 2463 f)
262 2435 399 2466 Sequitur
419 2434 470 2465 sie,
491 2435 581 2459 oblitt.
646 2435 674 2465 g)
696 2434 834 2465 Sequitur
852 2433 887 2458 ut
909 2434 950 2458 vel
970 2434 1011 2464 at,
1032 2434 1120 2458 oblitt.
1194 2433 1225 2463 h)
1247 2434 1293 2457 Ita
1310 2433 1339 2457 in.
1354 2433 1378 2457 A
1393 2435 1551 2457 correctum
1566 2435 1607 2456 est
1621 2439 1656 2456 ex
1670 2430 1765 2456 aetina
1780 2432 1822 2456 rel
1835 2431 1894 2455 alio
1908 2439 1932 2455 v.

336 2530 344 2548 ¹
370 2528 461 2562 Vide
479 2540 587 2573 supra
613 2541 646 2573 p.
665 2528 734 2562 428
760 2529 840 2562 441.
963 2529 975 2548 2
1002 2528 1172 2561 Friderici
1190 2538 1211 2561 a
1230 2527 1430 2570 lVirsberg.
1552 2527 1564 2545 ³
1590 2526 1721 2559 loanne
1738 2525 1966 2560 R-abenstein.

330 2584 343 2602 4
369 2581 419 2615 Dr
445 2582 595 2615 Ioannes
620 2581 753 2615 Pfister
779 2581 998 2615 cathedralis
1025 2581 1198 2615 ecclesiae
1224 2579 1452 2623 frisingensis
1470 2579 1671 2619 0000010115,
1699 2579 1742 2611 ab
1761 2578 1906 2612 Alberto
1925 2578 1966 2612 V.

211 2635 387 2668 Bavariae
413 2635 501 2668 duce
528 2634 571 2668 ad
599 2634 632 2669 S.
660 2634 763 2668 Pium
783 2634 825 2668 V.
853 2634 996 2677 legatus
1025 2633 1123 2675 (vide
1149 2644 1258 2678 supra
1284 2645 1316 2677 p.
1337 2633 1433 2676 392).
1460 2635 1602 2676 praeter
1628 2631 1684 2665 Fr.
1704 2631 1854 2664 Paulum
1874 2631 1967 2674 Veg-

212 2688 317 2729 giano
343 2687 602 2732 philosophiam
623 2687 789 2730 Dilingae
807 2687 931 2721 docere
951 2687 1087 2720 iussum
1116 2686 1214 2729 (vide
1240 2697 1349 2730 supra
1374 2697 1407 2729 p.
1427 2685 1494 2719 392
1521 2684 1605 2727 424)
1626 2683 1737 2717 Roma
1763 2695 1882 2717 secum
1910 2684 1968 2718 ab·

213 2741 364 2774 duxerat
388 2741 496 2774 etiam
522 2741 593 2774 PP.
612 2740 842 2774 Franciscum
866 2741 1020 2774 Antonio
1048 2742 1083 2774 et
1109 2739 1344 2773 Bertrandum
1373 2738 1415 2772 de
1443 2737 1577 2778 Cetina,
1597 2736 1630 2770 S.
1651 2737 1694 2777 J.‚
1722 2737 1967 2771 Vindobonam

213 2793 426 2833 destinatos;
465 2794 521 2827 his
548 2794 723 2827 Polaucus
758 2793 926 2826 *litteras
962 2793 1160 2827 tradiderat
1186 2793 1297 2826 Roma
1333 2792 1364 2825 5.
1391 2790 1514 2824 Martii
1542 2790 1630 2824 1567
1666 2789 1710 2823 ad
1737 2789 1967 2833 collegiorum

214 2845 412 2879 italicorum
446 2848 602 2880 rectores
638 2847 751 2887 datas,
787 2847 823 2879 in
859 2846 987 2890 quibus
1014 2846 1145 2879 Pfister
1179 2848 1330 2879 vocatur
1370 2843 1525 2886 „grande
1560 2843 1674 2876 amico
1709 2845 1744 2875 et
1779 2843 1906 2876 deuoto
1932 2842 1965 2875 di

215 2900 336 2932 nostra
362 2899 580 2943 Compagnia
607 2901 642 2933 et
667 2899 701 2933 al
729 2899 833 2943 quale
859 2899 901 2934 N.
921 2898 1037 2932 Padre
1064 2898 1227 2932 desidera
1253 2897 1306 2931 sia
1331 2897 1424 2930 satta
1451 2895 1531 2939 ogni
1559 2895 1717 2938 gratiosa
1743 2894 1968 2937 accoglienza

216 2952 251 2982 et
285 2951 434 2984 seruicio
470 2953 504 2985 in
540 2952 658 2995 quello
694 2952 758 2986 che
793 2952 982 2992 occorre“;
1018 2952 1126 2985 etiam
1153 2951 1192 2984 P.
1218 2950 1366 2984 Nicolao
1403 2948 1534 2982 Lanoio
1569 2947 1697 2981 rectori
1733 2948 1967 2992 oenipontano

216 3003 366 3045 Borqz'as
400 3004 701 3046 *commend-avit,
735 3007 775 3038 ut
800 3005 953 3039 Pfistero
993 3006 1108 3046 „tutto
1144 3003 1169 3037 il
1195 3003 1346 3037 seruicio
1373 3004 1408 3035 et
1433 3001 1600 3035 charezze
1627 2999 1691 3034 che
1717 3001 1838 3044 potra“
1868 3010 1966 3043 prae-

215 3057 328 3088 staret
357 3055 416 3096 (ex
443 3057 658 3100 apographis
685 3058 796 3091 eiusd.
822 3060 929 3102 temp.
961 3057 1100 3100 „Gernr
1127 3057 1190 3090 65“
1221 3056 1245 3089 f.
1272 3055 1386 3098 235b).

335 3108 346 3125 ⁵
372 3107 577 3143 Damerius:
605 3110 687 3143 vide
714 3122 823 3154 supra
848 3122 882 3155 p.
909 3111 991 3144 442.

335 3160 347 3177 ⁴⁶·
374 3160 627 3203 Hieronymum
654 3162 830 3203 Natalem,
857 3162 1024 3196 Treveris
1049 3164 1272 3201 versantem3
1301 3160 1382 3194 vide
1407 3170 1514 3203 supra
1540 3170 1574 3202 p.
1593 3158 1678 3192 4382
1703 3159 1783 3192 448.
