2077 3461
643 209 688 244 ΙΙ.
716 209 942 244 Prooemium
967 208 1160 242 voluminis
1186 208 1312 252 quinti.
1750 207 1856 239 XXXI

101 327 247 361 Romam
282 330 469 363 venerunt.
529 328 760 373 praepositus
794 326 974 371 generalis
1008 326 1144 361 electus
1179 329 1233 360 est
1267 325 1344 370 ipse
1379 325 1532 360 Sanctus
1567 324 1780 360 Franciscus
1814 323 1857 357 de

102 380 243 423 Borgia.
292 380 477 415 Meliorem
515 380 600 424 eligi
634 392 704 415 non
737 380 896 425 potuisse
930 379 1017 414 Pius
1042 379 1104 413 IV.
1130 379 1221 413 dixit
1258 378 1372 421 (738).
1423 378 1624 413 Cardinalis
1659 376 1858 411 Truchsess

101 433 224 467 nuntio
258 436 406 479 accepto
440 433 607 477 Dilingae
640 434 690 468 Te
716 433 830 468 Deum
865 432 1028 467 cantavit
1055 432 1146 476 (87).
1194 431 1395 476 Praecipua
1429 431 1534 466 huius
1569 429 1859 474 congregationis

101 486 243 521 decreta
269 486 484 531 aliquotiens
509 487 608 532 typis
635 488 817 531 exscripta
835 489 930 521 sunt.
969 485 1046 520 Hoc
1062 487 1204 520 tantum
1222 496 1477 519 commemoro:
1506 483 1706 519 Cardinalis
1723 482 1857 517 Truch-

99 550 176 573 sess
202 541 238 573 et
262 551 327 584 per
351 539 492 574 litteras
518 542 555 573 et
579 551 642 585 per
668 539 849 575 Canisium
868 539 1058 574 Societatis
1083 538 1305 573 sacerdotem
1331 538 1445 583 petiit,
1471 537 1532 582 qui
1557 537 1625 572 sibi
1649 535 1856 579 theologum

99 595 136 626 et
159 592 417 627 confessarium
435 594 570 636 ageret,
596 593 689 627 domi
715 604 802 627 suae
826 592 1018 633 habitaret,
1043 603 1083 626 se
1100 591 1169 626 iter
1193 591 1385 626 facientem
1404 591 1652 630 comitaretur;
1679 590 1857 624 statutum

99 648 155 679 est
171 647 307 686 contra,
332 648 373 680 ut
390 645 482 680 Socii
507 646 543 680 in
562 646 725 688 collegiis
743 645 935 680 Societatis
952 645 1159 680 habitarent
1175 656 1267 679 neve
1285 644 1387 678 aulas
1404 644 1603 688 principum
1621 644 1859 687 sequerentur

97 699 166 733 nisi
201 699 244 733 ad
280 699 371 733 1—2
397 710 540 733 menses
577 699 733 741 (93—94
759 699 855 743 759).
906 698 1110 733 Novissime
1144 701 1265 732 autem
1299 697 1576 732 commentarius
1609 695 1743 730 Canisii
1778 705 1856 738 gra—

98 752 268 786 vissimus
292 754 458 797 repertus
491 754 564 794 est,
599 763 703 797 quem
740 751 1010 796 congregationi
1033 751 1116 786 huic
1147 751 1319 785 traditum
1346 761 1425 785 esse
1450 749 1556 784 valde
1581 748 1764 794 probabile
1790 750 1858 782 est.

99 804 263 840 Canisius
297 805 333 840 in
359 805 587 840 Germaniam
624 805 814 840 Societatis
847 805 1010 840 homines
1043 805 1138 839 mitti
1172 816 1242 839 non
1278 803 1408 838 debere
1442 803 1493 838 ait
1526 802 1596 837 nisi
1627 812 1734 836 sanos
1760 803 1796 835 et
1821 801 1855 835 in

98 859 231 893 virtute
257 858 425 903 probatos
445 858 637 903 (78-79);
663 858 767 893 valde
793 860 904 903 optat,
930 861 971 892 ut
995 858 1187 892 mittantur
1212 857 1377 900 magistri
1402 856 1535 891 litteris
1561 855 1700 898 graecis
1727 856 1761 888 et
1788 853 1858 888 arti

97 911 272 946 oratoriae
297 912 481 946 tradendis
507 923 615 956 quam
640 911 838 956 aptissimi;
872 923 989 956 neque
1023 911 1117 945 enim
1143 911 1334 955 quisquam
1368 911 1404 944 in
1431 909 1624 945 Germania
1655 908 1734 953 plus
1758 907 1858 941 valet

98 976 205 1009 quam
231 965 288 999 vir
312 965 481 1010 eloquens
510 964 600 1010 (79).
652 964 763 999 Sociis
792 965 949 999 romanis
975 976 1083 998 curae
1108 964 1173 1005 sit,
1208 967 1249 998 ut
1278 963 1457 1008 pontificis
1491 966 1528 997 et
1561 960 1795 996 cardinalium
1821 960 1858 994 in

98 1017 294 1053 Germanos
319 1018 605 1053 benevolentiam
632 1018 731 1053 alant
756 1029 798 1052 ac
823 1018 971 1052 foveant
990 1017 1175 1061 (79—80).
1217 1017 1420 1062 Praepositi
1443 1014 1675 1062 provincialis
1701 1013 1857 1048 officium

97 1083 140 1105 ne
167 1071 372 1106 conferatur
388 1071 457 1106 nisi
484 1072 519 1106 in
538 1083 598 1106 eos
624 1072 685 1116 qui
711 1071 791 1106 aliis
817 1071 972 1115 negotiis
989 1082 1058 1105 non
1085 1070 1327 1115 impediuntur
1346 1070 1437 1113 (80).
1471 1068 1671 1114 Praepositi
1697 1067 1858 1101 modeste

97 1127 133 1159 et
158 1127 319 1159 amanter
345 1136 424 1159 cum
452 1125 641 1159 Germanis
676 1127 712 1159 et
746 1124 814 1170 ipsi
839 1127 951 1168 agant
985 1126 1021 1158 et
1055 1124 1317 1158 contionatores
1348 1122 1576 1167 reliquosque
1602 1121 1723 1156 Socios
1750 1131 1857 1163 agere

97 1177 242 1212 iubeant
279 1178 368 1221 (80).
426 1177 526 1213 Neve
561 1178 680 1223 palam
714 1189 806 1212 neve
839 1177 1010 1223 privatim
1048 1177 1248 1211 haereticos
1286 1176 1514 1219 „nominatim
1550 1175 1741 1218 odioseque
1779 1184 1854 1218 per-

96 1231 316 1275 st1·ingant“;
343 1231 502 1266 Societas
529 1231 621 1265 enim
648 1231 908 1266 Germanorum
938 1230 1110 1274 „ingeniis
1135 1241 1174 1264 se
1200 1229 1486 1264 accommodare‘
1517 1228 1624 1262 debet
1649 1230 1685 1261 et
1702 1226 1855 1261 multum

96 1295 242 1325 cavere,
277 1296 321 1318 ne
356 1284 497 1319 clericis
531 1284 590 1318 vel
623 1284 803 1328 religiosis
836 1284 1023 1318 videamur
1058 1294 1138 1317 esse
1168 1284 1393 1325 „censores·‘;
1432 1293 1476 1316 ne
1511 1282 1554 1315 de
1579 1280 1685 1315 malis
1710 1279 1854 1324 quidem

96 1336 268 1382 praelatis
306 1337 404 1380 „sive
429 1337 613 1372 monachis
647 1337 865 1372 iudicemus“
895 1337 955 1371 vel
990 1335 1244 1371 contumeliose
1279 1336 1475 1380 quidquam
1509 1334 1688 1374 dicamus;
1727 1333 1854 1375 ,immo

95 1390 214 1435 potius
238 1390 379 1425 illorum
406 1391 659 1425 authoritatem
696 1393 731 1425 et
759 1391 948 1432 honorem,
984 1390 1100 1434 quoad
1133 1389 1209 1424 eius
1235 1389 1312 1423 fieri
1337 1391 1466 1434 potest,
1493 1390 1661 1422 accurate
1687 1385 1852 1420 defenda-

96 1454 193 1484 mus,
228 1447 268 1478 ut
301 1446 443 1478 nostros
477 1456 556 1479 esse
591 1445 710 1489 potius
744 1445 878 1479 amicos
912 1446 948 1478 et
982 1444 1163 1485 fautores,
1199 1454 1306 1487 quam
1338 1443 1591 1476 reformatores
1616 1451 1657 1474 ac
1683 1438 1853 1481 aemulos,

99 1497 335 1531 a1·bitrentur“
368 1498 457 1540 (81).

214 1550 499 1594 congregatione
517 1550 634 1586 soluta
652 1551 917 1585 Franciscus
936 1550 1120 1594 Borgias
1139 1548 1328 1584 Societatis
1346 1548 1537 1582 universae
1555 1557 1677 1581 curam
1700 1545 1851 1580 sustine-

95 1603 168 1638 bat.
202 1603 313 1638 Vides
339 1615 419 1638 eum
437 1615 543 1649 saepe
562 1604 727 1649 epistulis
744 1603 811 1638 soli
830 1604 972 1639 Canisio
993 1603 1184 1638 destinatis
1202 1602 1342 1636 litteras
1359 1601 1521 1647 pluribus
1539 1599 1598 1634 vel
1616 1600 1725 1633 etiam
1744 1598 1851 1633 omni-

92 1656 158 1690 bus
183 1656 463 1701 provincialibus
488 1657 547 1691 vel
572 1657 817 1702 superioribus
838 1657 1083 1699 „communes“
1106 1655 1371 1698 adiungentem.
1410 1653 1600 1688 Societatis
1627 1651 1852 1696 „scholastici

93 1710 298 1754 approbati*
328 1710 504 1745 conscribi
529 1711 643 1754 (511),
670 1711 705 1745 in
731 1710 884 1754 singulis
909 1710 1072 1754 collegiis
1102 1709 1302 1752 „Historiae
1329 1708 1473 1742 domus“
1497 1707 1532 1740 in
1558 1718 1666 1740 unum
1694 1705 1852 1740 codicem

93 1763 230 1803 referri,
256 1764 447 1803 asservari,
474 1765 673 1798 continuari
695 1764 794 1808 (376)
821 1764 1006 1804 iubentur;
1034 1764 1265 1797 monumenta
1291 1773 1409 1796 rerum
1435 1761 1479 1794 ab
1506 1760 1645 1803 ignatio
1663 1759 1852 1794 Societatis

92 1816 281 1850 fundatore
307 1820 491 1860 gestarum
517 1817 674 1862 undique
701 1817 935 1861 colliguntur;
966 1817 1073 1851 huius
1099 1816 1192 1850 enim
1220 1816 1295 1849 vita
1322 1827 1342 1849 a
1368 1815 1475 1848 Petro
1502 1813 1741 1848 Ribadeneira
1766 1813 1852 1846 scri·

94 1869 190 1904 bitur
218 1870 317 1914 (510)
329 1884 337 1912 ;
371 1871 518 1914 regulae
557 1872 816 1913 „communes“,
848 1869 1096 1915 provincialis,
1134 1869 1302 1911 rectoris,
1336 1867 1511 1908 ministri,
1547 1879 1567 1901 a
1594 1866 1726 1910 Borgia
1751 1866 1849 1900 iussu

94 1924 382 1966 congregationis
400 1924 579 1967 generalis
597 1925 804 1968 recognitae
823 1927 857 1958 et
876 1925 1093 1962 contractae,
1120 1924 1313 1956 mittuntur
1333 1922 1416 1966 (285
1436 1921 1504 1955 342
1522 1921 1641 1963 455⁴);
1667 1920 1851 1960 statuitur,

94 1978 133 2010 ut
167 1977 212 2010 ad
241 1980 527 2021 „procuratorem
561 1978 786 2021 generalem“
815 1979 851 2012 et
886 1977 929 2011 ad
967 1977 1223 2020 „advocatuni“
1253 1976 1386 2010 Romae
1420 1974 1676 2009 sustentandos
1706 1985 1751 2007 ex
1777 1975 1852 2006 tota

95 2029 272 2064 Societate
306 2031 478 2076 pecuniae
513 2031 785 2065 contribuantur
812 2030 926 2074 (397),
962 2033 998 2064 et
1031 2033 1071 2064 ut
1105 2029 1310 2074 provinciae
1340 2027 1505 2071 singulae
1540 2027 1607 2061 sibi
1632 2026 1854 2072 prospiciant

94 2083 137 2117 de
162 2083 292 2128 aliquo,
327 2085 387 2128 qui
414 2084 526 2119 Sociis
553 2085 665 2119 Roma
691 2085 734 2118 ad
766 2085 863 2130 ipsas
887 2084 1074 2118 mittendis
1099 2083 1230 2118 ibidem
1254 2083 1414 2127 ipsarum
1439 2081 1510 2115 fide
1536 2080 1709 2114 viaticum
1734 2079 1854 2113 solvat

97 2137 209 2181 (409).
259 2137 352 2171 Socii
377 2140 576 2179 monentur,
612 2150 655 2172 ne
680 2138 821 2172 litteras
847 2138 1006 2172 scribant
1032 2147 1320 2182 supervacaneas
1348 2134 1466 2179 (371);
1499 2134 1650 2178 Borgias
1674 2134 1853 2178 potestate

95 2202 157 2235 per
175 2191 488 2234 congregationem
514 2191 718 2235 generalem
745 2191 813 2225 sibi
838 2191 936 2225 facta
957 2190 1057 2234 (754)
1079 2190 1192 2225 Sociis
1209 2190 1254 2223 ad
1274 2189 1445 2223 usitatum
1464 2187 1635 2221 orationis
1653 2186 1852 2221 cotidianae

93 2246 235 2289 tempus
269 2246 391 2278 ternos
426 2245 644 2289 quadrantes
678 2245 777 2279 addit
806 2244 890 2288 (296
916 2244 1019 2287 503);
1055 2243 1167 2285 unde,
1203 2246 1329 2287 quarto
1365 2242 1485 2276 addito
1512 2241 1720 2285 quadrante,
1753 2239 1853 2273 brevi

95 2300 175 2342 post
200 2296 286 2331 hora
311 2297 373 2331 illa
398 2297 640 2332 meditationis
671 2298 871 2332 cotidianae
907 2300 985 2331 orta
1020 2300 1092 2338 est,
1130 2297 1163 2330 in
1191 2295 1483 2330 consuetudinem
1510 2295 1628 2333 venit,
1664 2293 1736 2326 vim
1763 2292 1852 2336 legis

94 2352 149 2385 est
174 2353 358 2391 assecuta;
385 2351 576 2385 mittuntur
601 2351 766 2396 exempla
792 2351 891 2396 typis
917 2351 1100 2395 exscripta
1127 2350 1251 2384 Bullae
1279 2349 1417 2384 Coenae
1450 2348 1485 2382 in
1511 2347 1664 2390 singulis
1691 2346 1853 2380 domibus

93 2403 169 2438 loco
194 2404 332 2448 patenti
358 2404 549 2447 affigenda,
576 2407 615 2438 ut
641 2405 684 2438 ab
710 2404 873 2439 omnibus
900 2403 1129 2438 confessariis
1155 2403 1323 2447 legantur
1343 2401 1460 2445 (488);
1488 2413 1551 2446 pro
1578 2402 1791 2445 imperatore
1816 2399 1852 2433 in

94 2456 279 2500 Hungaria
305 2457 480 2492 adversus
497 2457 634 2492 Turcas
661 2457 817 2492 bellante
844 2457 936 2492 Socii
962 2457 996 2491 in
1017 2457 1220 2497 Germania,
1248 2455 1374 2497 Gallia,
1403 2455 1506 2489 Italia
1525 2454 1697 2496 degentes
1724 2452 1852 2486 cotidie

93 2509 237 2544 litanias
263 2510 418 2544 omnium
437 2510 648 2545 Sanctorum
674 2511 836 2551 recitare,
862 2510 1015 2554 singulis
1040 2509 1272 2544 hebdomadis
1299 2511 1396 2543 certa
1422 2507 1662 2553 paenitentiae
1689 2517 1797 2550 opera
1816 2510 1852 2540 et

94 2562 284 2597 missarum
310 2563 487 2598 sacrificia
521 2564 647 2598 offerre
679 2564 845 2598 iubentur
872 2563 956 2607 (279
983 2563 1087 2606 320);
1121 2563 1313 2596 identidem
1349 2573 1412 2606 per
1438 2561 1650 2595 Societatem
1691 2560 1851 2601 ,litterae

95 2616 357 2656 aedificantes“‚
384 2628 474 2661 quas
492 2620 633 2657 vocant,
660 2617 1000 2657 circummittuntur,
1028 2617 1156 2660 quibus
1175 2616 1295 2650 Sancti
1316 2615 1369 2648 Pii
1388 2615 1430 2648 V.
1450 2625 1508 2648 res
1527 2613 1708 2658 praeclare
1726 2616 1851 2656 gestae

95 2672 285 2704 narrantur
313 2669 397 2712 (168
426 2670 492 2704 184
517 2670 582 2704 221
612 2670 681 2704 260
707 2671 776 2704 270
802 2670 870 2704 310
896 2670 964 2704 349
991 2670 1097 2713 512);
1128 2669 1355 2714 praecipitur,
1383 2670 1422 2701 ut
1449 2679 1510 2712 pro
1537 2666 1658 2700 eodem
1685 2666 1851 2711 pontifice

95 2722 225 2765 singuli
253 2722 444 2758 Societatis
476 2723 683 2758 sacerdotes
717 2723 870 2766 singulis
904 2723 1136 2757 hebdomadis
1170 2733 1310 2757 sacrum
1338 2722 1474 2755 faciant
1501 2719 1620 2763 (503);
1656 2720 1852 2759 nuntiatur,

94 2775 197 2810 Pium
216 2776 371 2810 omnium
390 2777 551 2810 ordinum
576 2777 853 2811 mendicantium
880 2776 1122 2820 indulgentias
1141 2788 1220 2810 cum
1239 2776 1417 2809 Societate
1436 2774 1718 2808 communicasse
1737 2773 1849 2817 (510).

95 2828 213 2863 Minus
239 2832 343 2873 grata
368 2829 481 2864 Sociis
507 2830 577 2863 alia
603 2830 777 2873 quaedam
803 2829 982 2874 pontificis
1009 2830 1216 2864 constitutio
1243 2831 1329 2862 erat.
1381 2827 1572 2862 Societatis
1597 2827 1762 2861 instituto
1789 2838 1851 2871 per

94 2883 295 2926 superiores
319 2883 506 2928 pontifices
531 2883 752 2917 sollemniter
770 2882 965 2927 approbato
990 2883 1166 2917 sancitum
1187 2884 1273 2923 erat,
1300 2894 1343 2915 ne
1369 2881 1555 2915 sollemnia
1578 2883 1748 2924 quattuor
1766 2883 1850 2914 vota

94 2934 128 2968 in
155 2946 196 2969 ea
222 2935 472 2970 emitterentur
496 2936 564 2970 nisi
592 2936 635 2970 ab
662 2936 705 2970 iis
732 2935 791 2980 qui
817 2935 1016 2970 sacerdotio
1044 2935 1113 2969 iam
1141 2938 1261 2969 essent
1286 2935 1417 2975 ornati;
1448 2945 1488 2968 ac
1515 2934 1704 2968 Societatis
1731 2933 1851 2967 clerici

94 2989 307 3033 nuncupatis
325 2989 558 3034 paupertatis,
586 2989 776 3029 castitatis,
803 2989 1047 3023 oboedientiae
1066 2989 1159 3022 votis
1185 2988 1417 3032 simplicibus,
1445 2999 1535 3032 quae
1553 2989 1638 3021 vota
1663 2987 1850 3021 scholasti-

95 3051 214 3075 corum
233 3041 301 3076 dici
328 3042 454 3084 solent,
480 3043 593 3076 sacris
611 3042 794 3076 ordinibus
811 3041 917 3075 titulo
934 3042 1159 3086 paupertatis
1179 3041 1402 3075 voluntariae
1424 3041 1557 3075 initiari
1576 3043 1848 3080 consueverant,

95 3104 174 3128 cum
200 3095 285 3129 Pius
303 3094 346 3129 V.
373 3095 570 3135 interdixit,
600 3107 644 3128 ne
674 3096 709 3128 in
735 3097 916 3140 posterum
952 3094 1142 3138 religiosus
1169 3095 1356 3138 quisquam
1386 3095 1428 3129 ad
1456 3095 1597 3129 eosdem
1625 3094 1765 3128 ordines
1791 3093 1848 3127 ad-

95 3146 309 3188 mitteretur,
343 3147 412 3182 nisi
445 3151 529 3182 vota
555 3148 741 3182 sollemnia
773 3148 956 3192 professus
982 3150 1088 3181 esset.
1140 3148 1227 3181 Erat
1252 3147 1287 3181 id
1314 3159 1426 3192 paene
1456 3147 1721 3189 „coadiutorum
1747 3146 1848 3191 spiri-

93 3198 261 3233 tualium“
293 3200 451 3234 ordinem
478 3212 521 3234 ex
548 3200 726 3235 Societate
753 3201 892 3234 auferre
928 3203 963 3234 et
993 3201 1225 3245 professionis
1255 3200 1439 3234 sollemnis
1466 3201 1638 3234 rationem
1664 3211 1778 3243 usque
1804 3199 1846 3232 ad
