2045 3471
673 205 861 240 Monachio
887 205 943 241 28.
971 205 1068 250 Sept.
1099 205 1198 240 1566.
1726 208 1810 249 323

54 325 206 368 reddet
237 328 419 375 secreto,
463 338 548 366 non
580 339 808 378 possumus
841 339 925 366 non
959 337 1115 378 rogare
1148 323 1193 366 P.
1218 324 1270 366 V.
1296 326 1345 366 vt
1375 324 1457 366 hac
1488 324 1531 366 in
1564 327 1688 378 parte
1719 327 1811 367 tum

55 391 99 433 P.
127 389 384 439 Schorichio,
428 391 519 431 tum
552 389 796 443 prouintiae
829 391 874 431 et
913 387 1115 432 societati
1155 390 1333 430 nostrae
1374 403 1451 443 pro
1493 402 1572 430 sua
1613 389 1812 432 consulat

54 453 295 509 prudentia.
359 453 474 495 Nam
507 453 669 496 allatae
701 456 804 496 sunt
844 453 926 495 huc
966 453 1120 495 literae
1152 452 1363 507 prolixae,
1406 453 1460 495 ab
1498 453 1649 495 eodem
1682 453 1812 496 Patre

54 519 108 562 ad
130 521 314 561 matrem
338 517 547 571 Principis
575 518 775 567 missae¹‚
810 532 918 572 quas
950 517 1088 560 nostri
1121 517 1413 572 perlegerunt.
1466 518 1523 559 ι111
1556 518 1622 560 his
1653 518 1813 572 repetit

53 583 380 638 promissionem
422 596 567 632 suam,
610 583 723 635 quod
765 583 844 625 soli
886 583 984 625 huic
1025 582 1214 636 Principi
1258 581 1500 624 contionari
1542 582 1722 633 habeat,
1768 587 1812 626 et

54 650 363 690 commemorat
407 646 459 689 de
506 649 626 689 statu
671 647 917 701 Principum
961 647 1250 689 Ferrariensis
1299 648 1344 689 et
1388 646 1626 688 Florentini
1658 681 1665 689 .
1703 661 1812 700 quae

53 712 180 755 ualde
212 712 361 755 odiosa
393 715 508 761 sunt,
542 714 587 754 et
619 726 703 753 non
736 712 827 754 sine
860 725 1017 766 magno
1050 711 1240 766 periculo
1273 710 1521 754 scribuntur
1552 725 1578 753 a
1609 712 1769 754 nostris
1782 713 1810 755 2.

56 778 289 821 Praeterea
320 775 501 830 sugillat
532 778 706 819 nostros
739 776 885 828 etiam,
919 777 1040 818 uelut
1071 776 1129 819 sit
1161 780 1364 820 extrusus
1396 776 1490 818 loco
1523 789 1600 818 suo
1627 776 1812 826 Monaci,

53 842 286 895 multisque
318 842 446 883 rebus
479 844 524 883 et
555 841 668 883 curis
700 841 756 883 ad
787 855 834 883 se
866 842 970 883 nihil
1012 841 1329 895 pertinentibus
1361 840 1574 884 immiscet
1614 854 1723 890 sese,
1765 845 1813 883 vt

54 907 187 950 etiam
218 907 298 948 hoc
331 906 424 948 loco
457 905 603 948 facere
635 906 817 948 solebat.
882 907 1003 948 Haec
1035 906 1249 948 scribendi
1282 905 1544 948 confidentia
1576 919 1661 947 non
1696 906 1813 947 aedi-

52 974 155 1015 ficat
186 971 417 1021 seculares
451 973 496 1013 et
528 970 708 1012 offendit
740 973 925 1021 nostrOS,
968 974 1012 1013 et
1044 972 1271 1013 confirmat
1303 970 1573 1024 quarundam
1605 983 1813 1024 persona-

52 1042 171 1079 ruma
203 1037 255 1078 de
286 1035 448 1078 nostris
479 1035 636 1078 falsam
669 1035 1006 1090 persuasionem,
1040 1038 1131 1078 tum
1165 1035 1244 1078 alit
1275 1035 1500 1089 grauiores
1527 1034 1737 1088 quasdam
1768 1035 1811 1076 in

53 1102 206 1144 animis
238 1101 516 1151 tentationes,
550 1101 614 1143 vti
636 1114 849 1143 veremur.
902 1100 1044 1150 Quare
1065 1100 1204 1142 iuuari
1228 1100 1422 1154 cupimus
1443 1100 1602 1141 bonum
1623 1099 1812 1151 Patrem,

53 1170 103 1210 vt
135 1166 187 1208 de
220 1166 381 1208 honore
413 1179 490 1207 suo
523 1166 697 1216 tuendo,
739 1168 784 1208 et
816 1166 869 1208 de
909 1165 1136 1208 retinenda
1177 1167 1430 1218 magnatum
1463 1179 1569 1218 erga
1601 1178 1647 1206 se
1683 1165 1813 1207 bene-

53 1231 245 1275 uolentia
275 1231 416 1273 minus
448 1245 543 1273 esse
576 1230 789 1273 sollicitus
819 1230 939 1274 uelit.
983 1230 1149 1273 Scimus
1167 1229 1321 1271 mirum
1343 1243 1438 1271 esse
1459 1229 1573 1271 illius
1594 1229 1812 1283 ingenium

54 1300 98 1340 et
130 1296 394 1350 singularem
426 1295 633 1338 astutiam
666 1295 709 1337 in
741 1309 787 1337 se
810 1295 1056 1337 excusando
1090 1298 1135 1337 et
1156 1309 1203 1336 re
1225 1294 1546 1336 dissimulanda.
1595 1294 1815 1336 Judicabit

54 1365 200 1404 autem
232 1361 394 1403 rectius
426 1361 473 1404 P.
497 1361 543 1403 T.
579 1363 623 1403 et
656 1361 817 1403 efficiet
848 1374 990 1415 spero,
1024 1364 1073 1403 vt
1104 1363 1181 1403 aut
1213 1372 1444 1413 nunquam,
1487 1361 1563 1401 aut
1595 1358 1737 1401 sobrie
1770 1361 1814 1401 et

53 1427 218 1469 sincere
250 1426 414 1468 scribat
446 1426 500 1469 ad
532 1428 762 1480 magnates
795 1428 839 1468 et
871 1426 1103 1475 seculares,
1147 1425 1380 1467 obseruata
1421 1423 1620 1465 nimirum
1662 1424 1814 1478 regula

53 1491 191 1535 nostri
222 1491 411 1533 instituti
424 1492 451 1534 3.

173 1563 330 1604 Veniet
351 1562 532 1604 Romam
569 1562 730 1605 Doctor
755 1560 997 1603 Felicianus
1030 1575 1056 1603 a
1079 1559 1454 1603 Reuerendissimo
1476 1558 1813 1614 Archiepiscopo

55 1627 375 1680 Salisburgensi
406 1627 562 1669 missus
586 1626 844 1680 Theologus,
878 1625 950 1679 qui
981 1625 1024 1667 in
1047 1625 1211 1680 synodo
1235 1624 1489 1667 Tridentina
1510 1624 1594 1666 fuit
1606 1625 1634 1667 4.
1688 1624 1814 1665 Hunc

55 1692 114 1735 .P.
138 1692 186 1735 Τ.
221 1705 490 1734 commonere
523 1691 656 1733 libere
688 1694 849 1745 posset,
891 1693 940 1733 vt
972 1690 1190 1733 abstineat
1222 1691 1275 1732 ab
1310 1703 1359 1731 eo
1392 1688 1606 1731 scribendi
1639 1702 1811 1742 genere,

53 1771 136 1810 quo
159 1757 388 1810 aliquoties
421 1771 523 1798 usus
556 1760 622 1799 est
645 1756 700 1798 ad
723 1756 768 1800 P.
793 1755 1043 1807 Martinum,
1077 1755 1220 1797 missis
1242 1754 1297 1797 ad
1328 1754 1447 1796 illum
1470 1756 1638 1796 secreto
1661 1753 1811 1804 literis,

53 1823 206 1875 quibus
239 1821 484 1876 pelliciebat
516 1835 612 1863 eum
645 1821 699 1862 ad
732 1820 1008 1864 contionandi
1041 1834 1195 1862 munus
1228 1819 1506 1873 Salisburgae
1548 1819 1811 1861 obeundum:

52 1887 435 1942 Archiepiscopum
459 1886 720 1940 promisisse,
746 1889 794 1928 vt
816 1885 920 1927 nihil
943 1886 1212 1928 desideraret
1233 1885 1308 1927 sed
1331 1884 1512 1927 haberet
1534 1897 1644 1937 quae
1667 1884 1811 1933 uellet,

53 1952 223 1995 etiamsi
263 1952 412 1994 inuitis
444 1951 646 1993 Patribus
680 1950 910 1994 Societatis
952 1950 1232 1993 accederetb.
1259 1948 1362 2004 [si]c
1404 1950 1517 1992 enim
1558 1949 1708 1991 literas
1748 1949 1812 1990 in·

52 2017 302 2071 telligimus,
341 2019 385 2059 et
417 2017 453 2058 si
484 2017 565 2058 hoc
598 2029 803 2070 expresse
835 2030 920 2058 non
953 2016 1227 2069 adiungatur.
1292 2015 1401 2057 Sunt
1441 2015 1599 2069 plures,
1643 2014 1713 2067 qui
1755 2013 1812 2055 si-

52 2083 171 2125 milia
202 2083 498 2125 illectamenta
530 2082 653 2132 bono,
688 2095 766 2123 nec
799 2081 907 2124 satis
929 2083 1076 2124 tamen
1100 2082 1354 2123 confirmato
1377 2081 1420 2122 in
1442 2079 1669 2122 vocatione
1695 2078 1812 2121 Patri

172 2181 197 2201 ai
221 2176 279 2199 Hoc
301 2183 322 2199 r.
343 2183 360 2199 ιι
382 2177 410 2199 (J.
430 2182 523 2205 sulam
546 2182 617 2198 ret-S.
638 2175 779 2205 siv-iprum
800 2177 849 2199 esc.
924 2172 953 2204 b)
978 2175 1078 2198 Decem
1101 2181 1140 2198 ιϊ,
1162 2182 1220 2205 sqq.
1241 2182 1258 2197 (ι
1280 2174 1348 2198 Can.
1371 2174 1400 2198 in
1422 2173 1552 2204 ›naryine
1573 2172 1674 2196 addita
1695 2174 1769 2195 sunt.

179 2328 184 2344 ¹
213 2323 376 2358 Iacobam
402 2322 612 2362 Badmsem,
641 2320 823 2356 Guilielmi
850 2321 909 2355 IV.
938 2321 1113 2355 Bai-ariae
1140 2321 1240 2355 ducis
1266 2321 1422 2354 viduam.

172 2384 185 2404 2
211 2383 411 2417 Florentiae
439 2381 477 2415 P.
505 2380 719 2416 Guilielmus
746 2380 899 2415 Elderen
927 2380 960 2415 S.
983 2381 1015 2414 J.
1044 2392 1064 2414 a
1090 2380 1204 2414 sacris
1231 2379 1517 2414 confessionibus
1544 2381 1621 2413 erat
1648 2379 1810 2419 Ioannae‚

52 2437 147 2472 filiae
166 2436 378 2471 Ferdinandi
396 2435 422 2469 Ι.
441 2434 667 2479 imperatoris
684 2434 859 2478 uxorique
876 2434 1059 2468 Francisci
1079 2434 1180 2468 ducis
1194 2433 1357 2474 Tusciae,
1385 2435 1421 2466 et
1438 2432 1623 2466 Ferrariae
1642 2431 1811 2470 Barbara,

53 2491 210 2526 eiusdem
237 2489 461 2534 imperatoris
487 2488 560 2521 filia
586 2487 830 2532 Alphonsique
857 2488 957 2522 ducis
983 2487 1211 2521 ferrariensis
1236 2498 1336 2526 uxor,
1372 2485 1630 2520 confessarium
1657 2484 1811 2518 habebat

54 2544 92 2579 P.
119 2543 350 2578 Laurentium
377 2541 652 2575 Hermanutium
679 2540 712 2574 S.
741 2540 773 2575 J.
802 2540 900 2583 (vide
926 2552 1034 2586 supra
1065 2552 1097 2585 p.
1128 2540 1224 2583 118).
1275 2541 1379 2573 Anna
1415 2550 1566 2582 quoque,
1604 2538 1741 2571 Alberti
1768 2537 1809 2571 V.

53 2597 191 2636 coniux,
219 2608 262 2630 ex
281 2595 494 2629 Ferdinandi
521 2593 663 2627 filiabus
689 2596 776 2627 erat.
812 2593 880 2627 Per
898 2593 1117 2627 Florentiam
1135 2594 1255 2627 autem
1272 2592 1427 2626 transire
1447 2591 1674 2625 Scherichius
1692 2591 1811 2624 iussus

53 2654 130 2684 erat
156 2650 198 2684 ab
225 2649 301 2694 ipso
328 2648 367 2683 P.
386 2647 514 2682 Natale
535 2647 639 2691 (Epp.
658 2647 780 2680 Nadal
805 2646 856 2680 111
885 2646 983 2687 157);
1012 2647 1071 2680 ubi
1097 2646 1229 2680 Ioanna
1255 2646 1398 2690 quidem
1425 2656 1562 2678 morum
1589 2644 1810 2688 disciplinae-

53 2715 121 2748 que
148 2703 341 2737 severitate
376 2701 545 2740 florebat3
584 2699 690 2733 aulici
727 2711 827 2740 vero,
864 2702 900 2733 et
933 2699 1086 2744 ipsemet
1122 2699 1335 2733 Franciscus
1370 2699 1453 2739 dux,
1488 2697 1605 2731 levius
1640 2697 1811 2730 vivebant

55 2756 202 2800 (Lossen,
235 2755 258 2789 l.
286 2767 314 2788 o.
344 2755 357 2788 l
394 2755 471 2789 339.
524 2754 620 2795 Alfr.
650 2764 713 2786 ron
740 2754 924 2796 Reumont,
961 2752 1178 2786 Geschichte
1205 2751 1397 2785 Toscana's
1424 2750 1492 2784 seit
1519 2750 1597 2783 dem
1625 2749 1723 2783 Ende
1749 2749 1810 2784 des

52 2807 343 2843 florentinischen
370 2807 591 2841 Freistaates
621 2806 644 2845 Ι,
671 2804 788 2839 Gotha
817 2806 917 2846 1876,
944 2805 1012 2839 245
1040 2805 1138 2847 313).

173 2868 185 2887 ³
215 2865 283 2908 „Ut
308 2866 448 2911 plenius
474 2865 587 2911 possit
614 2863 773 2899 Societas
791 2863 898 2898 rebus
920 2863 1168 2908 spiritualibus
1193 2864 1296 2897 iuxta
1322 2873 1425 2896 suum
1446 2862 1651 2895 institutum
1671 2872 1811 2901 vacarey

53 2920 168 2965 quoad
195 2921 270 2954 eius
296 2919 373 2953 fieri
399 2919 540 2964 poterit,
576 2930 595 2952 a
622 2917 776 2960 negotiis
801 2916 1046 2950 saecularibus
1072 2916 1262 2950 abstineat.
1283 2943 1289 2949 .
1311 2943 1316 2948 .
1338 2942 1344 2948 .
1383 2915 1442 2948 Eis
1469 2914 1706 2948 aedificationi
1733 2925 1810 2948 esse

54 2973 265 3019 quibuscum
292 2972 421 3016 agitur,
458 2972 626 3006 curent‘:
665 2972 700 3003 8’.
721 2971 893 3013 Ιφιατῐιιε,
921 2969 1203 3003 Constitutiones
1230 2968 1263 3002 S.
1284 2968 1317 3002 J.
1344 2968 1383 3001 P.
1411 2968 1441 3005 6.
1470 2979 1498 3001 c.
1527 2968 1557 3008 3,
1585 2979 1617 3000 n.
1638 2967 1675 3007 7;
1712 2967 1750 3001 Ρ.
1779 2968 1809 3006 7,

54 3038 82 3061 c.
110 3027 141 3067 4,
169 3038 202 3059 n.
230 3025 262 3059 2.

173 3086 184 3104 ⁴
212 3083 278 3117 Die
305 3084 336 3118 8.
355 3083 442 3116 Maii
462 3083 552 3117 1562
579 3081 787 3115 Tridentum
813 3080 1037 3114 advenerunt
1064 3079 1236 3113 Hercules
1256 3079 1447 3122 Rottinger
1473 3079 1661 3124 episcopus
1687 3078 1809 3112 lavan-

54 3137 151 3172 tinus
187 3140 222 3171 et
248 3137 288 3171 P.
314 3136 516 3170 Felicianus
542 3135 750 3178 Ninguarda
777 3134 817 3168 O.
845 3133 915 3174 Pr.‚
950 3145 970 3166 a
1005 3133 1135 3167 Ioanne
1162 3132 1288 3166 Iacobo
1315 3131 1442 3166 Khuen
1470 3132 1512 3165 de
1539 3131 1670 3177 Belasy
1696 3131 1809 3165 archi-

56 3190 220 3234 episcopo
246 3188 505 3233 salisburgensi
531 3190 781 3233 procuratores
808 3188 844 3220 et
870 3188 1029 3220 oratores
1056 3185 1099 3219 ad
1127 3184 1313 3219 concilium
1340 3185 1460 3226 missi3
1488 3184 1808 3219 v.Can.1114682.

1453 3244 1524 3278 21*
