2045 3471
194 216 276 257 708
400 212 494 246 Mon.
515 212 702 247 778—779
729 212 806 247 sive
832 213 932 248 herb.
954 213 1174 258 (13)—(14).
1214 213 1437 248 20111111-
1457 213 1513 248 30.
1533 213 1623 247 Iunii
1651 214 1753 248 1567.

191 332 331 374 minus
363 330 446 373 erit
479 330 654 373 difficile
686 331 895 386 paulatim
934 331 1155 386 operarios
1187 331 1231 373 in
1262 331 1436 373 Domini
1467 331 1638 373 uineam
1679 331 1911 374 extrudere
1924 332 1954 382 1,

190 411 319 450 quam
351 396 388 438 si
423 409 571 437 omnes
603 396 731 438 simul
762 396 806 438 in
838 397 919 439 hac
951 396 1208 451 praesertim
1231 410 1314 449 qua
1336 396 1584 438 laboramus
1605 396 1822 450 penuria⁸,
1855 396 1956 438 mit-

188 464 282 504 tere
315 463 552 515 oporteret,
585 475 814 516 precamur
845 465 992 504 autem
1014 462 1094 504 Dei
1126 461 1366 503 bonitatem
1400 463 1448 504 ut
1480 464 1679 504 sanctum
1711 461 1792 503 hoc
1824 460 1956 515 opusb

189 541 240 569 ac
271 527 322 569 D.
347 526 399 568 V.
424 526 751 568 Illustrissimae
783 527 973 568 maxime
1014 527 1107 580 pios
1150 529 1331 568 conatus
1372 539 1645 580 prosperare,
1688 526 1955 579 eandemque

189 592 241 634 D.
273 591 326 633 V.
361 591 484 633 donis
524 591 695 644 gratiae
737 597 865 633 suaee
907 605 1062 633 ornare
1105 590 1308 644 dignetur
1350 605 1478 644 quam
1520 590 1859 634 cumulatissime
1901 590 1955 632 ad

189 656 517 710 Herbipolensis
535 658 578 698 et
602 656 811 698 ecclesiae
834 655 1092 698 uniuersalis
1115 656 1365 698 utilitatem.
1400 656 1565 698 Romae
1581 657 1618 698 5.
1633 656 1795 710 Aprilis
1811 656 1953 698 .1567.

191 775 296 813 778
316 778 393 812 sive
412 775 564 812 herb.
584 777 709 821 (13).
762 775 1066 813 SANCTUS
1093 775 1521 813 FRANGISCUS
1548 775 1640 811 DE
1667 774 1955 819 BORGIA,

379 831 605 876 praepositus
631 831 811 875 genera-lis
835 831 1025 865 Societatis
1052 831 1144 871 Iesu,
1171 829 1427 865 FRIDERICO
1446 831 1478 864 A
1495 829 1762 871 WIRSBERG,
1788 830 1955 875 episcopo

379 884 531 929 principi
558 883 811 929 herbipolensi.
1484 883 1597 917 Roma
1623 883 1678 918 20.
1700 883 1785 917 Maii
1805 883 1906 917 1567.

312 954 367 988 Ex
394 954 600 998 apographo
627 954 738 988 eiusd.
762 956 891 999 temp.5.
919 954 955 988 in
972 954 1144 997 margine,
1173 954 1297 988 eadem
1314 965 1442 988 manu:
1473 954 1656 996 „Vescouo
1675 954 1718 987 de
1735 953 1955 998 Herbipoli“.

191 1008 275 1042 Cod.
308 1007 447 1050 „Grerm⁸
476 1008 540 1041 67⁴
570 1007 594 1041 f.
623 1008 678 1041 23.
730 1007 832 1041 Prior
868 1007 1044 1052 epistulae
1080 1019 1164 1052 pars
1200 1019 1245 1041 ex
1274 1008 1397 1041 eodem
1423 1007 1630 1052 apographo
1655 1007 1874 1052 transcripta
1900 1009 1957 1041 est

190 1062 227 1095 in
254 1061 341 1106 Epp.
370 1062 492 1094 Naclal
517 1061 568 1094 ΙΙΙ
596 1061 675 1095 795.

312 1133 470 1175 Litteris,
498 1143 587 1175 quae
612 1133 653 1165 de
671 1133 808 1175 colleyt'c'
824 1132 1078 1174 herbipolensis
1093 1133 1307 1174 fundatione
1324 1136 1416 1173 sunt,
1443 1133 1592 1174 acceptis
1610 1133 1740 1175 yaudet
1757 1132 1955 1174 episcopum

194 1185 378 1227 reli-olonis
415 1185 711 1218 studiosissimum
747 1190 776 1218 et
803 1185 872 1219 PP.
899 1185 1063 1218 Natalem
1099 1190 1128 1218 et
1158 1186 1343 1218 Ccmisimn,
1378 1186 1426 1218 ad
1452 1196 1528 1217 eum
1557 1186 1751 1218 iuvandum
1771 1189 1955 1227 promptos

196 1249 273 1272 esse.
318 1240 519 1281 Antequam
545 1243 661 1272 autem
685 1239 932 1281 fundationem
959 1240 1150 1281 confirmet,
1177 1239 1301 1282 aliqua
1321 1250 1391 1281 per
1420 1239 1604 1271 Canisium
1626 1242 1811 1282 proponet.

317 1309 614 1351 Illustrissime
647 1323 697 1351 ac
730 1309 1104 1351 Reuerendissime
1137 1310 1319 1351 Domine
1351 1309 1560 1363 Princeps
1592 1309 1634 1350 in
1668 1309 1829 1351 christo

879 1375 1091 1416 obseruan
1098 1374 1271 1416 dissime

307 1445 519 1488 Redditae
550 1445 654 1487 mihi
685 1446 862 1487 fuerunt
893 1445 1068 1488 litterae
1092 1446 1143 1488 D.
1167 1446 1219 1488 V.
1244 1445 1570 1487 Illustrissimae
1602 1445 1728 1486 simul
1762 1459 1859 1487 cum
1890 1445 1955 1487 in-

188 1514 431 1554 strumento
465 1511 519 1553 ad
561 1510 859 1553 fundationem
893 1510 1070 1564 Collegij
1108 1510 1396 1565 pertinente2‚
1440 1512 1484 1552 et
1525 1510 1692 1563 gratias
1733 1524 1815 1563 ago
1848 1511 1954 1561 Deo,

190 1590 215 1617 a
247 1589 330 1628 quo
374 1575 516 1618 omnia
557 1576 669 1617 bona
710 1575 962 1629 procedunt,
1006 1575 1119 1628 quod
1160 1576 1294 1617 talem
1336 1575 1525 1617 animum
1568 1577 1612 1617 et
1646 1575 1697 1616 de
1729 1574 1955 1628 Religione

188 1640 404 1683 catholica
446 1654 495 1682 ac
538 1640 805 1683 subditorum
850 1654 1022 1681 suorum
1066 1641 1208 1682 salute
1248 1640 1555 1694 promouenda,
1597 1642 1688 1682 tam
1723 1640 1956 1682 sollicitum

187 1706 238 1747 D.
262 1705 314 1747 V.
339 1705 741 1747 Reuerendissimae
776 1705 955 1755 dederit,
998 1708 1207 1759 pergrata
1240 1705 1372 1747 etiam
1404 1704 1508 1746 mihi
1538 1704 1622 1747 fuit
1652 1704 1832 1747 Patrum
1864 1705 1955 1747 Na—

186 1769 289 1812 talis
322 1773 366 1812 et
398 1770 570 1824 Canisij,
614 1770 820 1812 alacritas
863 1774 906 1812 et
947 1769 1242 1823 promptitudo
1287 1783 1370 1822 qua
1413 1769 1643 1812 Societatis
1685 1783 1860 1823 operam
1901 1771 1956 1813 ad

188 1834 431 1876 huiusmodi
472 1835 587 1888 pium
629 1835 852 1888 negotium
884 1835 1153 1884 obtulerunt;
1198 1835 1299 1887 quia
1329 1837 1476 1876 tamen
1508 1834 1550 1875 in
1588 1834 1829 1876 huiusmodi
1861 1835 1955 1877 Col—

186 1899 327 1953 legijs,
369 1899 647 1941 instituendis
680 1900 816 1942 multa
847 1914 926 1941 nos
958 1913 1101 1941 rerum
1134 1914 1236 1941 usus
1269 1903 1313 1942 et
1346 1899 1616 1953 experientia
1648 1899 1792 1942 docuit
1825 1900 1957 1942 etiam

188 1963 232 2005 in
271 1964 367 2018 ipsa
401 1964 646 2015 Germania,
689 1979 735 2006 re
778 1965 951 2018 saepius
993 1965 1188 2017 cogitata
1221 1978 1270 2006 ac
1304 1965 1395 2006 Deo
1429 1964 1743 2014 commendata,
1786 1979 1836 2007 ac
1870 1965 1956 2007 dis-

189 2043 327 2080 cussa,
371 2029 510 2071 uisum
544 2029 647 2071 mihi
679 2029 761 2072 fuit
794 2030 1037 2079 conuenire,
1080 2033 1128 2072 ut
1170 2033 1272 2072 ante
1305 2029 1674 2071 confirmationem
1715 2029 1957 2072 huiusmodi

190 2096 464 2145 contractus,
508 2095 721 2147 quaedam
764 2095 816 2136 de
856 2094 1079 2148 principijs
1122 2094 1299 2148 Collegij
1345 2093 1669 2148 Herbipolensis
1701 2094 1753 2137 D.
1777 2094 1830 2137 V.
1852 2094 1956 2137 Illu-

190 2158 429 2200 strissimae
470 2161 892 2213 representarentur,
936 2159 988 2200 de
1030 2159 1184 2212 quibus
1216 2159 1263 2201 P.
1288 2158 1505 2200 Canisium
1538 2158 1865 2210 prouincialem,
1909 2163 1957 2202 ut

188 2223 326 2265 fusius
357 2223 450 2277 ipse
483 2224 685 2277 explicet,
720 2224 930 2266 admoneo
945 2226 973 2274 3,
1008 2238 1058 2266 ac
1091 2238 1245 2278 precor
1278 2224 1328 2266 D.
1354 2224 1405 2267 V.
1430 2223 1866 2275 Reuerendissimam,
1908 2228 1957 2267 ut

190 2301 300 2340 quae
342 2302 367 2329 a
399 2288 565 2330 sincero
607 2288 750 2330 animo
792 2303 887 2330 meo
931 2292 975 2331 et
1017 2289 1072 2331 ad
1114 2288 1364 2342 obsequium
1402 2289 1454 2331 D.
1474 2289 1524 2332 V.
1548 2288 1871 2331 Illustrissimae
1913 2291 1957 2331 et

190 2353 457 2395 Franconiae
489 2353 723 2396 utilitatem
758 2367 986 2408 propenso,
1019 2354 1350 2408 proficiscuntur
1383 2353 1481 2394 boni
1515 2353 1749 2403 consulatd,
1783 2368 1956 2396 oramus

189 2417 363 2459 interim
395 2418 475 2460 Dei
506 2419 761 2468 bonitatem,
796 2421 843 2461 ut
875 2419 918 2460 in
950 2419 1043 2469 hoc,
1079 2421 1122 2461 et
1155 2418 1252 2472 alijs
1284 2418 1479 2460 omnibus
1502 2418 1665 2472 Spiritu
1689 2419 1772 2460 Suo
1796 2419 1956 2461 Sancto

191 2495 268 2523 nos
314 2482 494 2536 dirigat,
542 2486 586 2525 et
630 2484 680 2526 D.
707 2483 757 2525 V.
790 2483 1143 2526 Jllustrissimam
1189 2483 1259 2524 diu
1302 2485 1531 2525 conseruet
1574 2483 1865 2533 incolumemss,
1912 2485 1955 2525 et

193 2546 363 2598 gratiae
395 2561 499 2589 suae
526 2548 648 2589 donis
679 2548 721 2589 in
746 2548 834 2590 dies
868 2548 1005 2602 magis
1038 2550 1234 2598 exornet,
1269 2548 1322 2589 ad
1346 2547 1611 2590 Franconiae
1635 2549 1679 2589 et
1700 2547 1957 2590 uniuersalis

193 2611 400 2653 ecclesiae
433 2612 682 2655 utilitatem.
746 2613 910 2655 Romae
944 2615 1011 2655 20.
1037 2613 1139 2667 Maij
1176 2614 1319 2655 .1567.

195 2729 297 2767 779
325 2733 402 2767 sive
428 2731 579 2768 herl).
601 2732 728 2778 (14).
803 2733 830 2768 A
859 2732 891 2768 d.
911 2733 967 2768 22.
995 2732 1041 2769 ad
1067 2733 1124 2769 30.
1144 2732 1241 2769 Iunii
1267 2732 1360 2769 1567.

315 2802 370 2836 Ex
397 2804 638 2848 autographo;
670 2804 732 2847 „G.
753 2804 817 2849 Ep.
836 2804 942 2838 ῩΙΙΓι
973 2805 997 2838 f.
1020 2805 1119 2839 134³.

318 2872 486 2906 Canisz'us
504 2875 653 2918 De'linqa
678 2876 919 2917 proficiscitur
937 2876 1183 2918 Herbzpoiim
1210 2875 1272 2908 ubi
1292 2875 1537 2918 praepositum
1561 2874 1813 2917 provincialem
1842 2873 1957 2906 Rheni,

200 2926 356 2957 convenit
383 2930 411 2957 et
437 2938 515 2958 cum
541 2938 578 2959 eo
605 2929 645 2959 cle
671 2928 709 2961 P.
730 2929 894 2961 Germ-do
921 2929 1113 2971 Lapidano
1140 2929 1223 2970 ayit.

315 3005 341 3027 a)
357 3000 389 3023 In
406 3008 451 3031 (ep.
466 3002 598 3032 sequitur
611 3002 711 3033 extru,
726 3003 931 3028 oblitteratum.
988 3002 1017 3034 b)
1040 3004 1178 3035 Sequitur
1193 3002 1232 3032 in,
1247 3003 1335 3027 oblitt.
1399 3006 1423 3029 c)
1445 3003 1611 3033 Sequuntur
1625 3009 1667 3026 vv.
1683 3007 1773 3033 quam
1787 3007 1844 3031 ma,
1864 3001 1952 3026 oblitt.

198 3035 227 3065 d>
249 3039 282 3061 In
303 3048 349 3069 (tp.
370 3042 502 3071 sequitur
521 3042 587 3074 Ago
610 3044 651 3068 cel
672 3044 754 3067 aliud
778 3052 809 3074 12,
830 3044 1035 3069 oblitteratum.
1113 3048 1140 3075 e)
1162 3044 1300 3075 Sequitur
1321 3042 1367 3073 ad,
1388 3044 1477 3068 oblitt.

320 3144 329 3163 1
357 3143 408 3177 Cf.
437 3145 491 3178 Mt
517 3146 548 3187 9,
576 3147 618 3180 37
647 3147 709 3187 33:
738 3148 793 3188 20,
821 3149 860 3188 23
898 3148 946 3182 Le
975 3149 1028 3190 10,
1055 3149 1075 3182 2
1104 3151 1170 3183 ete.

317 3196 330 3214 '2
356 3195 445 3230 Vide
473 3208 580 3241 supra
606 3210 639 3243 p.
659 3200 726 3234 365
753 3201 822 3235 430
850 3202 928 3235 699.
1044 3203 1056 3221 ³
1082 3202 1157 3235 Has
1177 3201 1328 3244 Borgiae
1347 3201 1488 3235 litteras
1516 3213 1548 3235 v.
1568 3211 1678 3245 supra
1703 3211 1736 3244 p.
1756 3200 1954 3234 466-468.
