2077 3461
121 297 208 331 1565

120 355 208 390 1565

121 566 210 600 1565

122 723 211 759 1565

116 897 225 939 1565

125 1101 214 1135 1565

128 1313 217 1347 1565

130 1478 219 1511 1565

131 1583 220 1618 1565

131 1743 221 1777 1565

122 1865 232 1906 1565

136 2076 225 2110 1565

127 2198 235 2239 1565

140 2531 226 2566 ’1565
269 2503 271 2548 i

140 2638 228 2672 1565

143 2797 230 2831 1565

143 2902 231 2937 1565

145 3008 233 3042 1565
274 2989 275 3021 ³

367 297 443 331 Iun.
470 297 526 331 21.

318 356 391 390 Iun.
419 356 580 390 21.—27.

370 567 445 601 Iun.
472 566 526 601 28.

390 726 454 760 lul.
481 726 512 759 2.

373 899 451 941 Iul.
487 902 525 942 2.

386 1104 450 1138 Iul.
480 1104 511 1138 2.

280 1318 370 1351 inter
395 1320 538 1352 exeunt.
554 1319 628 1352 Iun.
647 1339 648 1354 i

303 1372 338 1404 et
360 1370 493 1405 ineunt.
514 1374 606 1416 Aug.
647 1361 649 1391 i

398 1482 462 1518 Iul.
488 1484 520 1519 3.

397 1590 462 1624 lul.
488 1592 520 1625 4.

399 1750 464 1784 Iul.
492 1751 523 1785 5.

328 1869 406 1911 sub
441 1874 478 1913 6.
512 1871 590 1913 Iul.

266 2010 268 2027 i

266 2063 269 2108 l
288 2077 381 2111 inter
407 2079 438 2111 5.
459 2080 494 2111 et
520 2078 552 2112 9.
572 2077 636 2112 Iul.

344 2130 399 2173 (ut
425 2131 582 2175 videtur)

336 2197 449 2240 inter
482 2199 520 2239 5.
556 2200 599 2239 et

268 2267 270 2338 l
338 2263 376 2304 9.
400 2262 489 2333 iul.
530 2263 596 2314 (ut

366 2327 556 2380 videtur)

269 2549 271 2599 ἶ
406 2532 470 2567 lul.
497 2532 528 2566 9.

270 2619 272 2661 ἰ
392 2638 456 2672 Iul.
485 2638 537 2672 12.

272 2778 274 2845 ζ
325 2796 389 2831 Iul.
413 2797 466 2831 13.
494 2799 529 2846 et
558 2797 610 2831 14.
661 2797 662 2803 ¹

398 2902 462 2936 iul.
487 2903 539 2936 14.

399 3009 462 3042 Iul.
489 3009 540 3043 18.

642 181 731 215 1565
758 180 843 225 Apr.
862 180 918 215 25.
939 200 979 204 —
1005 180 1093 214 1565
1119 179 1259 215 Iul.18.
1740 162 1824 210 ω

662 296 900 340 Congregatio
927 297 1107 340 generalis
1132 297 1321 331 incohatur
1349 297 1464 341 (737).

660 356 710 389 De
736 356 843 390 rebus
869 357 911 390 ad
939 355 1150 390 electionem
1170 356 1363 401 praepositi
1382 356 1562 399 generalis
1580 355 1827 401 spectantibus

718 409 837 452 agitur
862 414 896 443 et
919 409 1081 454 inprimis
1099 409 1235 454 primae
1253 409 1542 452 congregationis
1564 409 1727 451 „decreta
1746 411 1828 442 ante

718 461 947 496 electionem“
985 463 1218 496 excutiuntur
1253 464 1289 495 et
1320 462 1513 496 maximam
1540 464 1677 507 partem
1704 473 1827 505 appro-

718 515 848 549 bantur
876 515 990 558 (737).

661 567 852 602 incohatur
905 568 1172 612 „quatriduum“
1231 570 1314 601 ante
1371 567 1580 602 electionem
1631 567 1828 610 agendum:

720 620 753 654 S.
780 621 993 655 Franciscus
1020 621 1170 662 Borgias
1205 621 1361 654 vicarius
1387 620 1565 664 generalis
1597 623 1719 664 patres
1751 631 1829 653 con-

721 676 891 717 gregatos
918 674 1111 718 alloquitur
1141 674 1254 717 (737).

663 727 728 761 Die
748 727 976 761 Visitationis
1001 727 1040 761 B.
1060 728 1108 761 M.
1125 727 1167 761 V.
1186 739 1290 761 inane
1316 726 1467 770 Borgias
1493 725 1647 769 singulis
1673 725 1832 759 electori-

722 780 788 814 bus
815 780 1066 814 eucharistiam
1094 780 1251 825 praebet.
1295 780 1333 814 P.
1361 779 1576 813 Benedictus
1602 778 1762 812 Palmius
1788 778 1831 812 ad

723 845 783 867 eos
809 834 1009 867 contionem
1035 834 1145 868 habet
1178 833 1290 877 (737).

665 900 711 941 In
745 900 869 941 domo
902 900 1099 954 professa
1131 899 1363 942 Societatis
1406 898 1581 952 eligitur
1612 897 1832 952 praeposi-

722 967 794 1006 tus
835 965 1050 1017 generalis
1083 965 1267 1007 Sanctus
1299 963 1555 1006 Franciscus
1588 963 1640 1005 de
1673 963 1833 1016 Borgia

723 1030 1008 1083 (737—740).

667 1105 752 1138 Post
777 1104 966 1149 prandium
992 1104 1144 1148 Borgias
1178 1104 1404 1150 praepositus
1434 1103 1613 1147 generalis
1640 1115 1720 1138 cum
1746 1103 1835 1137 elec-

723 1158 862 1192 toribus
896 1158 1001 1192 Pium
1032 1158 1093 1192 IV.
1120 1158 1164 1192 ad
1191 1158 1284 1192 Arae
1312 1157 1408 1192 Coeli
1444 1160 1648 1191 versantem
1684 1156 1758 1190 adit
1793 1156 1836 1189 ab

725 1222 837 1255 eoque
854 1211 1021 1251 laudibus
1048 1214 1084 1245 et
1100 1211 1346 1245 benedictione
1364 1210 1543 1250 munitur;
1571 1210 1705 1253 singuli
1723 1209 1836 1254 ponti-

725 1264 803 1299 ficis
830 1265 939 1309 pedes
964 1264 1172 1299 osculantur
1201 1265 1285 1307 (738
1313 1264 1412 1307 741).

668 1318 704 1353 G.
724 1317 927 1363 Philippum
956 1318 1197 1352 Camerarium
1225 1318 1372 1362 eiusque
1398 1317 1533 1351 socium
1560 1328 1622 1361 per
1648 1315 1838 1351 Societatis

726 1371 887 1405 homines
913 1383 1102 1414 germanos
1128 1371 1321 1405 identidem
1358 1371 1393 1404 in
1420 1370 1567 1404 aedibus
1593 1369 1838 1414 Inquisitionis

727 1424 932 1458 invisendos
959 1427 1061 1458 curat
1089 1425 1323 1468 (746—751).

670 1482 801 1526 Borgia
827 1486 974 1517 auctore
1004 1483 1256 1527 ⁷,congregatio
1282 1484 1363 1528 post
1382 1481 1610 1516 electionem“
1633 1480 1839 1514 incohatur:

729 1536 771 1570 de
801 1537 1094 1578 „assistentibus“
1125 1536 1345 1570 deliberatur
1375 1536 1489 1579 (739).

672 1590 710 1623 In
737 1590 1014 1633 congregatione
1041 1590 1083 1624 de
1109 1589 1363 1625 assistentibus
1389 1590 1510 1632 agitur
1540 1599 1581 1621 ac
1608 1587 1650 1621 de
1676 1598 1840 1632 procura-

730 1643 866 1677 toribus
901 1643 945 1677 ad
981 1643 1278 1687 congregationes
1314 1642 1498 1676 mittendis
1533 1640 1685 1675 multum
1723 1640 1842 1685 dispu-

730 1699 829 1730 tatur
858 1696 970 1740 (753).

652 1750 724 1805 {De
751 1750 1040 1794 procuratoribus
1067 1749 1298 1784 constituitur
1323 1752 1359 1783 et
1385 1749 1427 1783 de
1454 1747 1746 1791 „assistentibus“
1770 1747 1842 1790 agi-

730 1806 789 1837 tur
817 1803 929 1847 (753).

677 1869 932 1923 Deliguntur
966 1872 989 1910 5
1023 1869 1325 1924 provinciales,
1365 1870 1496 1921 atque
1528 1867 1643 1910 inter
1673 1867 1752 1908 hos
1784 1867 1842 1909 C..

733 1935 817 1988 qui,
842 1948 952 1987 quae
971 1934 1298 1988 congregationi
1316 1932 1594 1987 proponenda
1611 1932 1710 1982 sint,
1735 1945 1844 1985 quae

733 2014 817 2041 non
850 1999 949 2049 sint,
984 1999 1232 2041 discernant
1263 1999 1400 2051 (755).

656 2075 852 2121 ¹Quattuor
881 2075 1172 2119 „deputationes“
1211 2075 1255 2108 ad
1290 2074 1391 2108 varia
1425 2073 1570 2116 negotia
1605 2073 1761 2107 curanda
1796 2073 1844 2105 in-

735 2131 935 2164 stituuntur
962 2128 1195 2172 (753—755).

657 2190 719 2239 Ὀ.
754 2199 798 2238 et
832 2198 855 2237 6
889 2195 961 2237 alii
994 2209 1019 2237 a
1051 2194 1298 2249 praeposito
1332 2193 1525 2247 generali
1548 2193 1844 2246 designantur,

736 2264 795 2310 ut,
831 2261 983 2312 quibus
1014 2260 1057 2301 in
1090 2260 1217 2302 rebus
1250 2258 1482 2301 Societatis
1515 2257 1845 2301 constitutiones

736 2341 831 2367 curn
864 2325 1032 2367 concilii
1063 2324 1287 2367 tridentini
1321 2323 1507 2366 decretis
1550 2337 1743 2378 pugnare
1781 2322 1846 2363 vi-

736 2391 934 2441 deantur,
978 2393 1244 2443 cognoscant
1285 2392 1329 2431 et
1371 2389 1424 2431 ad
1464 2388 1845 2442 congregationem

736 2456 929 2498 referant
963 2454 1099 2508 (756).

677 2531 717 2564 In
743 2531 1032 2574 congregatione,
1069 2532 1154 2573 quot
1189 2529 1361 2572 suffragia
1396 2529 1439 2562 ad
1471 2540 1526 2562 res
1553 2527 1770 2561 definiendas
1796 2539 1846 2561 re—

737 2584 934 2628 quirantur,
960 2583 1134 2617 statuitur
1162 2582 1276 2625 (753).

679 2637 928 2680 Congregatio‚
955 2648 992 2669 re
1011 2648 1072 2680 per
1091 2636 1111 2669 3
1131 2636 1206 2669 dies
1233 2646 1395 2675 excussa,
1423 2634 1589 2677 Borgiam
1616 2634 1708 2667 serio
1735 2638 1848 2677 rogat,

737 2692 777 2723 ut
796 2689 946 2733 collegia
961 2690 1030 2723 iam
1050 2689 1147 2723 facta
1165 2689 1317 2729 roboret,
1337 2699 1430 2721 nova
1449 2699 1533 2721 vero
1553 2699 1592 2720 ea
1611 2689 1751 2720 tantum
1770 2687 1848 2729 lege

739 2743 916 2783 admittat,
942 2746 982 2776 ut
1007 2742 1143 2776 reditus
1171 2745 1206 2775 et
1224 2741 1316 2775 Socii
1343 2741 1457 2774 idonei
1483 2745 1624 2785 praesto
1642 2741 1715 2774 sint
1736 2740 1848 2783 (753).

681 2797 719 2830 In
733 2796 886 2839 singulis
898 2795 1086 2830 Societatis
1099 2795 1293 2839 provinciis
1308 2794 1435 2828 saltem
1451 2806 1559 2827 unum
1576 2794 1845 2834 „seminarium‘

739 2849 965 2883 scholasticis
991 2847 1222 2882 instituendis
1248 2848 1351 2881 condi
1378 2847 1518 2881 iubetur
1547 2847 1778 2889 (753—754).

662 2902 732 2936 'De
759 2902 1040 2946 praepositorum
1067 2900 1341 2945 provincialium
1378 2903 1414 2933 et
1440 2900 1766 2934 commissariorum
1793 2911 1850 2944 po-

740 2957 872 2988 testate
899 2954 1020 2998 aliqua
1045 2954 1256 2987 sanciuntur
1283 2953 1397 2996 (754).

664 3007 940 3051 'Congregatim
980 3009 1130 3050 utroque
1167 3006 1310 3049 negotio
1346 3006 1482 3050 aliquot
1520 3006 1645 3040 diebus
1686 3007 1849 3039 tractato.

746 3062 773 3094 1.
800 3071 1030 3103 personarum
1050 3060 1268 3093 mutationes
1286 3059 1413 3103 probat
1439 3059 1534 3093 etde
1557 3059 1600 3093 iis
1627 3058 1747 3102 aliqua
1773 3070 1851 3091 con-

744 3113 881 3152 stituit;
919 3112 949 3146 2.
977 3112 1011 3146 in
1038 3111 1189 3155 singulis
1216 3112 1410 3156 provinciis
1441 3112 1585 3154 „domus
1612 3111 1848 3156 probationis*

746 3165 984 3200 instituendas
1010 3177 1089 3199 esse
1112 3165 1287 3205 affirmat;
1315 3165 1384 3199 alia
1403 3177 1542 3209 quoque
1562 3165 1719 3199 decernit
1740 3166 1851 3207 (754).
