2077 3461
655 193 818 235 Augusta
846 192 950 226 Vind.
978 192 1032 226 23.
1061 191 1183 225 Martii
1214 191 1315 226 1566.
1747 194 1830 236 209

71 309 171 351 dum
208 309 417 351 habemur
462 310 515 351 ab
557 310 789 352 Catholicis
822 311 951 353 etiam
999 310 1322 364 exploratores,
1369 313 1413 352 et
1456 313 1660 364 putamur
1703 311 1832 352 rebus

69 373 251 428 publicis
274 388 351 415 nos
373 374 629 425 immiscere,
663 377 708 416 et
730 389 840 428 quae
863 378 964 418 sunt
985 375 1242 417 humilitatis
1264 378 1442 417 nostrae
1468 376 1655 430 propria,
1689 379 1833 430 poste·

69 438 182 480 riore
214 439 374 481 habere
405 439 514 489 loco,
558 440 680 482 uelut
721 440 792 493 qui
825 454 1028 495 praeesse
1061 440 1200 494 magis
1233 454 1361 492 quam
1394 440 1600 494 prodesse
1634 441 1830 483 uelimus.

70 503 116 546 P.
161 503 335 546 Natalis
381 504 561 555 iudicat,
616 504 810 546 odiosum
858 519 1052 559 prorsus,
1107 507 1151 547 et
1197 504 1441 559 prouintiae
1496 505 1832 558 societatisque³

69 568 271 611 nostraeb
303 569 431 611 rebus
471 569 908 612 incommodissimum
942 571 1022 612 hoc
1054 584 1190 623 genus
1222 583 1318 611 esse
1350 569 1566 611 missionis
1592 605 1598 611 .
1624 570 1743 619 Quod
1777 571 1829 612 ad

69 647 137 675 me
168 636 353 688 spectat,
397 635 438 675 in
472 638 703 687 Vtrumque
745 631 893 677 casum
934 649 1001 677 me
1043 638 1244 689 paratum
1286 635 1425 676 sentio
1460 635 1630 676 Domini
1672 635 1828 687 gratia,

70 698 141 750 qui
173 702 345 741 nostros
378 702 558 741 conatus
592 713 740 741 omnes
772 699 815 740 in
848 713 970 742 suam
1004 699 1166 753 dirigat
1197 699 1395 753 gloriam.

187 763 307 812 Quod
350 764 385 805 si
427 763 525 805 hinc
565 763 720 806 iterum
762 764 1066 806 discedendum
1099 767 1216 806 esset
1248 764 1364 813 mihi,
1408 778 1492 805 non
1530 764 1654 806 uideo
1688 764 1828 814 facile,

67 841 194 880 quem
227 828 497 881 Augustanis
538 828 881 870 contionatorem
925 829 1028 871 dare
1068 830 1301 883 possimus,
1345 829 1602 883 praesertim
1644 829 1830 871 abeunte

68 892 287 934 Coloniam
312 893 357 935 P.
382 893 570 935 Martino
588 895 614 936 1.
668 893 760 942 Qua
793 894 845 936 de
877 907 923 935 re
958 894 1236 947 cogitandum
1269 893 1464 947 relinquo
1496 894 1603 936 meis
1636 893 1830 948 superio-

67 957 196 1007 ribus,
231 958 303 1011 qui
335 972 419 999 11011
453 959 678 1010 uulgarem
713 959 982 1000 occasionem
1016 973 1127 1000 nunc
1161 958 1351 1001 habituri
1383 959 1598 1010 uidentur,
1642 962 1690 1002 ut
1723 960 1829 1002 certi

67 1022 228 1075 aliquid
262 1023 314 1064 de
346 1023 614 1076 Augustanis
648 1023 849 1065 aedibusc
881 1027 1103 1066 statuatur
1116 1026 1144 1074 2,
1183 1024 1218 1065 si
1250 1024 1313 1066 ita
1345 1024 1528 1066 Domino
1561 1024 1701 1066 uisum
1734 1024 1828 1068 erit.

187 1087 312 1142 Cupit
334 1088 735 1130 Reuerendissimus
758 1089 1086 1143 Herbipolensis
1100 1090 1127 1139 3,
1162 1092 1209 1131 ut
1230 1089 1363 1132 finitis
1385 1089 1582 1143 Comicijs
1604 1089 1829 1143 Herbipoli

67 1167 264 1195 maneam
297 1153 351 1195 ad
384 1167 553 1195 menses
586 1153 764 1206 aliquot,
799 1157 843 1196 et
865 1154 1102 1207 aedificijs4
1133 1154 1339 1207 parandis
1373 1154 1467 1196 dem
1492 1168 1666 1208 operam
1691 1168 1829 1207 ‚quae

67 1232 284 1270 nunquam
308 1218 391 1260 rite
414 1219 664 1272 procedent,
699 1219 781 1260 nisi
803 1222 1077 1272 praesentem
1111 1218 1197 1260 illic
1224 1218 1424 1272 aliquem,
1459 1233 1641 1272 eumque
1664 1219 1829 1261 contio-

66 1286 265 1325 natorem
299 1284 352 1325 ad
385 1286 555 1337 tempus
587 1283 836 1326 habeamus.
885 1284 1047 1325 Verum
1081 1284 1151 1325 ubi
1178 1287 1340 1337 specto,
1375 1298 1503 1337 quam
1535 1284 1622 1326 sint
1645 1285 1829 1337 exiguae

66 1348 181 1390 uires
223 1348 500 1402 collegiorum
544 1351 803 1399 nostrorum,
846 1363 931 1390 non
964 1349 1123 1390 suadeo
1158 1363 1212 1390 ex
1249 1349 1315 1390 his
1356 1349 1471 1392 mitti
1512 1349 1733 1403 operarios
1775 1350 1828 1391 ad

68 1427 181 1455 noua
214 1414 427 1466 quaedam
461 1413 561 1454 alibi
596 1413 816 1467 erigenda.
880 1413 1128 1463 Queruntur
1159 1413 1332 1464 Bauari,
1367 1416 1465 1467 post
1497 1417 1719 1468 acceptam
1753 1414 1826 1456 do-

70 1478 279 1521 tationem
313 1479 453 1520 minus
486 1492 510 1520 a
543 1478 665 1520 nobis
697 1493 825 1532 quam
859 1481 1003 1529 antea,
1044 1479 1087 1519 in
1119 1478 1277 1520 scholis
1309 1478 1537 1532 praestari,
1584 1479 1696 1532 quod
1728 1494 1828 1533 pro-

65 1543 303 1585 fessoribus
334 1544 499 1585 idoneis
533 1543 820 1586 destituamur
834 1545 861 1585 5.
919 1544 1037 1585 Haec
1070 1543 1276 1586 iudicabit
1308 1544 1354 1586 P.
1379 1543 1620 1586 Visitator6
1652 1544 1826 1593 rectius,

67 1622 162 1650 cum
195 1608 366 1662 singula
398 1609 556 1650 viderit
589 1608 784 1661 collegia.

184 1674 288 1716 Doc.
312 1673 523 1715 Ledesma
555 1674 705 1715 lubens
738 1677 938 1716 uersatur
968 1673 1011 1714 in
1035 1673 1279 1724 Germania,
1314 1673 1384 1726 qui
1407 1676 1499 1715 tum
1521 1674 1565 1715 in
1586 1674 1826 1724 scribendo,

66 1741 157 1780 tum
190 1739 233 1780 in
267 1739 458 1780 docendo
492 1752 754 1792 magnopere
787 1739 938 1780 iuuare
970 1741 1117 1792 posset
1158 1738 1268 1780 hanc
1302 1738 1512 1781 afflictam
1550 1739 1825 1793 prouintiam.

65 1803 206 1853 Quare
240 1804 432 1858 cupimus
464 1803 584 1844 illum
618 1803 776 1846 diutius
809 1803 930 1844 nobis
963 1803 1158 1856 relinqui,
1192 1817 1321 1856 quam
1344 1803 1398 1845 ad
1431 1804 1594 1846 exitum
1619 1804 1826 1846 Comicio-

64 1883 160 1910 rum
192 1882 341 1921 usque.
394 1869 553 1910 Parum
586 1869 724 1910 adhuc
758 1868 956 1910 didicisse
978 1868 1151 1911 uidetur
1173 1868 1225 1910 de
1247 1868 1474 1922 sententijs
1496 1869 1825 1912 haereticorum.

65 1933 147 1975 Hic
180 1947 282 1975 uero
316 1934 351 1975 si
384 1936 571 1983 maneat,
606 1933 809 1975 iudicium
831 1936 970 1983 acuet,
1005 1947 1055 1975 ac
1078 1933 1240 1976 rectius
1272 1934 1481 1977 tractabit
1503 1948 1613 1987 quae
1636 1935 1691 1977 ad
1724 1949 1826 1976 con-

65 1999 303 2041 trouersias
334 1998 567 2052 pertinent,
602 1999 645 2039 in
670 1998 822 2051 quibus
853 1998 1092 2040 iudicandis
1125 1999 1303 2052 prodest
1334 1998 1402 2040 hic
1424 1999 1570 2041 uidere
1603 2002 1647 2041 et
1679 2000 1826 2041 audire

65 2065 110 2105 et
141 2063 300 2116 legere,
343 2077 452 2115 quae
486 2063 650 2105 Romae
684 2077 769 2104 non
802 2063 908 2105 adeo
947 2063 1074 2105 facile
1115 2063 1423 2117 percipiuntur.
1489 2064 1715 2117 Surrogari
1755 2064 1825 2106 Di-

64 2128 209 2182 lingae
241 2131 389 2182 posset
421 2128 463 2169 in
496 2129 636 2169 locum
671 2129 721 2170 D.
746 2128 973 2179 Chunradi,
1008 2128 1079 2181 qui
1112 2129 1196 2170 alio
1229 2128 1559 2170 transferendus
1592 2129 1686 2179 erit,
1719 2130 1822 2172 Doc.

65 2193 221 2235 Torres
255 2196 321 2235 est
352 2193 606 2234 imbecillior
638 2193 782 2244 etiam,
818 2207 945 2246 quam
977 2195 1025 2235 ut
1057 2193 1247 2247 quotidie
1281 2194 1434 2236 docere
1467 2194 1614 2247 possit.
1678 2194 1826 2248 Jgitur

65 2262 164 2312 eget
196 2258 334 2300 frater
366 2258 509 2311 aliquo
534 2258 765 2311 Theologo,
801 2258 872 2310 qui
905 2272 1108 2312 magnam
1141 2272 1190 2300 eo
1224 2259 1266 2300 111
1298 2260 1392 2300 1000
1426 2261 1517 2301 tum
1540 2259 1823 2313 Viceprouin-

64 2323 171 2373 tiali,
204 2325 296 2365 tum
329 2323 483 2376 studijs
516 2323 750 2365 utilitatem
783 2323 976 2365 adferret
998 2323 1179 2364 Domino
1204 2324 1442 2366 auxiliante
1456 2324 1483 2365 7.
1539 2325 1575 2365 A
1609 2337 1693 2377 qua
1725 2337 1822 2365 sen-

63 2388 201 2430 tentia
245 2388 289 2430 P.
315 2387 528 2430 Visitator
572 2387 820 2440 neutiquam
868 2388 1085 2430 abhorret.
1148 2388 1198 2429 Js
1247 2388 1371 2442 plura
1418 2388 1577 2430 scribet
1625 2388 1675 2429 de
1723 2402 1823 2442 pro-

65 2453 227 2495 uintiae
260 2456 392 2495 statu

182 2539 209 2570 a)
231 2540 264 2563 In
287 2543 398 2570 autoyr.
418 2540 551 2570 seqnitur
572 2539 695 2567 nostris,
723 2548 739 2563 a
762 2541 789 2563 (Ι.
810 2539 1014 2563 oblitteratum.
1098 2538 1127 2569 b)
1160 2540 1190 2563 [ιι
1223 2542 1281 2563 ant.
1312 2539 1444 2570 sumitur
1475 2537 1718 2571 ‹lispendiosissi.
1748 2548 1765 2564 (ι
1793 2542 1821 2564 C-

64 2580 153 2606 oblite.
226 2580 251 2611 c)
273 2581 306 2605 In
328 2584 387 2605 [ιιιι.
407 2581 540 2612 sufficitur
561 2587 648 2606 nunc.
668 2589 684 2603 ιι
707 2581 734 2604 (J'.
756 2580 844 2604 amm.

186 2703 195 2722 ¹
221 2703 473 2743 Stev01·dia110;
503 2702 583 2736 vide
610 2713 716 2746 supra
744 2714 776 2745 p.
806 2702 882 2736 193.

182 2756 194 2776 ²
220 2756 273 2790 De
299 2756 490 2790 Societatis
517 2756 618 2789 domo
645 2758 866 2797 augustana;
895 2755 974 2788 vide
1001 2766 1108 2799 supra
1136 2767 1167 2799 p.
1200 2756 1275 2789 179.

182 2809 195 2829 ³
223 2809 425 2844 Fridericus
452 2821 472 2843 a
500 2808 699 2850 NVirsberg.

181 2863 193 2882 ⁴
221 2861 370 2906 Collegii
397 2861 579 2906 Herbipoli
608 2861 838 2901 instituendi;
866 2860 947 2894 vide
973 2872 1081 2905 supra
1108 2873 1141 2905 p.
1176 2861 1370 2896 128—1251.

182 2916 194 2935 ⁵
221 2915 379 2959 Collegia
405 2914 686 2958 ingolstadiense
713 2916 748 2947 et
766 2924 980 2947 monacense
999 2926 1028 2947 a.
1052 2914 1140 2948 1563
1160 2914 1202 2947 ab
1222 2914 1368 2947 Alberto
1389 2913 1430 2947 V.
1450 2914 1538 2947 111100
1558 2913 1679 2948 dotata
1699 2917 1818 2955 erant;

64 2967 146 3001 vide
173 2968 257 3002 Can.
285 2969 334 3002 lv
360 2969 439 3003 939.
586 2970 598 2987 ‘⁵
624 2967 776 3001 Natalis.

183 3021 195 3041 ⁷
220 3021 290 3056 ΡΡ.
319 3022 504 3056 Conradus
540 3020 742 3064 Swagerius
782 3022 816 3053 et
853 3019 1093 3063 Hieronymus
1131 3019 1328 3059 Tou-ensis,
1365 3019 1397 3053 S.
1427 3019 1471 3059 J„
1510 3020 1544 3053 in
1583 3020 1820 3054 universitate

65 3072 245 3117 dilingana
270 3074 487 3118 theologiam
514 3074 713 3108 tradebant.
754 3072 1010 3107 Universitatis
1036 3074 1156 3106 autem
1175 3074 1209 3106 et
1227 3072 1368 3115 collegii
1387 3072 1559 3116 dilingani
1577 3076 1694 3107 rector
1711 3077 1820 3118 atque

65 3125 172 3160 etiam
199 3126 409 3162 Germaniae
435 3128 628 3172 superioris
656 3125 966 3171 viceprovincialis
993 3128 1070 3159 erat
1098 3125 1135 3158 P.
1162 3125 1402 3160 Theodorieus
1429 3125 1603 3163 Canisius.
1635 3127 1728 3160 Petri
1756 3126 1818 3160 Ca-

64 3177 145 3212 nisii
171 3180 284 3213 frater
310 3192 354 3214 ex
380 3183 493 3225 patre.

136 3241 442 3276 Braunsberger.
463 3244 574 3270 Canisii
595 3243 747 3277 Epistulae
768 3243 799 3268 et
817 3242 900 3268 Aeta.
928 3242 961 3268 V.
1493 3239 1534 3272 14
