2077 3461
239 213 266 254 4
462 209 562 245 1198.
590 209 756 244 Canisius
782 209 816 244 S.
843 209 1033 244 Francisco
1060 210 1102 244 de
1130 210 1271 252 Borgia.
1309 208 1454 253 Dilinga
1479 210 1512 244 9.
1539 209 1641 245 Febr.
1670 211 1770 246 1565.

236 327 478 362 dedicaverat.
537 327 670 361 Postea
704 327 882 361 Monachii
922 328 1114 362 canonicus
1153 330 1189 361 et
1224 327 1380 361 decanus
1415 326 1615 370 collegialis
1650 327 1824 362 ecclesiae
1858 327 1991 361 Beatae

237 380 374 414 Mariae
399 380 561 423 Virginis
586 380 656 414 fuit
690 382 726 414 et
750 380 851 415 libris
877 380 1055 421 asceticis,
1090 379 1286 424 polemicis,
1320 378 1514 419 historicis,
1549 391 1638 423 quos
1668 380 1729 414 vel
1761 380 1797 414 in
1830 379 1992 423 linguam

237 433 480 477 germanicam
505 433 703 473 transtulit,
738 433 798 467 vel
832 433 908 478 ipse
944 433 1067 467 eadem
1103 433 1226 476 lingua
1253 432 1476 476 conscripsit,
1508 444 1581 466 rem
1609 432 1822 467 catholicam
1848 433 1992 476 egregie

237 486 377 520 adiuvit
404 486 467 529 (K.
493 498 522 520 v.
551 487 895 529 Reinhardstottner,
931 486 998 519 Zur
1025 485 1242 519 Geschichte
1278 485 1341 519 des
1366 484 1625 519 Humanismus
1659 486 1729 520 und
1757 487 1819 520 der
1845 485 1991 520 Gelehr-

236 539 394 573 samkeit
427 539 463 573 in
495 538 676 573 Miinchen
709 542 816 572 unter
840 538 1014 572 Albrecht
1048 538 1126 571 dem
1164 537 1331 579 Fiinften‚
1365 538 1401 571 in
1441 537 1646 580 „Jahrbuch
1680 538 1738 572 fiir
1772 538 1991 572 Miinchener

239 591 475 627 Geschichte‘
506 592 565 634 IV,
591 591 771 634 Bamberg
792 591 893 632 1890,
924 591 1107 625 118—119
1136 591 1333 625 168—169.
1369 591 1502 624 Bernlz.
1522 591 1629 625 Dalzr
1655 590 1688 625 S.
1704 591 1747 632 J.‚
1775 591 1991 625 Geschichte

237 646 299 680 der
316 645 481 680 Jesuiten
507 646 542 678 in
570 645 637 679 den
663 644 827 678 Landern
854 643 1046 678 deutscher
1072 644 1192 686 Zunge
1218 644 1267 677 im
1293 643 1388 678 XVI.
1409 643 1664 685 Jahrhundert,
1690 644 1865 687 Freiburg
1890 644 1911 678 i.
1931 644 1989 678 ΒΓ.

239 699 341 738 1907,
367 698 583 739 856-857).

355 757 533 791 Polancus
558 756 635 790 loco
662 755 842 790 Goissonii
868 754 1010 789 Canisio
1036 755 1221 799 respondit
1248 755 1360 789 Roma
1386 756 1442 789 24.
1469 755 1590 789 Martii
1621 755 1721 790 1565.

236 849 383 887 1198.
482 849 696 885 CANiSIUS
724 847 988 884 SANOTO
1016 847 1403 885 FRANCISOO
1431 848 1523 884 DE
1543 847 1830 891 BORGIA,
1855 849 1990 883 vicario

401 903 561 946 generali
587 902 777 937 Societatis
802 902 895 936 Iesu.
1394 902 1540 946 Dilinga
1571 903 1602 937 9.
1630 902 1813 936 Februarii
1841 902 1941 936 1565.

355 975 410 1009 Ex
436 973 611 1019 epistulae
637 972 785 1006 Polanci
811 983 944 1017 apogr.,
971 972 1047 1006 eod.
1073 974 1182 1017 temp.
1209 972 1353 1017 scripto.
1409 972 1547 1014 „Germ
1575 974 1639 1007 61“
1670 973 1694 1007 f.
1721 973 1800 1007 273.

356 1040 456 1072 Duos
479 1040 614 1081 fratres
639 1037 863 1070 scholasticos·
889 1038 1114 1070 commendat.

354 1103 392 1135 P.
421 1104 572 1135 Ioannes
597 1102 637 1134 de
662 1101 816 1134 Polanco
841 1102 1053 1133 secretarius
1080 1101 1264 1134 Societatis
1290 1102 1369 1134 Iesu
1393 1101 1533 1133 nomine
1560 1102 1596 1134 S.
1620 1101 1810 1133 Francisci
1835 1101 1990 1143 Borqiae

234 1156 363 1189 vicarii
384 1155 561 1198 yeneralis
585 1155 699 1187 Roma
728 1156 779 1187 16.
801 1155 877 1195 (17.
891 1154 925 1193 .9)
946 1154 1075 1186 Martii
1093 1156 1186 1187 1565
1208 1154 1353 1187 Ccmesssto
1379 1154 1545 1196 scripsit:
1574 1153 1666 1194 „Tre
1689 1154 1806 1186 lettere
1831 1154 1872 1186 dc
1889 1154 1926 1187 V.
1945 1154 1987 1186 R.

234 1210 268 1242 si
290 1219 374 1241 sono
399 1210 556 1241 riceuate
581 1208 621 1240 de
649 1210 679 1249 9,
707 1211 736 1239 et
763 1209 829 1240 ,15.
857 1207 911 1239 del
935 1211 1089 1250 pas-sato,
1116 1211 1145 1240 et
1172 1210 1203 1240 3.
1222 1208 1277 1239 del
1293 1211 1475 1250 presente.
1491 1207 1527 1239 Za
1543 1208 1664 1249 prima
1676 1211 1852 1249 portorno
1870 1207 1988 1239 Pietro

235 1263 460 1296 Louaniense
485 1265 514 1293 et
537 1261 713 1303 ssioaanni
738 1257 873 1293 uiero.“

354 1324 497 1359 Perisse
538 1324 681 1367 quidem
718 1323 862 1357 videtur
904 1323 1056 1367 „prima“
1099 1323 1161 1357 illa
1198 1335 1243 1357 ex
1282 1323 1417 1358 Canisii
1455 1322 1638 1367 epistulis;
1681 1334 1759 1356 eam
1796 1325 1917 1357 tamen
1954 1323 1990 1356 id

236 1380 431 1423 spectasse,
465 1380 505 1411 ut
540 1377 607 1411 duo
643 1376 695 1410 illi
722 1376 913 1410 Societatis
938 1376 1068 1410 fratres
1094 1376 1301 1410 scholastici
1327 1375 1440 1410 Sociis
1465 1376 1621 1410 romanis
1647 1376 1990 1416 commendarentur,

237 1442 318 1465 cum
344 1442 389 1464 ex
407 1429 564 1470 Polanci,
583 1440 673 1474 quas
692 1429 776 1469 dixi,
793 1428 936 1469 litteris,
963 1433 1038 1463 tum
1063 1441 1108 1462 ex
1126 1429 1206 1463 aliis
1224 1429 1371 1462 Polanci
1397 1430 1433 1462 et
1450 1428 1583 1462 Canisii
1609 1428 1773 1472 epistulis
1800 1428 1990 1472 colligitur.

354 1483 484 1516 Petrus
501 1483 626 1516 Vranx
651 1482 728 1516 sive
754 1481 989 1516 Lovaniensis
1015 1484 1052 1515 et
1076 1483 1226 1516 Ioannes
1244 1482 1374 1515 Vierus
1405 1481 1466 1525 (cf.
1487 1482 1574 1515 Can.
1601 1481 1652 1514 IV
1678 1482 1770 1516 513ι
1797 1481 1881 1525 940)
1909 1493 1989 1516 cum

237 1536 297 1570 diu
322 1536 358 1570 in
383 1535 532 1579 collegio
559 1535 828 1578 ingolstadiensi
854 1535 1048 1577 magistros
1067 1536 1236 1578 egissent,
1264 1535 1408 1568 ineunte
1426 1546 1456 1568 a.
1475 1535 1565 1568 1565
1582 1533 1618 1567 in
1636 1534 1785 1578 collegio
1808 1535 1990 1578 dilingano

238 1589 477 1623 versabantur
490 1602 496 1623 :
509 1589 720 1632 *Catuloyas
734 1587 874 1630 collegii
890 1588 1073 1630 dilingani,
1089 1588 1218 1621 ibidem
1233 1589 1262 1621 1.
1274 1588 1430 1621 Ianuarii
1445 1588 1533 1621 1565
1549 1588 1771 1632 conscriptus
1785 1587 1910 1630 („GSC
1925 1588 1988 1622 66“

236 1642 261 1676 f.
288 1642 357 1676 374
368 1642 410 1685 b).
462 1642 563 1675 Unde
590 1641 645 1674 die
672 1642 704 1675 9.
730 1641 914 1675 Februarii
942 1641 1032 1675 1565
1060 1641 1207 1675 Romam
1235 1640 1385 1685 profecti
1411 1643 1513 1680 sunt3
1542 1640 1624 1674 vide
1650 1640 1744 1674 infra
1769 1652 1802 1685 p.
1830 1642 1882 1674 14.

237 1732 382 1769 1199.
480 1733 695 1768 CANISIUS
723 1731 986 1768 SANGTO
1014 1731 1394 1769 FRANGISCO
1421 1731 1513 1767 DE
1540 1731 1825 1775 BORGIA,
1856 1733 1990 1768 vicario

403 1786 562 1830 generali
582 1786 769 1821 Societatis
787 1787 879 1820 Iesu.
910 1786 1152 1831 (Epistula
1178 1799 1199 1831 p
1212 1786 1335 1829 rior.)
1398 1786 1545 1828 Dilinga
1565 1787 1617 1821 10.
1636 1786 1819 1820 Februarii
1840 1787 1940 1821 1565.

357 1856 409 1890 Ex
436 1855 653 1900 apographo,
688 1856 781 1899 quod
815 1856 881 1889 sub
916 1867 946 1890 a.
976 1856 1066 1890 1860
1101 1860 1249 1890 curante
1283 1856 1323 1890 P.
1350 1858 1417 1890 Ios.
1445 1858 1558 1890 Boero
1593 1855 1626 1889 S.
1655 1856 1688 1890 J.
1715 1867 1760 1889 ex
1793 1856 1990 1901 archetypo

242 1910 318 1953 (2⁰;
353 1910 441 1949 2ff.;
482 1909 646 1943 Canisius
681 1920 745 1942 sua
779 1920 887 1942 manu
923 1909 1043 1952 aliqua
1078 1909 1244 1950 correxit,
1281 1921 1407 1943 nomen
1443 1909 1628 1953 [„seruus“
1658 1909 1740 1953 ete]
1767 1909 1990 1955 subscripsit,

239 1962 505 2006 inscriptionem
532 1962 664 2006 posuit)
702 1962 737 1994 in
765 1962 848 1996 Cod.
879 1961 937 2003 „E.
966 1962 1003 1996 C.
1031 1962 1075 1996 1.“
1106 1973 1140 1995 n.
1170 1963 1235 1995 152
1271 1962 1312 2005 (f.
1342 1963 1382 1996 15
1412 1963 1469 2005 16)
1507 1962 1622 2007 posito
1658 1962 1887 2007 exscriptum,
1923 1963 1989 1998 sub

239 2027 269 2049 a.
299 2015 388 2049 1903
415 2026 495 2048 cum
521 2014 641 2048 eodem
670 2014 864 2058 archetypo
891 2014 1060 2049 collatum
1087 2017 1152 2048 est.

357 2080 470 2112 Dolor
503 2084 612 2111 morte
638 2080 765 2111 Lainiz'
794 2081 993 2121 praepositi
1024 2080 1201 2122 yenerali’s
1228 2080 1340 2113 Sociis
1371 2081 1522 2122 aliisque
1547 2081 1689 2113 allatus.
1739 2081 1783 2112 In
1809 2081 1988 2124 colleqium

235 2133 480 2175 ,qermanicatn
507 2133 641 2164 venient
667 2132 900 2164 adulescentes
924 2133 1056 2165 nobiles
1082 2144 1159 2165 cum
1176 2134 1355 2165 sacerdote
1372 2133 1603 2165 valetudinem
1624 2134 1779 2175 ipsorum
1798 2138 1989 2174 miraturo,-

238 2185 404 2227 Philz'ppo
430 2185 592 2227 Fuyyero
619 2185 704 2227 plus
732 2185 1008 2227 permittendum
1043 2196 1148 2228 quam
1178 2186 1379 2218 Octaviano.
1425 2187 1608 2219 Pecuniae.
1651 2186 1848 2218 Mittantur
1881 2187 1990 2220 libelli

237 2238 402 2271 Brevium
429 2249 450 2270 a
476 2238 540 2270 Pe'o
567 2238 590 2270 Ι
594 2238 628 2270 V.
673 2238 856 2270 Societatis
881 2238 1120 2279 defendendae
1146 2249 1271 2271 caussa
1298 2240 1474 2272 datorum.
1521 2239 1727 2271 Cardinalis
1752 2239 1886 2272 Hosius
1910 2250 1986 2272 cam

241 2291 385 2324 Canisz'o
423 2291 639 2333 expostula&
676 2291 812 2332 colleffl'i
849 2291 1161 2333 brazmsberyensis
1198 2292 1295 2324 Socii
1331 2292 1512 2333 siuyulart'
1550 2303 1638 2324 eura
1676 2292 1856 2333 iudiqent;
1893 2293 1988 2325 calix

238 2344 434 2384 laicorum‚·
468 2344 650 2386 Hoffacns.
705 2343 878 2376 canoniea·
903 2346 1096 2386 auyustani
1122 2355 1200 2376 cum.
1226 2345 1408 2377 cardinali
1433 2345 1474 2377 de
1499 2346 1671 2387 pecuniae.
1697 2346 1865 2386 effusione
1894 2350 1923 2378 et
1948 2346 1989 2378 dc

239 2396 378 2438 colleyio
395 2397 579 2438 dilinqano
600 2396 879 2438 expostulabant.
912 2397 947 2429 Is
965 2408 984 2429 a
1009 2398 1165 2440 Cani-sio,
1193 2408 1280 2439 quae
1306 2398 1489 2430 emendare
1515 2398 1658 2435 deberet,
1685 2398 1824 2430 edoctus
1850 2399 1987 2441 quidem

239 2452 308 2490 est;
332 2450 390 2482 sed
415 2450 475 2482 cix
500 2460 538 2482 ea
564 2449 769 2481 emendabit.
820 2449 982 2482 Paratur
1006 2451 1162 2493 synodus
1187 2451 1405 2483 dioecesana.
1461 2450 1655 2483 Concilium
1688 2451 1919 2483 tridentinum
1949 2452 1987 2483 in

244 2503 437 2535 Germania
473 2513 542 2535 non
572 2502 834 2544 promulyatur.
886 2503 1054 2544 Dz'liuqae
1080 2507 1157 2535 rota
1184 2505 1349 2546 rdiaiosa
1377 2508 1542 2536 renovata
1569 2508 1650 2536 sunt
1676 2507 1705 2535 et
1729 2503 1866 2536 scholae
1889 2505 1988 2536 welde

237 2555 532 2597 frequentantar‚·
558 2555 812 2597 disputationes
820 2566 833 2596 ;
859 2556 1089 2588 contionator.
1134 2557 1241 2589 Libri
1262 2558 1461 2599 yet-manici
1478 2557 1627 2589 Romam
1653 2557 1822 2589 mittendi.
1861 2557 1988 2589 Mona-

238 2609 383 2639 sterium
409 2608 726 2640 Dominicanorum
763 2611 1012 2650 ‹tityus-tanum.
1063 2609 1191 2641 Ursula
1219 2610 1384 2651 Fuyyera
1413 2609 1696 2651 pulcherrimam
1721 2609 1845 2641 stolam
1871 2610 1986 2642 mittit.

240 2661 308 2692 Aes
326 2660 491 2693 alienum.
528 2661 775 2703 Epistularum
795 2661 830 2693 S.
848 2660 1062 2703 Hieronymi
1079 2662 1183 2693 editio
1202 2662 1325 2695 altera.
1360 2663 1469 2695 Ionae
1488 2662 1599 2694 Adler
1616 2662 1771 2693 insania.
1804 2662 1988 2704 Episcopis

241 2722 311 2745 non
337 2713 455 2745 debent
481 2714 720 2746 commendari
745 2713 911 2756 homines,
939 2716 1000 2756 qui
1027 2714 1229 2746 Societatem
1255 2716 1496 2748 deseruerunt.
1538 2715 1682 2756 Friglas.
1726 2715 1845 2756 Anyli.

519 2783 681 2826 Ihesus.
731 2784 824 2825 Pax
856 2784 1012 2825 Christi
1045 2784 1298 2825 Reuerende
1329 2785 1461 2827 Pater
1494 2788 1575 2827 etc:

357 2852 453 2894 Etsi
494 2853 596 2893 nihil
636 2854 690 2895 ad
731 2869 808 2896 nos
846 2854 1052 2908 scriptum
1094 2857 1160 2896 est
1201 2855 1252 2895 de
1285 2855 1427 2896 foelici
1460 2854 1769 2896 obdormitione
1801 2855 1986 2897 Sanctae

240 2916 470 2957 memoriae
503 2916 644 2958 Patris
686 2922 729 2960 et
761 2919 1002 2972 Praepositi
1045 2918 1181 2960 nostri
1221 2920 1478 2971 generalis1,
1521 2918 1592 2971 qui
1624 2918 1790 2960 Christo
1823 2919 1943 2962 uiuat
1956 2921 1983 2969 2,

362 3023 371 3041 ¹
397 3021 560 3055 Nondum
595 3022 705 3065 igitur
741 3022 882 3056 Canisio
919 3023 1073 3056 traditae
1109 3026 1210 3056 erant
1247 3023 1389 3057 litterae
1427 3023 1609 3067 copiosae,
1647 3022 1774 3065 quibus
1809 3023 1984 3057 Polancus

241 3073 362 3108 Socios
396 3075 566 3108 certiores
600 3073 780 3115 reddebat,
817 3075 984 3108 Iacobum
1014 3075 1177 3109 Lainium
1212 3075 1345 3109 Romae
1380 3076 1411 3108 d.
1441 3075 1494 3109 19.
1520 3075 1674 3108 Ianuarii
1712 3075 1800 3108 1565
1835 3076 1891 3119 pie
1926 3076 1984 3109 ad-

241 3127 382 3160 modum
410 3126 484 3159 vita
510 3127 672 3159 functum
699 3138 795 3166 esse;
823 3138 912 3170 quas
938 3127 1078 3161 litteras
1104 3128 1186 3161 vide
1215 3129 1301 3162 Can.
1329 3128 1379 3161 IV
1406 3127 1600 3162 783—786.

360 3179 373 3199 2
400 3178 452 3212 Cf.
480 3179 567 3212 Rom
594 3180 625 3220 6,
655 3179 696 3213 10
725 3180 786 3212 11:
814 3179 834 3212 2
862 3179 928 3213 Cor
953 3181 985 3219 5,
1015 3181 1067 3214 15.
