2045 3471
196 183 281 223 610
558 180 654 214 Mon.
675 180 740 214 705
769 179 846 214 sive
874 180 932 214 dil.
953 180 1020 224 (9).
1064 181 1094 214 A
1122 180 1153 214 d.
1173 180 1204 214 2.
1224 180 1267 214 ad
1294 181 1326 214 4.
1345 180 1436 214 Nov.
1459 181 1559 215 1565.

194 298 355 332 doceant.
390 297 522 331 Videre
548 297 582 330 id
610 302 666 331 est
690 297 727 331 in
753 297 916 332 omnibus
943 299 1018 332 fere
1039 297 1251 332 Germaniae
1271 297 1441 343 Collegijs
1466 298 1610 338 nostris,
1636 298 1671 331 in
1699 297 1829 342 quibus
1855 297 1959 343 paucj

193 351 355 393 germani
381 352 475 390 sunt,
511 350 572 394 qui
598 351 635 383 in
660 350 912 385 remotioribus
945 351 1034 385 locis
1059 362 1163 385 suam
1199 351 1398 384 doctrinam
1433 352 1469 384 et
1494 350 1565 384 alia
1591 350 1655 384 Dei
1692 351 1795 392 dona,
1830 351 1959 395 quibus

192 404 355 448 proximo
380 404 550 448 prodesse
576 403 733 445 student,
759 415 829 437 non
855 403 1051 438 hauserint.
1094 404 1247 438 Faciunt
1268 403 1362 437 idem
1388 403 1570 438 seculares
1595 403 1766 445 homines,
1794 404 1855 448 qui
1880 415 1960 438 cum

192 456 352 500 insignes
370 456 502 490 habere
520 456 612 490 filios
631 456 789 501 cupiunt,
808 457 850 490 ad
871 457 1033 491 diuersas
1052 468 1111 491 eos
1129 456 1350 502 peregrinarj
1370 457 1496 490 uolunt
1513 457 1722 501 prouintias,
1746 459 1787 491 ut
1802 457 1960 491 locorum

193 511 228 543 et
254 521 488 554 personarum
513 510 690 544 uarietate
715 509 828 543 maior
854 510 906 544 eis
931 512 1115 544 accrescat
1141 509 1303 549 scientia,
1330 511 1365 543 et
1390 510 1426 543 in
1452 509 1560 543 rebus
1584 510 1735 553 agendis
1760 510 1961 555 prudentia.

193 562 383 597 Germanis
418 574 502 605 ergo
537 574 607 597 non
634 562 805 597 Societati
839 563 1006 604 ser-uitur,
1043 563 1125 597 dum
1161 563 1329 597 maximis
1364 562 1568 607 sumptibus
1602 563 1638 596 in
1664 563 1806 597 Italiam
1840 562 1899 596 uel
1923 563 1960 596 in

192 615 406 660 Hispaniam
441 616 669 650 instruendos
701 627 891 660 germanos
918 617 1140 659 ablegamus.
1191 616 1339 650 Vtinam
1365 618 1484 650 autem
1510 616 1644 651 multos
1670 616 1818 650 haberet
1842 615 1962 650 ubiuis

194 669 355 711 gentium
390 680 581 712 germanos
607 669 780 711 Societas,
816 681 861 703 ne
896 681 1006 704 unum
1041 669 1127 715 mihj
1164 669 1268 703 crede
1303 669 1577 710 afflictissimae,
1613 672 1648 703 et
1683 669 1750 714 sibj
1777 678 1890 712 usque
1915 669 1960 703 ad

193 722 326 767 proprij
362 722 550 766 sanguinis
586 722 795 757 effusionem
821 722 1195 757 commendatissimae
1223 721 1435 756 Germaniae
1466 722 1523 756 uel
1549 722 1695 756 unicum
1721 723 1960 757 subtraheret.

195 775 362 809 Abundat
387 776 539 809 aliarum
567 776 750 809 nationum
777 775 853 810 fere
880 777 1037 810 omnium
1067 776 1271 810 hominibus
1306 775 1395 809 haec
1422 775 1582 809 Societas
1618 787 1768 818 magna,
1804 775 1960 809 solorum

192 840 282 872 pene
317 840 578 872 germanorum,
619 840 710 872 quae
745 830 948 872 praesentis
985 830 1156 874 temporis
1192 833 1248 862 est
1282 828 1422 868 iniuria,
1458 829 1493 862 in
1529 829 1623 873 omnj
1659 828 1828 871 religioso
1862 830 1961 862 statu

193 882 352 916 cernitur
376 882 599 927 paucitas...
617 909 624 916 .
663 883 841 916 Docemur
867 882 1010 916 interim
1037 894 1057 916 a
1084 881 1408 916 Constitutionibus
1434 881 1577 922 nostris,
1604 884 1640 915 et
1665 882 1828 916 iubemur
1853 881 1960 915 etiam

192 946 360 978 magnam
398 935 531 979 ubique
558 934 840 969 Ordinariorium
867 935 998 969 habere
1025 936 1218 969 rationem:
1256 938 1290 969 et
1327 935 1546 969 consuetudo
1577 935 1719 978 quidem
1745 938 1869 969 nostra
1895 938 1962 975 est,

194 991 234 1021 ut
267 988 581 1032 (quemadmodum
617 1000 726 1033 supra
761 989 933 1032 diximus)
970 988 1179 1022 facultatem
1215 988 1259 1022 ab
1295 987 1341 1033 ijs
1368 988 1465 1032 prius
1501 988 1745 1033 impetremus,
1780 999 1886 1032 quam
1922 994 1963 1021 ut

193 1041 385 1085 quicquam
423 1042 459 1075 in
494 1042 653 1086 ipsorum
689 1042 913 1076 dioecesibus
947 1053 1098 1085 agamus
1114 1043 1133 1082 ¹,
1169 1042 1259 1086 ipsis
1285 1042 1437 1085 denique
1464 1043 1498 1075 in
1526 1041 1676 1075 Domino
1711 1042 1762 1075 ita
1787 1041 1962 1075 inseruire

192 1095 389 1136 studemus,
418 1098 457 1129 ut
482 1095 571 1129 nihil
597 1095 691 1139 quod
717 1095 870 1129 salutem
897 1095 1121 1130 subditorum
1147 1095 1305 1139 ipsorum
1324 1095 1449 1128 iuuare
1475 1095 1600 1139 possit,
1626 1095 1779 1128 libenter
1804 1097 1962 1139 praeter—

192 1148 390 1182 mittamus.
442 1148 488 1182 Et
523 1160 609 1182 sane
644 1148 675 1182 si
710 1148 967 1193 praeiudicium
1002 1148 1115 1182 ullum
1151 1148 1240 1182 haec
1267 1148 1427 1182 Societas
1463 1148 1621 1181 adferret
1656 1147 1856 1193 Ordinarijs
1890 1159 1961 1181 non

192 1204 381 1246 tantopere
408 1201 452 1236 ab
479 1201 612 1246 optimo
640 1213 780 1246 quoque
799 1201 975 1246 Episcopo
1001 1201 1063 1235 illa
1090 1201 1311 1243 diligeretur,
1337 1201 1523 1235 foueretur
1549 1203 1585 1234 et
1603 1204 1844 1245 expeteretur.
1886 1200 1963 1234 Nec

192 1255 243 1288 ita
269 1255 404 1299 passim
430 1255 467 1288 in
492 1255 614 1298 regnis
632 1254 915 1290 Christianorum
935 1255 1095 1297 Collegi-a
1121 1255 1222 1289 nobis
1249 1254 1301 1288 illi
1327 1254 1516 1298 erigerent,
1544 1254 1601 1288 uel
1620 1255 1763 1298 magnis
1789 1254 1961 1298 impensis

192 1307 339 1349 alerent,
366 1311 406 1342 ut
431 1308 589 1342 fidelium
617 1309 857 1353 operariorum
893 1308 1063 1353 penuriae
1090 1310 1350 1342 succurrerent.
1404 1308 1504 1349 Quod
1531 1308 1573 1341 de
1600 1307 1787 1352 Episcopis
1814 1307 1947 1341 dictum

190 1361 285 1395 idem
320 1362 355 1395 et
390 1361 433 1395 de
459 1361 687 1406 Principibus
712 1361 868 1406 Imperii,
903 1361 960 1395 uel
996 1362 1184 1405 quibusuis
1220 1361 1302 1406 alijs
1337 1360 1405 1405 dicj
1441 1362 1571 1405 potest.
1621 1360 1695 1394 Nos
1719 1361 1860 1395 scilicet
1885 1371 1962 1404 nec,

193 1426 397 1458 quenquam
431 1415 507 1448 suis
542 1415 678 1448 uiribus
714 1415 866 1459 priuare.
904 1426 1018 1458 neque
1054 1417 1177 1448 contra
1215 1415 1426 1458 cuiusquam
1462 1414 1683 1447 uoluntatem
1720 1413 1804 1447 ullis
1829 1413 1962 1448 nostris

191 1467 393 1512 priuilegijs
418 1467 482 1512 utj.
534 1467 636 1501 Vnde
662 1467 704 1501 fit.
730 1472 769 1501 ut
794 1468 916 1501 nullus
943 1469 990 1502 sit
1015 1469 1090 1501 fere
1116 1468 1220 1501 hodie
1247 1468 1420 1512 Princeps
1447 1466 1663 1508 Catholicus,
1691 1467 1751 1510 qui
1777 1478 1846 1500 non
1872 1467 1963 1500 bene

193 1522 235 1555 de
262 1521 442 1555 Societate
468 1521 612 1561 sentiat,
649 1532 799 1564 eamque
825 1532 963 1554 summo
990 1521 1109 1555 studio
1137 1524 1290 1561 tueatur,
1327 1529 1361 1554 et
1389 1520 1550 1565 plerique
1585 1532 1628 1554 ex
1655 1521 1706 1554 eis
1733 1520 1832 1563 regia
1857 1520 1961 1553 bene-

192 1573 339 1608 ficentia
365 1576 401 1608 et
428 1573 646 1608 liberalitate
665 1575 880 1609 Societatem
907 1577 942 1608 et
969 1574 1045 1608 eius
1064 1574 1225 1617 Collegia
1251 1576 1549 1619 prosequantur&
1584 1573 1776 1617 Nunquam
1801 1573 1963 1618 profecto

191 1629 379 1672 tantopere
416 1627 591 1661 creuisset
625 1629 748 1661 nostra
784 1626 955 1668 Societas,
990 1639 1082 1671 quae
1117 1627 1271 1672 plurima
1307 1629 1376 1661 iam
1412 1627 1521 1661 habet
1554 1627 1766 1661 breuissimo
1800 1630 1961 1671 tempore

192 1682 313 1715 erecta
347 1681 381 1714 in
418 1680 582 1714 omnibus
617 1681 692 1714 fere
728 1680 918 1725 prouintijs
946 1680 1162 1715 Christianis
1189 1680 1348 1723 Collegia
1384 1681 1538 1714 annuisb
1567 1681 1800 1724 prouentibus
1826 1680 1960 1719 dotata,

192 1734 222 1768 si
250 1733 437 1778 Principes
463 1734 648 1768 sinistram
675 1734 717 1768 de
744 1733 815 1768 illis
842 1734 1043 1778 opinionem
1069 1733 1291 1774 habuissent,
1322 1734 1392 1767 imo
1418 1733 1487 1777 nisj
1514 1733 1751 1778 patrocinium
1778 1733 1829 1778 illj
1856 1733 1960 1767 fecis-

193 1789 284 1828 sent,
311 1786 486 1831 quomodo
514 1789 634 1820 autem
661 1786 789 1831 adducj
817 1787 1028 1831 potuissent,
1055 1790 1095 1821 ut
1121 1786 1173 1820 illi
1200 1786 1370 1821 Societati
1396 1786 1571 1827 fauerent,
1599 1797 1690 1830 quae
1715 1787 1898 1820 uideretur
1924 1786 1961 1819 in

191 1841 349 1884 ipsorum
385 1842 421 1873 et
447 1839 715 1873 Ordinariorum
743 1840 998 1884 praeiudicium
1033 1851 1111 1874 esse
1138 1840 1375 1884 comparata?
1396 1867 1401 1872 .
1424 1867 1428 1872 .
1450 1867 1456 1872 .
1508 1839 1602 1872 Male
1629 1839 1737 1873 etiam
1763 1839 1872 1873 habet
1897 1839 1961 1872 ali-

193 1905 291 1937 quos,
319 1893 410 1937 quod
438 1904 508 1926 non
534 1894 569 1926 in
592 1893 754 1926 omnibus
772 1892 957 1927 Ecclesiae
976 1893 1185 1938 ministerijs
1203 1904 1282 1926 sese
1301 1896 1451 1936 occupet
1469 1891 1629 1926 Societas
1647 1893 1684 1925 in
1702 1892 1957 1937 Episcoporum

193 1946 376 1980 auxilium.
411 1945 545 1979 Verum
564 1946 723 1989 cogitare
750 1945 802 1979 illi
829 1946 959 1979 debent
985 1946 1259 1980 diuisiones
1286 1957 1390 1979 esse
1418 1946 1684 1988 gratiarum
1699 1946 1720 1986 2,
1749 1948 1784 1979 et
1808 1957 1958 1979 unum-

192 2010 421 2043 quemque
456 1999 501 2033 in
535 1999 812 2040 uocatione,
848 2000 892 2032 in
919 2010 1007 2043 qua
1043 2002 1251 2033 uocatus
1278 2005 1368 2040 est,
1406 1998 1534 2032 debere
1560 2000 1957 2042 pe1·manere³....

192 2052 293 2093 Quod
327 2054 448 2086 autem
483 2052 748 2095 singularitatis
784 2063 1005 2093 accusamur,
1041 2052 1242 2085 mirandum
1277 2063 1346 2085 non
1382 2054 1447 2092 est,
1482 2063 1553 2085 non
1587 2054 1706 2096 potest
1741 2052 1834 2085 enim
1866 2063 1960 2086 noua

191 2106 335 2139 uiuendi
371 2105 461 2139 ratio
496 2117 565 2139 non
600 2105 756 2149 aliquam
783 2105 884 2139 initio
919 2105 1142 2149 praeseferre
1169 2105 1469 2148 singularitatem,
1506 2105 1567 2138 sed
1601 2116 1692 2148 quae
1718 2105 1813 2138 mala
1838 2107 1958 2139 tamen

190 2171 260 2192 non
285 2158 343 2196 sit,
370 2170 485 2202 neque
504 2158 671 2192 continuo
690 2159 903 2197 damnanda,
929 2158 998 2192 nisi
1017 2170 1139 2192 omnes
1157 2158 1408 2201 religiosorum
1436 2157 1589 2198 ordines,
1617 2158 1676 2202 quj
1704 2158 1837 2201 singuli
1863 2158 1957 2192 haud

191 2212 296 2245 dubie
331 2212 514 2254 singulare
549 2211 683 2245 habent
717 2212 863 2255 aliquid,
899 2211 1046 2256 reijcere
1081 2211 1188 2245 simul
1223 2211 1387 2245 uelimus.
1448 2211 1654 2254 Singularia
1689 2211 1760 2250 illa,
1797 2222 1887 2254 quae
1922 2212 1957 2245 in

190 2265 343 2308 singulis
369 2267 563 2299 cernuntur
588 2265 782 2305 ordinibus,
809 2265 952 2298 diuersa
979 2264 1044 2309 Dej
1072 2265 1163 2298 dona
1190 2267 1273 2298 sunt
1284 2267 1307 2306 4,
1335 2264 1464 2308 quibus
1490 2266 1661 2307 tanquam
1689 2264 1841 2298 diuersis
1867 2276 1958 2298 mar-

192 2319 319 2360 garitis
341 2318 531 2359 distinctis,
558 2318 705 2362 pulchre
725 2317 922 2352 Ecclesiam
942 2329 1044 2352 suam
1070 2322 1221 2352 exornat
1248 2330 1401 2362 sponsus
1421 2317 1586 2351 Christus
1597 2318 1620 2350 ³⁷.
1637 2345 1643 2351 .
1661 2345 1666 2351 .
1685 2344 1691 2350 .
1726 2319 1843 2361 Atque
1869 2317 1957 2351 haec

191 2371 392 2412 habuimus,
419 2383 510 2415 quae
536 2371 581 2405 ad
607 2371 756 2412 obiecta,
783 2371 957 2404 aduersus
983 2372 1189 2405 institutum
1216 2374 1378 2405 nostrum
1405 2372 1439 2404 in
1466 2371 1600 2414 scripto
1627 2370 1828 2404 Venerandi
1857 2370 1959 2415 Capi-

191 2424 268 2469 tulj,
295 2425 454 2458 breuiter
479 2424 786 2469 responderemus,
822 2424 1046 2458 insinuantes
1083 2424 1259 2458 duntaxat
1295 2436 1346 2465 ea,
1382 2424 1416 2457 111
1449 2424 1576 2467 quibus
1611 2423 1789 2468 praesidia
1813 2426 1959 2457 nostrae

192 2477 410 2511 defensionis
436 2480 520 2511 sunt
545 2478 674 2521 posita.
710 2477 759 2510 Vt
785 2479 906 2510 autem
931 2488 1000 2510 non
1027 2478 1243 2517 dubitamus,
1271 2478 1356 2521 quin
1381 2488 1561 2520 nunquam
1590 2488 1610 2510 a
1637 2477 1861 2519 grauissimis
1886 2477 1961 2510 illis

193 2534 228 2563 et
253 2530 530 2575 sapientissimis
556 2531 654 2571 viris,
691 2541 777 2573 erga
812 2541 901 2573 quos
934 2533 1058 2564 nostra
1092 2534 1265 2575 perpetua
1302 2533 1338 2563 et
1363 2532 1532 2564 constans
1564 2529 1792 2563 obseruantia
1817 2541 1958 2574 semper

192 2583 366 2623 consistit,
402 2583 573 2628 scriptum
601 2583 689 2616 illud
725 2583 928 2627 prodiisset,
964 2584 993 2616 si
1022 2584 1063 2617 de
1091 2583 1281 2617 Societatis
1312 2587 1456 2617 nostrae
1492 2582 1598 2616 rebus
1624 2583 1786 2616 omnibus
1811 2594 1895 2616 uere
1921 2586 1958 2616 et

192 2638 330 2680 integre
357 2636 471 2681 edoctj
498 2636 671 2670 fuissent:
704 2636 759 2670 Ita
786 2636 1017 2670 uehementer
1043 2648 1230 2681 speramus
1256 2647 1327 2676 eos,
1365 2647 1444 2669 cum
1471 2635 1560 2669 haec
1586 2646 1675 2679 quae
1701 2636 1959 2680 respondemus

192 2700 278 2722 uera
303 2700 382 2722 esse
408 2690 651 2731 cognouerint,
678 2691 910 2729 correcturos,
938 2700 1000 2733 pro
1020 2701 1060 2722 eo
1078 2693 1186 2733 atque
1213 2689 1370 2723 charitas
1397 2691 1433 2722 et
1450 2688 1587 2722 iustitia
1614 2688 1810 2722 christiana
1836 2690 1957 2733 postu-

193 2741 279 2782 lant,
306 2742 505 2785 opinionem
532 2753 644 2783 suam,
673 2741 836 2786 exemplo
862 2753 1072 2785 magnorum
1092 2742 1298 2786 Principum
1325 2744 1362 2775 et
1379 2752 1599 2775 summorum
1616 2740 1841 2782 Pontificum,
1867 2753 1958 2785 quos

193 2805 262 2827 non
287 2806 366 2828 raro
392 2795 531 2836 accidit,
568 2807 647 2828 cum
682 2807 745 2839 per
779 2795 1019 2838 ignorantiam
1052 2795 1139 2828 facti
1166 2795 1301 2838 aliquid
1329 2795 1601 2833 constituerunt,
1637 2795 1833 2827 retractare
1867 2794 1954 2827 illud

194 2848 319 2889 postea
345 2850 380 2880 et
406 2848 618 2889 rescindere,
656 2848 738 2881 dum
767 2848 942 2881 ueriorem
969 2859 1098 2881 causae
1125 2848 1364 2891 cognitionem
1391 2846 1601 2891 accipiunt*¹
1625 2873 1632 2879 .
1654 2873 1660 2879 .
1682 2874 1687 2879 .
1731 2846 1955 2890 Responsum

194 2898 262 2931 hoc
287 2899 406 2942 posuit
433 2901 602 2942 Aga-icam
628 2901 650 2934 1.
678 2912 707 2934 c.
735 2900 820 2934 Dec.
847 2900 878 2942 3,
904 2912 938 2934 11.
969 2901 1046 2942 137,
1072 2901 1123 2934 ita
1149 2903 1279 2941 tamen,
1306 2903 1347 2934 ut
1372 2911 1430 2933 res
1456 2899 1583 2944 potius,
1610 2911 1715 2942 quam
1743 2899 1853 2933 verba
1878 2911 1956 2944 pro-

194 2950 305 2983 ferret
332 2954 365 2984 et
391 2952 460 2985 alia
487 2953 605 2996 capita
631 2953 878 2998 amplificaret,
905 2953 974 2986 alia
1001 2953 1227 2987 contraheret
1252 2953 1310 2986 vel
1338 2953 1531 2986 omitteret.

313 3022 340 3049 a)
362 3021 567 3053 consequatur
588 3024 707 3053 erenwl.
728 3031 904 3048 monacense.
980 3023 1009 3049 bi
1032 3022 1164 3054 Collegia
1184 3030 1200 3047 a
1220 3022 1336 3047 nostriS
1357 3030 1400 3047 er.
1422 3030 1493 3046 mun.

323 3112 327 3126 ¹
354 3108 442 3142 Vide
472 3114 556 3143 Can.
585 3112 633 3144 IV
666 3113 703 3144 17
735 3113 797 3145 191
828 3113 1025 3145 cim—476.
1172 3113 1184 3131 2
1215 3114 1227 3144 1
1257 3111 1324 3144 Cor
1353 3112 1405 3151 12,
1431 3112 1464 3145 4.
1610 3111 1622 3130 3
1651 3112 1665 3144 1
1696 3113 1763 3144 cor
1792 3111 1819 3151 7,
1849 3111 1904 3145 20.

316 3161 327 3178 4
354 3159 407 3193 Cf.
437 3163 451 3194 1
482 3161 548 3195 Cor
575 3163 604 3203 7,
634 3164 663 3197 7.
809 3165 821 3183 ⁵
849 3164 901 3197 Cf.
930 3164 1007 3208 Eph
1034 3166 1066 3204 5,
1095 3165 1158 3203 253
1187 3165 1263 3207 Ape
1290 3164 1343 3203 21,
1372 3163 1393 3196 2
1420 3164 1458 3197 9:
1487 3164 1534 3197 Ps
1560 3164 1615 3203 44,
1647 3163 1688 3197 10
1718 3165 1769 3196 15.
