2077 3461
118 313 206 348 1565

115 421 205 455 1565

115 480 205 514 1565

114 587 204 622 1565
246 606 248 617 ,

115 646 202 680 1565
246 683 247 693 ¹

115 752 202 788 1565
246 763 247 767 ’

111 971 201 1005 1565
244 976 245 999 ἱ

112 1130 201 1164 1565

111 1183 199 1218 1565

111 1342 199 1376 1565

110 1395 198 1429 1565
241 1414 242 1420 1

378 316 460 359 Apr.
487 316 519 349 2.

375 423 458 466 Apr.
486 421 517 455 3.

374 483 458 525 Apr.
485 481 517 514 4.

373 586 458 630 Apr.
486 587 517 619 5.

373 645 458 690 Apr.
485 645 517 679 6.

373 751 456 795 Apr.
484 751 516 785 S.

371 967 456 1012 Apr.
483 967 515 1001 9.

243 1174 244 1181 ἵ
359 1125 442 1170 Apr.
467 1126 519 1160 10.

242 1193 244 1216 1
358 1179 442 1223 Apr.
465 1179 518 1213 11.

356 1339 441 1384 Apr.
465 1339 518 1373 12.

359 1394 441 1437 Apr.
465 1393 517 1427 13.

619 199 708 233 1565
735 199 836 233 Febr.
858 199 912 234 18.
930 219 975 222 —
996 200 1085 234 1565
1111 200 1198 245 Apr.
1221 201 1276 235 27.
1719 203 1827 232 XLIII

637 313 695 352 lF.
723 316 766 350 H.
796 316 855 359 (ad
893 316 927 350 S.
955 317 1107 352 Ioannis.
1146 320 1186 351 ut
1219 318 1378 362 videtur)
1416 319 1459 352 de
1495 319 1570 353 vita
1606 319 1827 353 emendanda

637 355 639 393 1
717 372 753 402 et
778 369 821 403 de
847 369 942 403 omni
969 370 1177 414 impuritate
1202 370 1374 414 fugienda
1401 372 1486 406 dicit
1514 372 1596 414 (551
1625 373 1721 415 557).

638 421 694 455 'F.
713 422 775 455 III.
803 422 846 456 ad
874 421 908 456 S.
927 422 1072 457 Ioannis
1098 423 1299 457 contionem
1326 424 1584 458 catecheticam
1610 424 1719 459 habet
1735 425 1826 469 (47).

637 470 693 514 3F.
721 480 782 515 IV.
809 480 940 514 ibidem
975 481 1018 515 de
1054 481 1242 525 evangelio
1278 482 1346 516 diei
1385 482 1437 526 (et
1472 484 1514 517 de
1546 484 1823 527 fornicatione‘?)

716 533 803 567 dicit
830 534 945 578 (551).

656 585 694 619 F.
712 585 755 620 V.
782 586 914 620 ibidem
940 587 1141 621 contionem
1168 587 1428 622 catecheticam
1455 588 1565 623 habet
1594 590 1682 632 (47).

636 644 773 679 =F.V1.
800 645 930 680 ibidem
968 646 1010 680 de
1045 646 1212 691 passione
1240 647 1375 682 Christi
1410 648 1497 682 dicit
1532 650 1578 690 et,
1615 661 1677 683 cur
1703 661 1824 683 omnes

714 698 985 733 fornicationem
1012 700 1129 734 vitare
1156 700 1320 741 debeant,
1346 701 1504 735 ostendit
1533 702 1645 743 (551).

655 750 755 784 Dom.
775 752 958 786 Passionis
981 764 1084 787 mane
1110 753 1145 787 in
1173 754 1325 788 ecclesia
1352 754 1553 788 cathedrali
1579 755 1620 789 de
1646 756 1824 800 passionis

715 803 847 839 Christi
876 806 1079 864 praecipuis
1105 807 1282 851 capitibus
1312 807 1374 849 (ex
1400 807 1589 851 evangelio
1610 808 1693 851 diei)
1716 811 1824 852 atque

714 857 756 891 de
775 858 934 892 eiusdem
953 859 989 892 vi
1008 861 1044 893 et
1062 859 1218 894 utilitate
1237 861 1473 894 contionatur.
1509 861 1610 903 [Post
1636 861 1822 906 prandium

714 911 748 944 in
766 911 900 955 templo
920 911 953 946 S.
968 912 1111 946 Ioannis
1130 913 1387 947 catechismum
1416 914 1607 959 exponitP]
1637 915 1698 957 (47
1725 915 1820 958 552.)

634 963 691 997 F.
720 964 763 998 ΙΙ.
793 964 843 1007 (111
879 964 1014 1009 templo
1040 965 1074 999 S.
1094 965 1248 1006 Ioannis,
1284 969 1323 1000 ut
1359 967 1518 1011 videtur)
1556 967 1598 1001 de
1637 968 1824 1010 „remediis

633 1010 635 1024 ¹
712 1020 836 1051 contra
861 1017 1061 1052 luxuriam“
1093 1018 1179 1053 dicit
1205 1021 1250 1061 et,
1286 1020 1346 1064 qui
1383 1020 1600 1055 eucharistia
1627 995 1726 1064 digni
1752 1032 1821 1054 non

633 1054 634 1119 1
711 1070 795 1109 sint,
823 1070 982 1115 explicat
1012 1071 1123 1115 (552).

632 1121 690 1206 (F.
718 1123 778 1156 III.
808 1123 937 1158 ibidem
965 1125 1165 1158 contionem
1193 1126 1452 1160 catecheticam
1479 1126 1587 1161 habet
1615 1126 1704 1170 (47).

633 1175 690 1220 ¹F.
718 1176 778 1210 IV.
816 1176 983 1220 (ibidem,
1026 1180 1066 1211 ut
1101 1178 1260 1223 videtur)
1301 1180 1528 1223 evangelium
1567 1180 1637 1214 diei
1675 1180 1821 1224 exponit

632 1222 634 1313 ε
712 1233 757 1271 et,
793 1230 938 1274 quinam
966 1230 1220 1266 euchalistiam
1246 1244 1388 1266 sumere
1423 1245 1492 1267 non
1519 1233 1681 1274 debeant,
1718 1233 1819 1267 docet

631 1319 689 1391 1Ρ.
709 1336 752 1370 V.
778 1310 908 1370 ibidem
936 1337 1137 1372 contionem
1165 1338 1424 1373 catecheticam
1450 1339 1559 1373 habet
1587 1339 1677 1383 (47).

631 1388 689 1430 F
708 1390 770 1424 VL
799 1389 964 1433 (ibidem,
1001 1394 1041 1424 ut
1076 1391 1235 1434 videtui)
1274 1391 1488 1426 catholicam
1524 1392 1567 1426 de
1603 1392 1820 1426 eucharistia

711 1443 910 1477 doctrinam
952 1443 1128 1478 adversus
1170 1447 1415 1490 protestantes
1456 1447 1621 1491 proponit
1663 1448 1698 1479 et
1740 1457 1818 1480 con-

710 1496 830 1530 firmat
856 1496 970 1540 (552).

101 1548 338 1612 1565181111)
371 1563 480 1606 med.
505 1562 839 1617 Apr.³Operan1
883 1567 1103 1616 praestat,
1151 1568 1199 1607 ut
1239 1565 1473 1618 Dionysius
1516 1565 1568 1607 de
1609 1564 1818 1607 Nicotaro

108 1705 197 1739 1565
239 1703 240 1721 ³

109 1924 196 1959 1565

108 2031 197 2065 1565

108 2136 197 2170 1565

108 2241 197 2275 1565

110 2399 197 2434 1565

111 2511 197 2545 1565

111 2678 198 2713 1565

110 2731 199 2765 1565

110 2784 199 2819 1565

104 2854 212 2894 1565

355 1703 438 1747 Apr.
463 1704 516 1737 15.

354 1923 439 1969 Apr.
462 1924 515 1958 16.

282 2030 376 2063 inter
395 2029 448 2063 15.
471 2031 507 2063 et
532 2029 588 2064 20.

260 2084 343 2127 Apr.
364 2082 436 2126 (16.
456 2084 492 2116 et
511 2082 563 2116 17.
577 2083 611 2125 ‘?)

354 2137 440 2180 Apr.
464 2136 516 2170 18.

354 2242 439 2285 Apr.
463 2242 516 2276 19.

359 2400 439 2444 Apr.
459 2400 515 2434 20.

299 2515 380 2556 post
406 2523 450 2545 m.
470 2512 576 2545 Mart.

240 2647 243 2705 1
356 2679 441 2723 Apr.
461 2679 516 2713 22.

356 2732 441 2776 Apr.
461 2732 518 2766 23.

355 2785 440 2829 Apr.
462 2785 517 2819 24.

290 2852 404 2895 inter
437 2855 504 2895 25.
539 2855 584 2895 et

337 2919 404 2960 27.
440 2918 542 2972 Apr.

710 1627 902 1669 medicus
942 1628 1074 1670 italus
1117 1630 1326 1672 ecclesiae
1368 1630 1670 1672 reconcilietur
1710 1628 1816 1682 (55).

650 1702 750 1736 Dom.
777 1702 984 1736 Palmarum
1018 1715 1124 1738 mane
1160 1705 1195 1737 in
1232 1704 1384 1739 ecclesia
1418 1704 1618 1739 cathedrali
1653 1706 1695 1739 de
1725 1705 1819 1738 sacri

710 1755 780 1789 diei
814 1755 953 1789 ratione
988 1756 1075 1790 dicit
1110 1759 1155 1797 et,
1192 1757 1388 1801 „quomodo
1414 1758 1720 1792 communicantes
1750 1758 1818 1791 dis-

711 1807 820 1853 positi
863 1820 942 1843 esse
984 1809 1174 1851 debeant“,
1215 1811 1338 1844 tradit.
1402 1810 1502 1855 [Post
1543 1810 1729 1855 prandium
1774 1811 1818 1844 ad

709 1861 743 1896 S.
770 1861 913 1896 Ioannis
940 1863 1141 1897 contionem
1167 1863 1425 1898 catecheticam
1452 1863 1603 1908 habet‘?]
1634 1864 1692 1907 (47
1720 1864 1816 1907 552.)

629 1915 688 1955 ¹F.
715 1921 748 1954 II
775 1920 827 1963 (in
854 1921 988 1966 templo
1015 1921 1049 1956 S.
1068 1923 1223 1965 Ioannis,
1259 1925 1300 1957 ut
1329 1923 1483 1967 videtur)
1511 1923 1738 1958 contionatur
1764 1923 1819 1966 (ut

709 1974 866 2017 videtur)
899 1975 1013 2018 (552).

649 2027 857 2061 Nicotalum
884 2028 1062 2062 medicum
1088 2027 1275 2075 Dilingam
1309 2041 1430 2064 secum
1465 2029 1609 2064 adducit
1645 2031 1680 2063 et
1706 2029 1817 2063 cardi-

709 2080 781 2114 nali
806 2081 1020 2124 Augustano
1046 2083 1271 2116 commendat
1300 2081 1413 2126 (604).

649 2134 687 2168 F.
714 2133 775 2168 IV.
812 2133 1000 2179 Augustae
1036 2135 1072 2169 in
1110 2135 1244 2181 templo
1283 2136 1482 2170 cathedrali
1519 2136 1744 2171 contionatur
1765 2136 1813 2179 (.)

710 2187 824 2230 (552).

630 2241 686 2288 1F.
705 2241 748 2275 V.
777 2240 812 2274 in
839 2240 957 2275 Coena
983 2241 1124 2276 Domini
1160 2242 1194 2276 in
1230 2243 1363 2288 templo
1396 2243 1593 2277 cathedrali
1618 2253 1816 2278 sermonem

707 2293 859 2327 latinum
886 2294 930 2328 ad
956 2295 1091 2329 cle1um
1111 2295 1220 2329 habet
1238 2296 1289 2340 (2³)
1310 2298 1346 2330 et
1363 2296 1566 2340 germanice
1585 2296 1629 2330 ad
1647 2295 1815 2341 populum

708 2346 795 2380 dicit
808 2346 858 2390 (52)
890 2347 1003 2390 (552).

629 2400 685 2435 F
704 2400 766 2434 VI.
785 2400 1008 2434 Parasceves
1035 2401 1071 2435 in
1097 2402 1230 2447 templo
1249 2401 1449 2436 cathedrali
1476 2402 1534 2436 vel
1562 2402 1605 2436 ad
1624 2402 1658 2436 S.
1674 2402 1816 2436 Ioannis

708 2453 934 2488 contionatur
962 2454 1076 2497 (552).

651 2514 854 2557 „Lectiones
891 2517 921 2546 et
956 2513 1182 2547 Precationes
1216 2513 1505 2548 Eccle-sictst¹e'“c*ccs
1543 2526 1646 2558 suas,
1686 2515 1817 2548 Romae

708 2567 919 2607 emendatas,
947 2578 1025 2600 cum
1049 2578 1113 2601 suo
1134 2568 1272 2611 „Part-0
1294 2568 1507 2601 Cateclee'smo
1532 2568 1810 2601 Catholicormn··

710 2622 748 2653 in
775 2630 884 2652 unum
911 2620 1042 2654 librum
1068 2622 1256 2663 confundit
1285 2620 1398 2664 (815).

651 2678 750 2712 Dom.
778 2677 969 2712 Paschatis
1000 2679 1035 2712 111
1062 2679 1196 2724 templo
1223 2679 1422 2713 cathedrali
1449 2679 1675 2714 contionatur
1704 2679 1815 2723 (552).

631 2732 687 2782 ¹F.
715 2731 758 2764 ΙΙ.
786 2730 913 2764 Pasch.
940 2731 1071 2766 ibidem
1098 2732 1325 2766 contionatur
1352 2733 1466 2776 (552).

652 2784 688 2820 F.
716 2784 775 2818 111.
803 2783 931 2818 Pasch.
958 2785 1088 2818 ibidem
1119 2785 1345 2819 contionatur
1373 2785 1485 2828 (552).

632 2854 856 2905 3Romam,
911 2854 1178 2895 Theodorico
1223 2854 1361 2896 fratre
1413 2854 1811 2908 „fflceprovinciali‘

711 2919 961 2968 constituto,
997 2919 1051 2960 ad
1075 2918 1305 2961 Societatis
1330 2920 1712 2973 congregationem
1745 2934 1816 2973 ge-

711 2984 901 3025 neralem
944 2983 1146 3033 discedit,
1190 2983 1259 3026 Fr.
1292 2983 1447 3026 Iacobo
1490 2985 1661 3027 Seclero
1703 2985 1816 3027 socio

710 3047 791 3088 sibi
824 3048 1039 3090 adiuncto.
1101 3047 1357 3091 Nicotarum
1390 3064 1558 3102 quoque
1591 3050 1816 3099 medicum,

711 3111 919 3154 Venetias
951 3115 1185 3165 petentem,
1219 3127 1363 3155 secum
1387 3114 1562 3156 abducit
1595 3114 1698 3167 (5:33
1733 3115 1815 3156 604ί

712 3177 827 3228 732).
