2045 3471
186 201 270 246 694
509 199 604 232 Mon.
623 198 690 234 768
716 199 795 233 sive
822 199 920 234 herb.
941 199 1008 243 (3).
1050 202 1079 234 A
1100 200 1155 234 24.
1175 199 1265 234 Nov.
1284 201 1328 234 ad
1354 201 1387 234 4.
1405 200 1490 236 Dec.
1513 201 1612 236 1566.

185 315 357 412 ‹Izzcu'Yegng
392 328 416 360 y
442 318 544 360 parte
570 316 627 349 del
653 316 732 350 hizo
758 318 942 351 restaurai·
966 329 1054 362 para
1080 317 1284 352 habitacion
1323 318 1365 351 de
1392 318 1446 352 los
1471 318 1658 353 nuestros“
1692 319 1795 364 (Epp.
1823 321 1946 353 Nadal

303 421 402 462 Quod
438 421 482 455 ad
508 424 709 467 temporum
736 423 1011 468 descriptionem
1038 423 1179 463 attinet,
1214 423 1290 463 hoo,
1327 423 1358 458 si
1384 424 1492 458 hasce
1519 425 1694 469 epistulas
1725 425 1819 459 inter
1844 437 1883 459 se
1909 428 1945 460 et

184 486 264 509 cum
292 486 343 515 ea,
371 486 477 518 quam
504 475 599 509 idem
624 475 766 510 Natalis
794 476 847 510 12.
875 476 1082 510 Decembris
1113 478 1201 511 1566
1230 477 1381 520 Borgiae
1414 477 1512 512 misit
1540 478 1589 520 (v.
1617 478 1710 512 infra
1735 490 1828 512 mon.
1848 479 1943 522 768),

184 527 390 568 contuleris,
416 528 617 572 intelliges:
643 528 784 563 Natalis
811 541 891 563 cum
915 529 1021 563 sociis
1040 529 1183 574 Dilinga
1205 531 1257 564 19.
1277 530 1491 565 Novembris
1510 531 1703 575 profectus,
1723 531 1943 576 Herbipolim

185 581 241 615 24.
266 581 481 615 Novembris
508 582 674 622 advenit:
710 582 771 616 ubi
797 582 873 626 ipse
900 584 936 616 et
962 583 1127 617 Canisius
1154 584 1277 617 eodem
1304 583 1360 617 die
1396 587 1432 617 et
1458 584 1490 618 d.
1519 584 1574 618 25.
1601 583 1815 618 Novembris
1841 596 1944 619 mane

185 636 335 677 egerunt
362 646 442 668 cum
468 634 700 675 cancellari0;
728 636 789 679 qui
815 635 892 680 ipso
919 635 978 669 illo
1005 635 1060 670 die
1087 635 1272 681 Herbipoli
1299 636 1478 671 discessit.
1515 637 1569 671 Ex
1594 636 1798 681 praeceptis
1824 640 1944 671 autem

184 698 204 720 a
239 686 370 721 Natale
405 687 547 722 Canisio
583 688 677 722 datis
712 691 748 722 et
782 700 802 722 a
838 688 1001 722 Ximenio
1037 689 1183 734 scriptis
1211 690 1309 732 (vide
1336 690 1429 724 infra
1460 701 1554 723 mon.
1583 689 1667 733 770)
1707 691 1943 732 cognoscitur,

183 739 349 774 Natalem
380 742 463 774 ante
499 741 531 775 d.
558 741 614 776 26.
640 741 854 776 Novembris
881 741 1229 786 Ascbaffenburgum
1255 755 1324 777 non
1351 743 1480 777 abisse.
1533 741 1645 783 Quem
1672 743 1864 777 comitatus
1890 746 1945 778 est

183 793 223 828 P.
242 793 399 828 Didacus
419 795 598 836 Jimenez;
625 794 731 829 huius
757 795 850 829 enim
877 807 985 829 manu
1011 795 1163 837 litterae,
1190 807 1280 840 quas
1298 795 1439 830 Natalis
1469 797 1498 830 1.
1517 796 1726 830 Decembris
1747 797 1837 831 1566
1863 797 1944 831 inde

183 846 292 886 dedit,
327 850 411 882 sunt
437 848 661 892 conscriptae
690 848 794 893 (Epp.
822 849 945 882 Nadal
971 849 1021 882 111
1049 849 1169 892 315¹);
1205 850 1326 883 eodem
1354 850 1410 883 die
1437 850 1540 884 ambo
1567 849 1695 883 iterum
1722 850 1943 894 Herbipolim

182 900 363 945 petierunt
403 901 440 943 (l.
469 914 498 935 c.
525 901 623 944 319).
675 901 915 945 Corrigendus
949 904 1069 935 antem
1106 905 1160 936 est
1186 904 1311 947 Boero,
1347 902 1513 937 Natalem
1551 905 1587 936 et
1613 902 1794 937 Canisium
1821 914 1943 937 mense

182 953 372 988 Decembri
398 954 619 999 Herbipolim
645 967 684 989 se
711 955 907 989 contulisse
933 955 1095 990 scribens
1124 956 1226 999 (Can.
1254 957 1351 998 307).

183 1068 291 1106 ’768
318 1071 395 1105 sive
422 1069 573 1105 herb.
594 1069 689 1114 (3).
764 1070 793 1106 A
819 1070 876 1106 24.
894 1070 1108 1106 Novembris
1135 1070 1179 1106 ad
1206 1071 1240 1107 4.
1260 1070 1468 1107 Decembris
1491 1070 1585 1106 1566.

268 1164 271 1166 ,
301 1136 356 1169 Ex
383 1135 589 1180 archetypo,
616 1147 636 1169 a
654 1136 693 1169 P.
713 1134 848 1169 Didaco
866 1135 1028 1170 Jimenez
1046 1135 1080 1170 S.
1097 1136 1129 1170 J.
1149 1136 1283 1181 scripto
1309 1139 1346 1170 et
1368 1148 1388 1170 a
1408 1136 1445 1170 P.
1465 1136 1564 1170 Hier.
1582 1136 1711 1170 Natale
1730 1136 1942 1181 subscripto.

184 1187 269 1223 Cod.
301 1188 401 1231 „EN“
432 1201 466 1223 n.
496 1190 561 1223 165
590 1189 630 1232 (f.
658 1189 927 1232 2552—25ssa).
978 1189 1097 1223 Etiam
1132 1190 1193 1232 (ex
1229 1190 1350 1223 eodeni
1388 1189 1598 1234 archetypo)
1637 1190 1672 1223 in
1707 1189 1795 1234 Epp.
1824 1191 1944 1223 Nadal

182 1242 233 1276 ΠΙ
260 1242 457 1277 335—339.

302 1314 492 1356 Herbipoli
516 1316 697 1357 episcopus
717 1315 785 1348 PP.
804 1314 969 1347 Natalem
996 1319 1025 1346 et
1048 1314 1230 1347 Canisium
1259 1315 1403 1356 benique
1423 1314 1552 1356 eoecipit
1578 1320 1607 1346 et
1633 1314 1674 1346 cle
1699 1314 1840 1357 colleyt'o
1866 1324 1941 1346 cum

184 1367 397 1400 cancellario
424 1378 527 1410 assere
554 1368 655 1401 iubet.
706 1369 754 1411 Is,
790 1368 1012 1410 colle9i07·un1
1042 1368 1227 1400 Societatis
1252 1369 1426 1400 rationem
1456 1378 1637 1410 nunquam
1665 1368 1769 1409 plene
1795 1367 1943 1409 edoctus,

184 1421 284 1453 ralde-
311 1421 456 1463 obsistit,
483 1431 559 1453 cnm
581 1421 779 1463 petentibus
806 1422 1066 1454 universitatem
1094 1422 1279 1453 minimum
1306 1432 1382 1454 eum
1405 1421 1557 1454 reditum
1576 1421 1734 1453 dandum
1761 1431 1830 1453 esse
1855 1431 1942 1453 com-

177 1475 286 1517 perit,
313 1474 375 1516 qui
394 1475 439 1507 60
455 1474 656 1507 hominibus
673 1475 809 1507 alendis
825 1475 992 1516 sufficiat.
1029 1475 1194 1507 Attamen
1216 1474 1350 1517 aliquot
1368 1475 1485 1516 capita
1504 1485 1580 1506 cum
1600 1484 1637 1506 eo
1656 1475 1945 1506 constituuntur:

184 1528 384 1570 Episcopus
414 1530 503 1560 1500
528 1528 682 1569 florenos
707 1538 848 1560 annuos
873 1538 950 1559 cum
975 1528 1191 1560 monasterio
1217 1528 1278 1559 dat
1304 1531 1335 1560 et
1356 1527 1466 1570 plura
1492 1538 1527 1560 se
1552 1528 1723 1559 daturum
1743 1527 1942 1569 pollicetur.

186 1581 282 1614 Socii
308 1581 437 1622 officiis
462 1581 643 1623 cantandi,
671 1581 780 1614 libros
803 1581 991 1624 scribendi,
1017 1581 1186 1613 visitandi
1202 1580 1306 1613 liberi
1323 1585 1417 1613 sunt.
1452 1581 1571 1623 Neque
1595 1581 1789 1622 ‘incipietur
1812 1581 1942 1622 statim,

182 1644 292 1677 neque
325 1634 431 1667 sinino
465 1635 598 1676 integret·
633 1635 885 1676 nmyistrorum
922 1644 1090 1666 numerus
1127 1645 1207 1677 nec,
1247 1635 1309 1676 qui
1342 1635 1554 1666 convictores
1591 1639 1704 1676 reyat,
1748 1633 1942 1666 mittentur.

187 1687 459 1720 Contionabitur
488 1688 655 1720 Cani-sius
693 1692 722 1719 et
742 1692 822 1730 post
848 1698 925 1720 eum
951 1688 1045 1719 alius
1071 1698 1087 1720 e
1113 1687 1293 1720 Socz'etate.
1344 1687 1414 1720 His
1441 1687 1614 1729 capitibus
1641 1698 1710 1729 per
1745 1688 1941 1729 episcopum

184 1740 392 1782 approbatis
426 1745 455 1772 et
481 1741 716 1774 cancellarius
748 1743 777 1773 et
802 1740 947 1773 Natalis
982 1740 1029 1772 acl
1059 1744 1193 1782 ternpus
1218 1740 1304 1772 *urbe
1329 1740 1468 1773 abeunt.
1518 1740 1659 1772 Interea
1691 1739 1856 1772 Canisius
1891 1739 1944 1772 bis

184 1795 412 1826 contionatur
437 1798 466 1826 et
492 1805 514 1826 a
537 1795 740 1836 praeposito
767 1794 926 1826 ecclesiae
952 1794 1166 1826 cathedralis
1191 1794 1376 1826 inritatur.
1416 1793 1558 1827 Natalis
1576 1804 1745 1835 reversus,
1765 1803 1841 1825 cum.
1860 1803 1941 1825 can-

185 1847 324 1879 cellarii
349 1848 499 1880 reditum
527 1847 625 1880 ultra
651 1852 785 1889 tempus
809 1851 979 1880 statutum
1005 1848 1150 1889 differri
1176 1851 1205 1879 ct
1227 1847 1409 1880 Canis-ium
1431 1849 1627 1889 Amyn-stam
1646 1847 1763 1880 redire
1784 1847 1866 1879 velle
1890 1846 1942 1878 in·

183 1900 330 1943 teNeyat,
357 1911 434 1932 cum
464 1901 608 1933 Canz'st'o
635 1898 873 1944 „formulam“
899 1901 1127 1942 fundationis
1151 1900 1351 1939 adumbrat,
1378 1900 1422 1933 ab
1447 1901 1604 1942 episcopo
1630 1911 1709 1932 cnm
1734 1900 1943 1932 azactoritate

182 1953 481 1987 subscribendam.
536 1954 604 1995 Qui
636 1955 833 1996 formulam
867 1955 936 1986 sibi
965 1955 1119 1997 placere,
1154 1965 1215 1986 nec
1249 1958 1363 1986 tamen
1391 1957 1473 1986 ante
1498 1953 1708 1986 cancellarii
1731 1954 1884 1986 reditum
1908 1962 1943 1985 se

185 2017 257 2038 rem
283 2007 432 2047 definire.
457 2007 645 2049 siynificat.
696 2008 839 2040 Natalis
865 2008 1021 2050 discedit,
1053 2007 1197 2040 Canisio
1223 2008 1271 2039 ad
1297 2008 1470 2049 neyotium
1499 2007 1745 2039 absolvendum
1769 2006 1942 2038 instituto.

189 2060 432 2093 Cancellarz'us
455 2061 519 2093 sub
545 2062 634 2093 anni
652 2062 782 2093 emitum
805 2062 986 2103 Auyustae
1014 2062 1062 2093 vel
1079 2061 1248 2102 Dilz'ngsae
1274 2065 1349 2102 ayet
1369 2071 1444 2092 cum
1469 2060 1635 2101 Canisio,·
1660 2061 1722 2102 qui
1747 2059 1940 2101 eaeemplum

183 2114 411 2155 fundationis
436 2114 584 2146 Romam
612 2115 728 2147 mittet.

302 2185 350 2227 P.
370 2186 655 2241 Hieronymus
677 2187 847 2227 Natalis
871 2187 1089 2227 Societatis
1110 2186 1301 2227 visitator
1323 2186 1454 2240 Spira
1479 2187 1546 2226 12.
1565 2184 1804 2226 Decembris
1828 2184 1941 2224 1566

184 2250 359 2291 Romam
394 2251 452 2291 ad
484 2252 526 2293 S.
552 2251 829 2292 Franciscunz
851 2251 1054 2304 Bor-‘qiam
1082 2252 1373 2305 praepositum
1401 2251 1637 2304 yeneralem
1665 2250 1766 2290 llaec
1788 2250 1944 2290 rettulit

185 2316 236 2355 de
268 2316 390 2357 rebus
423 2331 449 2357 a
481 2330 522 2357 se
556 2321 591 2357 et
625 2317 795 2358 Canisz'o
822 2316 1043 2371 Herbipoli
1075 2330 1168 2357 cum
1201 2315 1422 2356 Friderico
1455 2329 1481 2355 a
1513 2313 1725 2368 VWrsberq
1757 2315 1942 2369 episcopo

182 2381 374 2434 principe
407 2385 441 2421 et
473 2382 730 2422 Balthasare
772 2381 823 2422 ab
857 2381 984 2422 Hella
1029 2382 1116 2422 eius
1156 2381 1406 2422 cancellario
1440 2379 1489 2421 de
1521 2380 1739 2421 Societatis
1780 2379 1943 2432 colleyio

187 2444 338 2486 ibidem
370 2445 584 2487 condendo
618 2446 850 2487 constitutis
871 2444 986 2496 (vide
1017 2459 1149 2500 supra
1170 2460 1211 2499 p.
1236 2445 1368 2496 365).·
1399 2443 1484 2485 Noi
1516 2442 1672 2484 fusimo
1694 2442 1828 2484 molto
1861 2442 1943 2483 ben

184 2508 386 2551 riceuutti
420 2509 490 2551 dal
513 2510 724 2560 Vescouo,
758 2510 788 2551 il
821 2510 948 2562 quale
980 2510 1136 2551 rimese
1168 2510 1211 2550 la
1242 2508 1501 2551 trattatione
1524 2507 1637 2549 della
1669 2505 1945 2549 fundatione³

185 2572 226 2613 al
260 2573 554 2615 Cancellario1
587 2573 686 2615 cheb
718 2574 766 2616 fa
797 2574 898 2627 ogni
931 2588 1045 2624 cosa,
1080 2577 1124 2617 et
1156 2573 1221 2615 cio
1255 2573 1331 2615 che
1363 2573 1422 2626 luj
1456 2572 1515 2622 fa,
1549 2572 1742 2626 approba
1772 2571 1802 2612 il
1834 2572 1944 2613 Ves-

187 2650 305 2680 cou0.
369 2638 476 2680 Co'l
518 2639 782 2681 Cancellario
824 2639 1022 2681 hebbimo
1067 2639 1207 2692 grand
1251 2638 1462 2680 difficolta
1505 2637 1546 2678 al
1588 2635 1818 2690 principio,
1867 2648 1944 2689 per

187 2714 318 2743 causa
349 2716 468 2745 come
500 2703 540 2745 io
574 2704 700 2745 credo
733 2704 810 2746 che
843 2704 929 2745 mai
962 2717 1092 2745 erano
1125 2703 1230 2746 stati
1271 2702 1507 2749 informati,
1550 2700 1843 2742 chiffl-amente
1875 2698 1942 2740 del

189 2766 312 2807 modo
346 2767 397 2808 de
429 2767 597 2810 fundar'
617 2768 802 2823 collegij,
837 2771 881 2811 et
913 2768 1100 2810 formula
1122 2771 1166 2810 et
1197 2767 1323 2809 modo
1357 2767 1395 2808 d’
1416 2765 1679 2818 obligatione
1703 2765 1755 2806 de
1787 2764 1943 2805 funda-

188 2830 285 2879 tori,
319 2833 362 2873 et
394 2835 575 2875 nostra.
601 2836 645 2875 et
676 2833 984 2887 specialmente
1025 2833 1119 2874 fece
1160 2846 1328 2874 summa
1369 2831 1579 2873 difficolt-a
1619 2829 1790 2882 quando
1831 2828 1943 2870 senti

187 2893 217 2933 il
249 2893 514 2954 Cancellario
556 2897 633 2939 che
673 2900 706 2939 s’
729 2898 899 2940 haueua
931 2898 985 2939 da
1025 2898 1119 2939 fare
1151 2898 1348 2939 almanco
1389 2896 1432 2938 la
1473 2894 1725 2936 fundatione
1757 2907 1833 2947 per
1865 2893 1943 2935 ali-

189 2961 381 3000 mentare
423 2961 606 3003 Sesanta
647 2962 896 3012 denostri,
941 2962 967 3003 il
1011 2963 1088 3004 che
1129 2962 1176 3003 fi1
1217 2960 1460 3003 necessario
1503 2959 1594 3000 dire
1634 2957 1940 3005 chiaramente,

307 3040 334 3065 a)
355 3037 524 3064 fundationi
545 3041 651 3066 arclzet.
724 3040 755 3072 b)
776 3042 823 3065 Ita
845 3042 874 3065 in
894 3042 972 3066 arch.
993 3044 1152 3066 correctum
1173 3044 1214 3066 est
1234 3049 1270 3066 erc
1289 3040 1310 3066 il
1330 3039 1428 3073 quale.

310 3131 320 3150 ¹
346 3132 487 3165 Natalis
513 3133 549 3166 in
574 3134 707 3167 eisdem
734 3135 884 3168 litteris:
917 3135 1171 3176 „Habbiarno“,
1197 3135 1327 3179 inquit,
1356 3134 1401 3176 „il
1420 3132 1634 3168 cancellario
1654 3131 1762 3182 molto
1781 3131 1825 3164 da
1844 3131 1942 3171 bene,

190 3181 283 3215 buon
310 3183 494 3225 catholico,
522 3189 555 3219 et
583 3187 690 3220 molto
717 3198 847 3231 capace
875 3187 908 3220 di
936 3187 1108 3230 raggione
1135 3190 1171 3221 et
1197 3187 1305 3221 molto
1332 3188 1473 3221 nostro‘
1507 3186 1544 3228 (l.
1565 3197 1594 3219 c.
1622 3185 1720 3227 334).
