2045 3471
348 185 443 219 Mon.
463 184 532 219 659
558 184 636 218 sive
662 195 744 227 aug.
767 183 803 223 (b
825 182 898 226 16).
937 185 966 216 A
995 183 1027 217 d.
1047 182 1102 217 27.
1122 182 1224 216 Febr.
1243 182 1287 216 ad
1311 182 1366 216 22.
1388 181 1472 216 Maii
1493 181 1596 215 1566.
1767 185 1850 225 569

205 301 327 345 „Feria
367 302 405 336 3³
439 301 650 337 Paschatis“
690 301 766 335 sive
805 302 858 335 16.
885 300 1020 345 Aprilis
1050 300 1151 334 1566.
1212 299 1336 341 „Circa
1371 299 1437 333 hoc
1462 298 1700 342 Euangelium
1737 300 1852 343 primo

83 355 198 390 dicam
225 354 400 399 quomodo
426 357 524 389 recte
550 354 762 389 concludere
788 354 980 388 debeamus
1006 353 1101 387 festa
1127 352 1316 386 Paschalia
1335 352 1355 385 2
1383 352 1557 396 quomodo
1584 353 1619 385 in
1645 351 1711 386 hoc
1738 351 1853 386 Euan-

82 408 176 452 gelio
212 408 466 442 admoneamur
500 407 542 441 de
578 407 672 442 notis
698 418 805 441 uerae
831 406 1017 441 Ecclesiae
1036 433 1043 439 .
1064 433 1070 440 .
1091 433 1098 440 .
1120 406 1140 440 3
1167 405 1341 450 quomodo
1376 416 1547 447 magnum
1580 405 1629 438 sit
1662 404 1852 439 discrimen

81 461 254 495 bonorum
288 463 323 494 et
358 460 532 495 malorum
568 461 603 494 in
638 460 766 495 Vltima
800 460 1095 494 resurrectione.“
1153 458 1313 502 „Negare
1347 457 1468 492 nullus
1496 460 1613 502 potest
1639 457 1733 501 quod
1758 457 1853 492 festa

81 513 266 548 Ecclesiae
300 514 393 548 sicut
429 516 463 547 et
490 513 560 548 alia
585 514 676 548 bona
702 513 870 547 instituta
905 514 942 547 et
968 512 1194 546 Christianae
1230 511 1471 545 ordinationes
1497 511 1601 545 hodie
1628 510 1733 544 valde
1759 511 1852 544 male

82 567 328 602 obseruentur.
380 567 426 600 Et
459 579 528 611 quo
563 567 706 609 longius
741 578 781 600 eo
817 566 918 611 peius
953 565 988 599 in
1024 565 1158 599 abusus
1184 564 1308 598 foedos
1334 564 1491 598 venia-nt.
1541 563 1708 608 Exempli
1734 564 1853 606 gratia

82 620 187 655 multi
220 620 347 654 nolunt
382 631 587 664 agnoscere,
623 619 717 664 quod
753 619 797 653 ad
833 618 895 653 illa
928 617 1154 659 obseruanda
1189 617 1262 652 sint
1289 617 1449 659 obligati.
1500 617 1520 650 2
1546 617 1651 651 multi
1677 617 1853 660 abrogant

82 684 230 717 prorsus
256 675 292 707 et
314 673 350 707 in
367 673 441 707 illis
457 673 634 707 laborant.
669 673 689 706 3
717 672 777 716 qui
803 674 952 706 seruant
976 671 1071 705 festa
1096 671 1185 705 haec
1212 682 1256 704 ex
1282 669 1358 704 sola
1385 672 1421 703 et
1446 669 1578 713 frigida
1597 670 1853 704 consuetudine

81 728 239 767 seruant,
274 737 340 760 nec
374 728 503 771 putant
537 738 626 770 opus
661 737 740 759 esse
775 725 844 759 nisi
870 727 912 758 vt
937 724 1085 758 veniant
1111 735 1237 769 parum
1263 724 1307 757 ad
1334 723 1518 768 templum.
1567 723 1605 756 4⁰
1631 734 1714 767 pars
1739 723 1853 758 maior

83 779 220 814 ociatur
246 779 454 824 crapulatur
476 779 618 824 jocatur
643 781 679 812 et
696 778 822 823 incipit
847 780 920 811 tam
946 777 1076 811 leuiter
1102 788 1209 821 agere
1236 779 1271 810 et
1296 776 1448 810 licenter
1473 787 1622 820 peccare
1649 776 1743 810 sicut
1769 778 1851 810 ante

84 832 235 866 Pascha.
286 831 406 866 Solum
433 834 563 877 putant
588 843 627 865 se
653 843 799 865 seruare
827 830 948 874 [festa]
984 831 1068 874 quia
1095 830 1286 864 comedunt
1310 829 1464 864 libenter
1489 840 1615 863 carnes
1642 832 1678 863 et
1704 831 1852 863 cantant

84 885 250 919 Christus
276 888 332 920 est
357 886 569 920 erstanden“
603 884 641 927 (l.
669 896 699 918 c.
726 884 750 919 f.
780 884 1026 927 106a—108b).

206 938 412 981 „Dominica
436 938 551 983 prima
576 940 659 982 post
684 937 844 971 Pascha“
874 937 952 971 sive
978 937 1034 971 21.
1053 936 1188 981 Aprilis
1217 937 1317 971 1566.
1365 936 1509 978 „Dicam
1536 935 1649 980 primo
1675 935 1850 979 quomodo

83 991 341 1025 consideranda
374 992 424 1025 sit
457 1002 609 1036 persona
644 990 801 1024 Thomae
836 991 872 1023 in
908 990 975 1024 hoc
1010 989 1208 1032 Euangelio
1245 989 1296 1032 [Io
1322 989 1386 1029 20,
1417 988 1589 1033 19—31]‚
1624 999 1752 1032 nempe
1787 989 1847 1032 qui

82 1047 211 1089 typum
245 1045 340 1088 gerit
364 1044 520 1078 omnium
550 1043 755 1084 infidelium,
789 1046 824 1077 et
850 1043 944 1077 circa
969 1042 1076 1076 fidem
1103 1043 1298 1076 errantium
1325 1042 1362 1076 29
1388 1042 1562 1086 quomodo
1588 1041 1741 1087 apostoli
1767 1053 1846 1076 cum

83 1109 149 1132 sua
183 1097 461 1141 congregatione
496 1097 597 1131 nobis
631 1096 825 1131 ostendunt
862 1098 997 1131 statum
1035 1095 1216 1140 ue1·e³['?]
1256 1095 1414 1129 fidelium
1453 1097 1489 1129 et
1525 1096 1638 1129 totius
1675 1094 1849 1129 ecclesiae

83 1150 292 1185 catholicae.
343 1150 380 1185 3⁴?
405 1150 579 1194 quomodo
614 1161 766 1194 capaces
800 1161 865 1183 nos
900 1149 1048 1183 reddere
1082 1150 1261 1194 possimus
1296 1149 1412 1193 pacis,
1449 1159 1554 1192 quam
1591 1147 1756 1182 Christus
1792 1147 1849 1182 hic

83 1215 191 1249 saepe
217 1206 254 1238 et
278 1203 370 1238 serio
396 1204 609 1248 precaturb“
642 1203 680 1246 (l.
707 1215 736 1237 c.
764 1203 787 1237 f.
817 1203 1062 1243 1092—11212).

202 1257 289 1292 Post
314 1256 407 1291 hanc
432 1257 632 1291 contionem
658 1256 696 1290 in
721 1255 841 1290 codice
867 1267 975 1290 manu
1008 1255 1143 1290 librarii
1170 1258 1333 1289 notatum
1359 1257 1433 1289 est:
1473 1255 1633 1297 „Desunt
1659 1255 1850 1289 Contiones

83 1310 310 1355 sequentium
338 1310 604 1344 Dominicarum
638 1321 752 1353 usque
778 1310 822 1344 ad
850 1309 911 1343 5διιΙι
937 1311 1020 1354 post
1045 1308 1205 1343 Pascha“
1236 1309 1313 1343 sive
1340 1319 1454 1352 usque
1480 1309 1523 1342 ad
1553 1309 1606 1343 19.
1633 1308 1719 1342 Maii
1748 1308 1850 1342 1566.

84 1364 161 1398 Hoc
187 1365 284 1398 certe
301 1365 461 1408 tempore
481 1362 645 1398 Canisius
664 1362 961 1408 occupatissimus
980 1364 1057 1396 erat
1080 1373 1161 1396 cum
1188 1361 1269 1396 aliis
1294 1361 1401 1395 rebus
1427 1361 1610 1404 religionis
1635 1361 1670 1394 in
1698 1361 1851 1395 comitiis

83 1416 224 1461 imperii
250 1417 426 1457 curandis,
454 1419 530 1450 tum
557 1417 713 1451 maxime
739 1416 859 1450 libello
886 1416 1039 1459 quodam
1065 1415 1100 1449 in
1127 1414 1315 1449 catholicis
1341 1414 1710 1455 contumeliosissimo,
1745 1426 1851 1458 quem

84 1470 286 1504 Fridericus
321 1470 453 1504 elector
489 1469 677 1503 Palatinus
713 1469 990 1509 disseminabat,
1026 1468 1225 1502 refutando
1276 1467 1316 1501 In
1352 1468 1428 1502 eius
1463 1469 1584 1501 autem
1618 1467 1735 1501 locum
1770 1467 1850 1501 sub-

82 1523 233 1558 stitutus
267 1526 323 1557 est
356 1523 396 1557 P.
424 1523 575 1557 Hermes
601 1522 806 1567 Halbpaur,
843 1534 887 1556 ex
922 1521 1072 1565 collegio
1108 1522 1343 1566 oenipontano
1378 1532 1398 1554 a
1433 1520 1472 1554 P.
1500 1520 1629 1554 Natale
1664 1520 1851 1554 visitatore

84 1578 266 1617 evocatus,
293 1576 354 1620 qui
380 1575 474 1610 haud
493 1575 646 1609 multum
664 1578 745 1620 post
763 1574 903 1609 Pascha
924 1577 1125 1618 Augustam
1145 1577 1295 1608 venerat
1317 1574 1367 1617 (v.
1385 1585 1495 1618 supra
1520 1585 1552 1618 p.
1573 1573 1669 1616 223).
1710 1575 1852 1607 Natalis

84 1631 251 1673 Augusta
277 1630 332 1664 27.
352 1629 487 1674 Aprilis
516 1629 606 1664 1566
634 1628 667 1663 S.
695 1628 886 1662 Francisco
913 1628 1066 1671 Borgiae
1092 1628 1259 1672 scripsit:
1291 1627 1380 1669 „Gia
1404 1627 1431 1660 il
1456 1626 1495 1661 P.
1515 1626 1674 1660 Maestro
1701 1626 1851 1660 Hermes

85 1685 102 1716 e
130 1682 202 1727 qui,
230 1684 264 1716 et
291 1684 309 1716 e
336 1684 469 1716 uenuto
495 1682 604 1716 molto
631 1693 651 1716 a
677 1682 869 1726 proposito,
906 1693 969 1726 per
994 1681 1017 1715 l’
1032 1681 1265 1725 occupatione
1291 1679 1496 1714 necessaria
1522 1679 1587 1713 che
1613 1682 1631 1713 e
1657 1682 1791 1714 uenuta
1817 1680 1851 1713 al

85 1735 124 1770 P.
153 1734 315 1776 Canisio,
352 1747 450 1769 come
483 1735 558 1768 diro
593 1735 716 1780 dapoi,
754 1735 789 1768 in
826 1735 881 1768 cui
917 1734 994 1769 loco
1029 1734 1087 1768 nel
1122 1745 1225 1768 nome
1261 1733 1318 1767 del
1353 1732 1502 1776 Signore
1538 1732 1792 1767 incominciara
1825 1732 1852 1766 il

87 1788 126 1823 P.
152 1788 305 1822 Hermes
341 1800 360 1822 a
395 1788 568 1833 predicar'
589 1788 747 1822 domane.
767 1814 775 1823 .
796 1814 829 1821 ..
881 1788 918 1821 Io
953 1787 1093 1821 haueuo
1130 1786 1308 1821 chiamato
1343 1786 1378 1820 al
1413 1786 1452 1820 P.
1480 1786 1650 1825 Hermes,
1686 1785 1709 1819 i]
1746 1785 1852 1830 quale

85 1852 201 1875 uenne
228 1841 346 1875 subito
374 1841 463 1886 dopo
488 1840 633 1886 pascha,
672 1843 707 1874 et
732 1840 779 1874 mi
806 1841 940 1874 ritrouo
966 1841 1001 1874 in
1028 1839 1184 1883 Dssinga,
1211 1842 1247 1873 et
1272 1840 1400 1874 adesso
1426 1842 1483 1874 sta
1509 1840 1568 1883 gia
1594 1840 1761 1873 aem-dato
1788 1838 1853 1873 che

85 1894 132 1929 ha
158 1894 202 1928 da
227 1894 411 1939 predicare
437 1894 473 1928 in
498 1894 574 1928 loco
601 1893 659 1928 del
683 1894 721 1928 P.
742 1893 894 1934 Canisio,
922 1893 946 1927 il
974 1893 1078 1937 quale
1105 1895 1161 1927 sta
1185 1895 1357 1937 occupato
1375 1892 1412 1926 in
1430 1892 1626 1937 risponder’
1642 1904 1661 1926 a
1688 1904 1733 1926 un
1761 1892 1850 1926 libro

85 1947 254 1982 thedesco
281 1946 335 1982 ch’
350 1947 375 1981 il
402 1949 505 1981 conte
531 1946 709 1991 palatino“
731 1949 799 1980 etc.
830 1946 933 1991 (Epp.
953 1947 1074 1980 Nadaz
1091 1946 1143 1980 III
1163 1947 1203 1981 81
1234 1945 1307 1989 83).
1351 1946 1549 1991 Respondit
1567 1947 1720 1989 Boryias
1737 1944 1849 1979 Roma

88 2001 141 2035 16.
167 2000 255 2034 Maii
284 2001 391 2035 1566:
424 2000 472 2042 „Il
498 2000 537 2033 P.
565 2000 716 2034 Hermes
742 1999 903 2044 predichi
928 2000 964 2033 in
990 2000 1082 2034 buon
1108 1999 1196 2033 hora
1222 1999 1257 2033 in
1284 2000 1469 2042 Augusta“
1503 1999 1540 2043 (l.
1568 2011 1596 2033 c.
1627 1999 1721 2042 126).

204 2052 430 2097 Aliquotiens
444 2056 564 2086 tamen
579 2052 745 2087 Canisius
759 2052 794 2086 in
812 2063 953 2087 sacrum
967 2054 1180 2096 suggestum
1196 2052 1301 2086 rediit
1314 2051 1536 2086 hebdomada
1554 2051 1848 2094 „Rogationum“.

204 2106 256 2140 Ac
290 2106 444 2150 primum
479 2105 621 2149 quidem
648 2104 834 2140 Dominica
859 2105 902 2140 V.
929 2108 1011 2150 post
1034 2105 1176 2139 Pascha
1210 2106 1287 2139 sive
1316 2106 1370 2140 19.
1397 2105 1483 2138 Maii
1512 2105 1602 2140 1566
1627 2105 1663 2138 in
1696 2104 1849 2139 ecclesia

85 2158 284 2194 cathedrali
316 2158 541 2193 contionatus
577 2161 642 2192 est.
696 2158 885 2201 „Dicemus
921 2170 1004 2202 ergo
1039 2158 1204 2203 primuni,
1240 2170 1303 2193 cur
1329 2158 1494 2193 Christus
1529 2158 1565 2192 in
1591 2157 1787 2200 Euangelio
1813 2160 1849 2191 et

84 2212 295 2258 praesertim
331 2213 366 2245 in
399 2211 525 2246 vltima
560 2223 670 2246 coena
704 2223 811 2256 saepe
847 2212 973 2246 doceat
1006 2212 1076 2246 imo
1110 2212 1203 2246 serio
1235 2212 1381 2245 mandet
1414 2214 1454 2245 ut
1485 2211 1540 2245 sui
1575 2210 1699 2245 fideles
1735 2214 1845 2245 orent.

85 2266 105 2300 2
125 2265 299 2309 quomodo
325 2264 516 2299 admoneat
540 2264 606 2298 hoc
624 2264 861 2308 Euangelium
881 2264 975 2309 [diei‚
1002 2265 1079 2299 sive
1098 2265 1134 2299 Io
1155 2265 1208 2305 16,
1234 2264 1389 2308 23—30]
1410 2264 1452 2298 de
1470 2263 1593 2297 multis
1612 2264 1655 2298 ad
1675 2263 1845 2297 orandum

84 2317 234 2352 vtilibus
261 2320 297 2352 et
322 2317 536 2362 necessarijs
561 2317 668 2351 rebus
695 2318 715 2351 3
742 2317 871 2361 quibus
897 2318 940 2351 de
966 2318 1084 2352 causis
1111 2317 1337 2352 Christianus
1363 2328 1401 2351 se
1428 2319 1463 2350 et
1489 2316 1578 2351 alios
1604 2317 1647 2350 ad
1674 2317 1846 2350 orandum

85 2371 244 2406 excitare
270 2373 306 2405 et
331 2381 540 2415 promouere
558 2370 696 2405 debeat.
743 2370 985 2414 Sequentibus
1003 2371 1127 2405 diebus
1153 2370 1256 2415 plura
1282 2370 1396 2405 dicam
1424 2370 1465 2404 de
1493 2371 1651 2404 oratione
1677 2369 1744 2404 hac
1770 2370 1848 2414 ipsa

85 2424 182 2463 hora,
208 2424 244 2457 in
269 2423 404 2468 templo
430 2422 464 2457 S.
491 2423 644 2457 loannis.
696 2423 848 2458 Causam
876 2424 920 2457 ad
945 2424 1012 2458 hoc
1038 2423 1125 2457 mihi
1151 2424 1212 2458 dat
1238 2424 1322 2457 ordo
1349 2422 1542 2463 Ecclesiae,
1578 2422 1637 2466 qui
1664 2425 1783 2456 monet
1809 2425 1850 2456 ut

85 2477 244 2511 oratione
277 2475 455 2521 spirituali
491 2488 657 2510 ornemus
692 2479 726 2510 et
760 2476 1027 2511 sanctificemus
1061 2488 1190 2510 vnsere
1226 2476 1355 2510 Creutz
1382 2475 1542 2510 Wochen
1577 2476 1671 2510 sicut
1706 2478 1849 2510 veteres

85 2529 280 2564 Christiani
306 2528 428 2563 multis
454 2528 583 2563 abhinc
608 2529 739 2563 seculis
765 2530 939 2571 fecerunt,
976 2533 1012 2563 et
1037 2529 1153 2563 adhuc
1192 2529 1327 2563 faciunt
1353 2530 1387 2562 in
1415 2528 1609 2563 Catholicis
1634 2529 1848 2563 nationibus.

84 2581 137 2617 De
162 2582 223 2616 illo
249 2594 329 2616 cras
356 2582 490 2627 plura.“
530 2583 568 2616 ln
595 2582 760 2616 contione
787 2582 952 2618 Canisius
979 2583 1158 2627 queritur:
1190 2582 1349 2624 „Scimus
1376 2582 1528 2616 dormire
1554 2582 1575 2616 8
1600 2582 1716 2624 horas,
1743 2582 1763 2616 5
1791 2582 1849 2616 uel

84 2647 149 2670 sex
176 2635 280 2669 edere
299 2662 306 2670 .
325 2637 379 2669 tot
396 2635 492 2669 horis
511 2636 648 2678 garrire
674 2635 795 2669 ludere
820 2636 974 2680 spaciari
1001 2638 1037 2669 et
1062 2646 1224 2669 recreare
1252 2646 1391 2679 corpus.
1412 2662 1418 2668 .
1440 2662 1446 2668 .
1468 2662 1473 2668 .
1511 2634 1583 2668 Vix
1602 2635 1710 2669 Pater
1727 2637 1848 2670 noster

84 2688 237 2723 dicimus
261 2689 297 2723 in
324 2688 390 2729 die,
426 2688 535 2733 pudet
569 2699 633 2722 nos
659 2699 760 2722 orare
786 2688 927 2733 publice
953 2691 989 2722 et
1015 2688 1204 2722 humiliare
1231 2699 1348 2722 coram
1376 2687 1462 2729 Deo,
1498 2687 1641 2732 placare
1668 2687 1715 2733 [52]
1744 2689 1847 2723 deum

84 2741 188 2776 flexis
214 2741 377 2784 genibus,
415 2741 562 2775 adorare
599 2740 772 2775 christum
808 2741 844 2774 in
871 2740 1102 2775 Sacramento
1139 2743 1176 2774 et
1201 2740 1343 2775 interim
1380 2751 1492 2774 nouas
1526 2740 1700 2775 habemus
1731 2753 1848 2776 caere-

85 2795 222 2829 monias
248 2795 284 2828 in
310 2805 434 2828 mensa
460 2805 550 2838 quas
576 2794 634 2838 qui
662 2806 730 2828 non
758 2794 846 2828 facit
871 2796 911 2829 ut
937 2794 1093 2828 rusticus
1119 2794 1256 2828 ridetur
1283 2794 1337 2827 ein
1369 2793 1493 2827 halber
1528 2805 1602 2836 nar,
1639 2793 1847 2837 vnhofflich,

86 2859 151 2891 gar
176 2859 219 2882 zu
245 2847 452 2891 gschlecht“
486 2847 585 2891 (Cod.
616 2847 722 2890 „Can.
750 2847 814 2881 27⁹⁶
845 2848 869 2881 f.
899 2847 1145 2891 lma—119³).

208 2901 331 2943 „Feria
365 2901 403 2936 2¹}
428 2900 687 2943 Rogationuni⁴²
731 2900 799 2943 [20.
826 2900 912 2934 Maii
952 2900 1067 2944 1566}
1127 2900 1287 2934 Primum
1323 2899 1550 2943 evangelium
1587 2900 1655 2934 diei
1690 2901 1850 2936 breviter

85 2953 254 2998 explicat.
293 2954 380 2996 „Sed
408 2953 464 2988 his
489 2953 624 2987 relictis
643 2953 777 2997 aliquid
796 2953 1032 2988 tractabimus
1058 2953 1150 2997 quod
1178 2953 1317 2998 proprie
1344 2953 1500 2998 pertinet
1517 2965 1560 2987 zu
1578 2965 1687 2988 vnser
1705 2953 1848 2989 creutz-

85 3005 232 3040 wochen
250 3018 377 3052 nempe
396 3018 506 3051 quare
532 3007 598 3041 hoc
624 3006 671 3041 sit
690 3007 894 3041 institutum
922 3008 958 3040 et
983 3009 1035 3040 tot
1061 3006 1216 3041 saeculis
1242 3006 1470 3040 obseruatum
1496 3009 1537 3041 ut
1554 3006 1727 3042 Catholici
1754 3020 1847 3043 nunc

85 3061 231 3094 seruent
256 3060 530 3104 processionem,
557 3062 593 3094 et
618 3062 764 3093 cantent
790 3059 962 3101 litaniam,
995 3062 1030 3093 et
1056 3060 1259 3094 abstineant
1286 3070 1306 3093 a
1332 3059 1509 3101 carnibus,
1536 3062 1572 3094 et
1596 3060 1640 3094 ad
1667 3061 1846 3105 publicam

205 3142 233 3170 a)
254 3143 373 3166 Verbum
395 3142 545 3167 obscurius·
564 3142 714 3173 scriptum.
813 3141 841 3168 b)
864 3143 909 3166 lta
933 3146 960 3166 τ’.
981 3150 1033 3166 sua
1056 3150 1142 3166 ιηαηιι
1164 3143 1289 3167 com-esi!
1310 3150 1345 3166 es
1368 3150 1418 3169 cv..
1438 3150 1509 3173 quae
1530 3143 1674 3167 lim-<erius
1690 3148 1846 3175 posuer-ut:

86 3182 118 3210 39
137 3189 192 3215 per
212 3189 288 3215 quae
308 3182 406 3208 media
426 3189 547 3207 errores
567 3182 597 3207 et
617 3181 759 3208 haereses
780 3181 886 3213 auertj,
907 3182 936 3207 et
958 3190 1028 3207 uera
1048 3190 1108 3215 pax
1130 3183 1157 3207 in
1179 3182 1324 3214 religione
1345 3183 1473 3207 inueniri
1493 3183 1523 3208 et
1544 3183 1718 3215 conseruarj
1739 3185 1846 3217 possit.
