<?xml version="1.0" encoding="UTF-8"?>
<!DOCTYPE html PUBLIC "-//W3C//DTD XHTML 1.0 Transitional//EN"
    "http://www.w3.org/TR/xhtml1/DTD/xhtml1-transitional.dtd">
<html xmlns="http://www.w3.org/1999/xhtml" xml:lang="en" lang="en">
 <head>
  <title>
</title>
<meta http-equiv="Content-Type" content="text/html;charset=utf-8" />
  <meta name='ocr-system' content='tesseract 3.04.00' />
  <meta name='ocr-capabilities' content='ocr_page ocr_carea ocr_par ocr_line ocrx_word'/>
</head>
<body>
  <div class='ocr_page' id='page_1' title='image "beatipetricanisi05cani_0588.png"; bbox 0 0 2045 3471; ppageno 0'>
   <div class='ocr_carea' id='block_1_1' title="bbox 213 200 1489 249">
    <p class='ocr_par' dir='ltr' id='par_1_1' title="bbox 213 200 1489 249">
     <span class='ocr_line' id='line_1_1' title="bbox 213 200 1489 249; baseline -0.002 -12"><span class='ocrx_word' id='word_1_1' title='bbox 213 208 296 249; x_wconf 86' lang='lat'><em>500</em></span> <span class='ocrx_word' id='word_1_2' title='bbox 691 202 792 236; x_wconf 72' lang='lat'><em>1459.</em></span> <span class='ocrx_word' id='word_1_3' title='bbox 819 201 853 236; x_wconf 82' lang='lat' dir='ltr'><em>S.</em></span> <span class='ocrx_word' id='word_1_4' title='bbox 872 201 1085 236; x_wconf 83' lang='lat' dir='ltr'><em>Franciscus</em></span> <span class='ocrx_word' id='word_1_5' title='bbox 1110 200 1153 235; x_wconf 88' lang='lat' dir='ltr'><em>de</em></span> <span class='ocrx_word' id='word_1_6' title='bbox 1178 201 1311 245; x_wconf 85' lang='lat' dir='ltr'><em>Borgia</em></span> <span class='ocrx_word' id='word_1_7' title='bbox 1337 200 1489 235; x_wconf 86' lang='lat' dir='ltr'><em>Canisio.</em></span> 
     </span>
    </p>
   </div>
   <div class='ocr_carea' id='block_1_2' title="bbox 206 318 1977 1627">
    <p class='ocr_par' dir='ltr' id='par_1_2' title="bbox 206 318 1977 1627">
     <span class='ocr_line' id='line_1_2' title="bbox 331 318 1973 360; baseline -0.001 -7"><span class='ocrx_word' id='word_1_8' title='bbox 331 321 461 354; x_wconf 85' lang='lat' dir='ltr'><em>Merito</em></span> <span class='ocrx_word' id='word_1_9' title='bbox 495 321 702 354; x_wconf 75' lang='lat' dir='ltr'><em>Alexander</em></span> <span class='ocrx_word' id='word_1_10' title='bbox 737 321 835 354; x_wconf 66' lang='lat' dir='ltr'><em>Sasco</em></span> <span class='ocrx_word' id='word_1_11' title='bbox 871 323 901 353; x_wconf 87' lang='lat' dir='ltr'><em>et</em></span> <span class='ocrx_word' id='word_1_12' title='bbox 937 321 1059 353; x_wconf 82' lang='lat' dir='ltr'><em>Simon</em></span> <span class='ocrx_word' id='word_1_13' title='bbox 1086 321 1280 353; x_wconf 84' lang='lat' dir='ltr'><em>Damerius</em></span> <span class='ocrx_word' id='word_1_14' title='bbox 1314 320 1453 352; x_wconf 85' lang='lat' dir='ltr'><em>dimissi</em></span> <span class='ocrx_word' id='word_1_15' title='bbox 1484 323 1591 360; x_wconf 85' lang='lat' dir='ltr'><em>sunt‚·</em></span> <span class='ocrx_word' id='word_1_16' title='bbox 1629 319 1760 352; x_wconf 84' lang='lat' dir='ltr'><em>Romae</em></span> <span class='ocrx_word' id='word_1_17' title='bbox 1798 329 1820 350; x_wconf 87' lang='lat' dir='ltr'><em>a</em></span> <span class='ocrx_word' id='word_1_18' title='bbox 1859 318 1973 352; x_wconf 78' lang='lat' dir='ltr'><em>Sociis</em></span> 
     </span>
     <span class='ocr_line' id='line_1_3' title="bbox 215 371 1972 417; baseline -0.002 -10"><span class='ocrx_word' id='word_1_19' title='bbox 215 375 451 408; x_wconf 81' lang='lat' dir='ltr'><em>Macaroniea</em></span> <span class='ocrx_word' id='word_1_20' title='bbox 475 374 526 406; x_wconf 75' lang='lat' dir='ltr'><em>vel</em></span> <span class='ocrx_word' id='word_1_21' title='bbox 550 374 684 406; x_wconf 85' lang='lat' dir='ltr'><em>similia</em></span> <span class='ocrx_word' id='word_1_22' title='bbox 709 384 781 406; x_wconf 80' lang='lat' dir='ltr'><em>non</em></span> <span class='ocrx_word' id='word_1_23' title='bbox 807 373 983 417; x_wconf 71' lang='lat' dir='ltr'><em>leyuntur.</em></span> <span class='ocrx_word' id='word_1_24' title='bbox 1020 373 1123 406; x_wconf 81' lang='lat' dir='ltr'><em>Petro</em></span> <span class='ocrx_word' id='word_1_25' title='bbox 1149 373 1300 406; x_wconf 85' lang='lat' dir='ltr'><em>Aretino</em></span> <span class='ocrx_word' id='word_1_26' title='bbox 1322 373 1483 415; x_wconf 79' lang='lat' dir='ltr'><em>permitti</em></span> <span class='ocrx_word' id='word_1_27' title='bbox 1502 372 1646 415; x_wconf 77' lang='lat' dir='ltr'><em>poterit,</em></span> <span class='ocrx_word' id='word_1_28' title='bbox 1671 376 1711 405; x_wconf 82' lang='lat' dir='ltr'><em>ut</em></span> <span class='ocrx_word' id='word_1_29' title='bbox 1735 371 1786 404; x_wconf 77' lang='lat' dir='ltr'><em>vel</em></span> <span class='ocrx_word' id='word_1_30' title='bbox 1811 372 1858 404; x_wconf 82' lang='lat' dir='ltr'><em>ad</em></span> <span class='ocrx_word' id='word_1_31' title='bbox 1886 371 1972 404; x_wconf 86' lang='lat' dir='ltr'><em>Car-</em></span> 
     </span>
     <span class='ocr_line' id='line_1_4' title="bbox 212 424 1973 469; baseline -0.002 -9"><span class='ocrx_word' id='word_1_32' title='bbox 212 428 384 468; x_wconf 85' lang='lat' dir='ltr'><em>tusianos,</em></span> <span class='ocrx_word' id='word_1_33' title='bbox 419 427 471 459; x_wconf 74' lang='lat' dir='ltr'><em>rel</em></span> <span class='ocrx_word' id='word_1_34' title='bbox 495 427 529 459; x_wconf 87' lang='lat' dir='ltr'><em>si</em></span> <span class='ocrx_word' id='word_1_35' title='bbox 557 427 630 459; x_wconf 81' lang='lat' dir='ltr'><em>alio</em></span> <span class='ocrx_word' id='word_1_36' title='bbox 657 427 757 460; x_wconf 85' lang='lat' dir='ltr'><em>abire</em></span> <span class='ocrx_word' id='word_1_37' title='bbox 781 427 942 469; x_wconf 78' lang='lat' dir='ltr'><em>voluerit,</em></span> <span class='ocrx_word' id='word_1_38' title='bbox 969 427 1079 459; x_wconf 54' lang='lat' dir='ltr'><em>abeat.</em></span> <span class='ocrx_word' id='word_1_39' title='bbox 1130 426 1168 459; x_wconf 92' lang='lat' dir='ltr'><em>P.</em></span> <span class='ocrx_word' id='word_1_40' title='bbox 1197 425 1341 458; x_wconf 70' lang='lat' dir='ltr'><em>Visclter</em></span> <span class='ocrx_word' id='word_1_41' title='bbox 1365 426 1452 458; x_wconf 73' lang='lat' dir='ltr'><em>votis</em></span> <span class='ocrx_word' id='word_1_42' title='bbox 1477 425 1654 467; x_wconf 72' lang='lat' dir='ltr'><em>retiyiosis</em></span> <span class='ocrx_word' id='word_1_43' title='bbox 1686 424 1782 468; x_wconf 81' lang='lat' dir='ltr'><em>solvi,</em></span> <span class='ocrx_word' id='word_1_44' title='bbox 1817 425 1856 457; x_wconf 85' lang='lat' dir='ltr'><em>id</em></span> <span class='ocrx_word' id='word_1_45' title='bbox 1881 425 1973 467; x_wconf 79' lang='lat' dir='ltr'><em>qnod</em></span> 
     </span>
     <span class='ocr_line' id='line_1_5' title="bbox 212 478 1973 523; baseline -0.002 -11"><span class='ocrx_word' id='word_1_46' title='bbox 212 481 285 522; x_wconf 86' lang='lat' dir='ltr'><em>ipse</em></span> <span class='ocrx_word' id='word_1_47' title='bbox 313 481 413 523; x_wconf 86' lang='lat' dir='ltr'><em>petit,</em></span> <span class='ocrx_word' id='word_1_48' title='bbox 443 480 586 522; x_wconf 78' lang='lat' dir='ltr'><em>poterit.</em></span> <span class='ocrx_word' id='word_1_49' title='bbox 638 478 675 511; x_wconf 89' lang='lat' dir='ltr'><em>P.</em></span> <span class='ocrx_word' id='word_1_50' title='bbox 705 479 906 522; x_wconf 62' lang='lat' dir='ltr'><em>&amp;adoerius</em></span> <span class='ocrx_word' id='word_1_51' title='bbox 940 480 1072 512; x_wconf 83' lang='lat' dir='ltr'><em>dimitti</em></span> <span class='ocrx_word' id='word_1_52' title='bbox 1106 480 1235 522; x_wconf 75' lang='lat' dir='ltr'><em>nequit,</em></span> <span class='ocrx_word' id='word_1_53' title='bbox 1272 489 1349 511; x_wconf 78' lang='lat' dir='ltr'><em>oum</em></span> <span class='ocrx_word' id='word_1_54' title='bbox 1384 479 1499 520; x_wconf 61' lang='lat' dir='ltr'><em>‹ipsi-us</em></span> <span class='ocrx_word' id='word_1_55' title='bbox 1532 481 1668 510; x_wconf 85' lang='lat' dir='ltr'><em>tantum</em></span> <span class='ocrx_word' id='word_1_56' title='bbox 1708 479 1792 510; x_wconf 71' lang='lat' dir='ltr'><em>vitio</em></span> <span class='ocrx_word' id='word_1_57' title='bbox 1824 478 1898 519; x_wconf 82' lang='lat' dir='ltr'><em>fiat,</em></span> <span class='ocrx_word' id='word_1_58' title='bbox 1935 482 1973 510; x_wconf 84' lang='lat' dir='ltr'><em>ut</em></span> 
     </span>
     <span class='ocr_line' id='line_1_6' title="bbox 214 531 1973 574; baseline -0.002 -9"><span class='ocrx_word' id='word_1_59' title='bbox 214 533 398 566; x_wconf 80' lang='lat' dir='ltr'><em>Soeietatis</em></span> <span class='ocrx_word' id='word_1_60' title='bbox 431 533 571 565; x_wconf 75' lang='lat' dir='ltr'><em>vivendi</em></span> <span class='ocrx_word' id='word_1_61' title='bbox 601 543 712 574; x_wconf 65' lang='lat' dir='ltr'><em>oenus</em></span> <span class='ocrx_word' id='word_1_62' title='bbox 747 532 940 574; x_wconf 77' lang='lat' dir='ltr'><em>difficulter</em></span> <span class='ocrx_word' id='word_1_63' title='bbox 973 533 1145 565; x_wconf 81' lang='lat' dir='ltr'><em>sustineat</em></span> <span class='ocrx_word' id='word_1_64' title='bbox 1155 544 1169 573; x_wconf 85' lang='lat'><em>;</em></span> <span class='ocrx_word' id='word_1_65' title='bbox 1202 533 1358 564; x_wconf 77' lang='lat' dir='ltr'><em>suaviter</em></span> <span class='ocrx_word' id='word_1_66' title='bbox 1383 534 1497 563; x_wconf 82' lang='lat' dir='ltr'><em>tamen</em></span> <span class='ocrx_word' id='word_1_67' title='bbox 1524 531 1736 564; x_wconf 84' lang='lat' dir='ltr'><em>tractandus</em></span> <span class='ocrx_word' id='word_1_68' title='bbox 1769 534 1799 562; x_wconf 90' lang='lat' dir='ltr'><em>et</em></span> <span class='ocrx_word' id='word_1_69' title='bbox 1824 531 1973 563; x_wconf 83' lang='lat' dir='ltr'><em>Romam</em></span> 
     </span>
     <span class='ocr_line' id='line_1_7' title="bbox 206 584 1972 628; baseline -0.001 -10"><span class='ocrx_word' id='word_1_70' title='bbox 206 586 398 618; x_wconf 80' lang='lat' dir='ltr'><em>mittendus</em></span> <span class='ocrx_word' id='word_1_71' title='bbox 416 590 474 618; x_wconf 88' lang='lat' dir='ltr'><em>est.</em></span> <span class='ocrx_word' id='word_1_72' title='bbox 511 586 681 619; x_wconf 77' lang='lat' dir='ltr'><em>Securius</em></span> <span class='ocrx_word' id='word_1_73' title='bbox 706 590 764 627; x_wconf 87' lang='lat' dir='ltr'><em>est,</em></span> <span class='ocrx_word' id='word_1_74' title='bbox 791 586 935 628; x_wconf 74' lang='lat' dir='ltr'><em>reyinas</em></span> <span class='ocrx_word' id='word_1_75' title='bbox 953 589 983 618; x_wconf 89' lang='lat' dir='ltr'><em>et</em></span> <span class='ocrx_word' id='word_1_76' title='bbox 1000 586 1158 618; x_wconf 64' lang='lat' dir='ltr'><em>dice-issas</em></span> <span class='ocrx_word' id='word_1_77' title='bbox 1179 585 1362 618; x_wconf 82' lang='lat' dir='ltr'><em>Soeietatis</em></span> <span class='ocrx_word' id='word_1_78' title='bbox 1387 585 1506 617; x_wconf 84' lang='lat' dir='ltr'><em>domos</em></span> <span class='ocrx_word' id='word_1_79' title='bbox 1523 584 1710 626; x_wconf 73' lang='lat' dir='ltr'><em>hortosque</em></span> <span class='ocrx_word' id='word_1_80' title='bbox 1735 594 1805 616; x_wconf 82' lang='lat' dir='ltr'><em>uon</em></span> <span class='ocrx_word' id='word_1_81' title='bbox 1822 584 1972 626; x_wconf 74' lang='lat' dir='ltr'><em>inyredi.</em></span> 
     </span>
     <span class='ocr_line' id='line_1_8' title="bbox 219 637 1974 681; baseline -0.001 -9"><span class='ocrx_word' id='word_1_82' title='bbox 219 639 362 672; x_wconf 80' lang='lat' dir='ltr'><em>Canisio</em></span> <span class='ocrx_word' id='word_1_83' title='bbox 398 639 475 671; x_wconf 79' lang='lat' dir='ltr'><em>licet</em></span> <span class='ocrx_word' id='word_1_84' title='bbox 508 639 545 671; x_wconf 86' lang='lat' dir='ltr'><em>in</em></span> <span class='ocrx_word' id='word_1_85' title='bbox 583 639 765 681; x_wconf 67' lang='lat' dir='ltr'><em>eolleyiitiiz·</em></span> <span class='ocrx_word' id='word_1_86' title='bbox 796 640 1038 681; x_wconf 73' lang='lat' dir='ltr'><em>yermanicum</em></span> <span class='ocrx_word' id='word_1_87' title='bbox 1067 640 1087 670; x_wconf 79' lang='lat'><em>4</em></span> <span class='ocrx_word' id='word_1_88' title='bbox 1113 638 1347 671; x_wconf 72' lang='lat' dir='ltr'><em>adulescentes</em></span> <span class='ocrx_word' id='word_1_89' title='bbox 1372 639 1531 678; x_wconf 85' lang='lat' dir='ltr'><em>mittere;</em></span> <span class='ocrx_word' id='word_1_90' title='bbox 1565 637 1691 679; x_wconf 79' lang='lat' dir='ltr'><em>quodsi</em></span> <span class='ocrx_word' id='word_1_91' title='bbox 1725 637 1815 669; x_wconf 86' lang='lat' dir='ltr'><em>alios</em></span> <span class='ocrx_word' id='word_1_92' title='bbox 1839 647 1974 680; x_wconf 78' lang='lat' dir='ltr'><em>quoque</em></span> 
     </span>
     <span class='ocr_line' id='line_1_9' title="bbox 214 690 1974 735; baseline -0.001 -11"><span class='ocrx_word' id='word_1_93' title='bbox 214 692 351 724; x_wconf 84' lang='lat' dir='ltr'><em>mittere</em></span> <span class='ocrx_word' id='word_1_94' title='bbox 375 691 472 735; x_wconf 81' lang='lat' dir='ltr'><em>volet,</em></span> <span class='ocrx_word' id='word_1_95' title='bbox 493 693 653 734; x_wconf 84' lang='lat' dir='ltr'><em>primum</em></span> <span class='ocrx_word' id='word_1_96' title='bbox 673 692 824 724; x_wconf 80' lang='lat' dir='ltr'><em>Romam</em></span> <span class='ocrx_word' id='word_1_97' title='bbox 841 692 979 734; x_wconf 80' lang='lat' dir='ltr'><em>referet,</em></span> <span class='ocrx_word' id='word_1_98' title='bbox 1007 693 1109 724; x_wconf 77' lang='lat' dir='ltr'><em>cuius</em></span> <span class='ocrx_word' id='word_1_99' title='bbox 1133 691 1266 733; x_wconf 68' lang='lat' dir='ltr'><em>sinquli</em></span> <span class='ocrx_word' id='word_1_100' title='bbox 1290 691 1361 723; x_wconf 85' lang='lat' dir='ltr'><em>sint</em></span> <span class='ocrx_word' id='word_1_101' title='bbox 1387 691 1519 723; x_wconf 84' lang='lat' dir='ltr'><em>indolis</em></span> <span class='ocrx_word' id='word_1_102' title='bbox 1544 693 1574 722; x_wconf 88' lang='lat' dir='ltr'><em>et</em></span> <span class='ocrx_word' id='word_1_103' title='bbox 1592 694 1763 732; x_wconf 76' lang='lat' dir='ltr'><em>quantum</em></span> <span class='ocrx_word' id='word_1_104' title='bbox 1789 691 1828 722; x_wconf 82' lang='lat' dir='ltr'><em>in</em></span> <span class='ocrx_word' id='word_1_105' title='bbox 1845 690 1974 723; x_wconf 83' lang='lat' dir='ltr'><em>litteris</em></span> 
     </span>
     <span class='ocr_line' id='line_1_10' title="bbox 206 743 1975 788; baseline -0.001 -11"><span class='ocrx_word' id='word_1_106' title='bbox 206 745 446 788; x_wconf 81' lang='lat' dir='ltr'><em>profecerint3</em></span> <span class='ocrx_word' id='word_1_107' title='bbox 476 745 675 787; x_wconf 71' lang='lat' dir='ltr'><em>intelleyant</em></span> <span class='ocrx_word' id='word_1_108' title='bbox 693 745 796 777; x_wconf 79' lang='lat' dir='ltr'><em>etiam</em></span> <span class='ocrx_word' id='word_1_109' title='bbox 813 745 947 786; x_wconf 68' lang='lat' dir='ltr'><em>siuyuli</em></span> <span class='ocrx_word' id='word_1_110' title='bbox 965 748 1097 786; x_wconf 75' lang='lat' dir='ltr'><em>oportet</em></span> <span class='ocrx_word' id='word_1_111' title='bbox 1114 744 1219 776; x_wconf 71' lang='lat' dir='ltr'><em>liaeo:</em></span> <span class='ocrx_word' id='word_1_112' title='bbox 1244 744 1452 776; x_wconf 70' lang='lat' dir='ltr'><em>Promittere</em></span> <span class='ocrx_word' id='word_1_113' title='bbox 1470 743 1645 783; x_wconf 82' lang='lat' dir='ltr'><em>debebunt,</em></span> <span class='ocrx_word' id='word_1_114' title='bbox 1671 753 1706 776; x_wconf 87' lang='lat' dir='ltr'><em>se</em></span> <span class='ocrx_word' id='word_1_115' title='bbox 1731 743 1975 776; x_wconf 78' lang='lat' dir='ltr'><em>ecclesiasticos</em></span> 
     </span>
     <span class='ocr_line' id='line_1_11' title="bbox 217 797 1974 840; baseline -0.001 -9"><span class='ocrx_word' id='word_1_116' title='bbox 217 798 361 840; x_wconf 81' lang='lat' dir='ltr'><em>futuros</em></span> <span class='ocrx_word' id='word_1_117' title='bbox 387 803 428 840; x_wconf 85' lang='lat' dir='ltr'><em>et,</em></span> <span class='ocrx_word' id='word_1_118' title='bbox 454 798 491 830; x_wconf 75' lang='lat' dir='ltr'><em>‘in</em></span> <span class='ocrx_word' id='word_1_119' title='bbox 519 808 765 840; x_wconf 78' lang='lat' dir='ltr'><em>quameunque</em></span> <span class='ocrx_word' id='word_1_120' title='bbox 786 798 1001 830; x_wconf 72' lang='lat' dir='ltr'><em>Germaniae</em></span> <span class='ocrx_word' id='word_1_121' title='bbox 1023 801 1159 840; x_wconf 85' lang='lat' dir='ltr'><em>partem</em></span> <span class='ocrx_word' id='word_1_122' title='bbox 1186 798 1285 830; x_wconf 86' lang='lat' dir='ltr'><em>missi</em></span> <span class='ocrx_word' id='word_1_123' title='bbox 1308 797 1458 839; x_wconf 81' lang='lat' dir='ltr'><em>fuerint,</em></span> <span class='ocrx_word' id='word_1_124' title='bbox 1484 798 1597 829; x_wconf 78' lang='lat' dir='ltr'><em>ituros</em></span> <span class='ocrx_word' id='word_1_125' title='bbox 1607 808 1621 838; x_wconf 87' lang='lat'><em>;</em></span> <span class='ocrx_word' id='word_1_126' title='bbox 1646 797 1869 838; x_wconf 69' lang='lat' dir='ltr'><em>disciplinam</em></span> <span class='ocrx_word' id='word_1_127' title='bbox 1890 806 1974 839; x_wconf 79' lang='lat' dir='ltr'><em>quo-</em></span> 
     </span>
     <span class='ocr_line' id='line_1_12' title="bbox 213 849 1974 894; baseline -0.002 -10"><span class='ocrx_word' id='word_1_128' title='bbox 213 861 277 894; x_wconf 78' lang='lat' dir='ltr'><em>que</em></span> <span class='ocrx_word' id='word_1_129' title='bbox 314 851 548 893; x_wconf 67' lang='lat' dir='ltr'><em>domestic-am,</em></span> <span class='ocrx_word' id='word_1_130' title='bbox 586 851 669 883; x_wconf 82' lang='lat' dir='ltr'><em>dum</em></span> <span class='ocrx_word' id='word_1_131' title='bbox 704 851 744 882; x_wconf 83' lang='lat' dir='ltr'><em>in</em></span> <span class='ocrx_word' id='word_1_132' title='bbox 779 850 920 892; x_wconf 64' lang='lat' dir='ltr'><em>collegio</em></span> <span class='ocrx_word' id='word_1_133' title='bbox 956 855 1071 892; x_wconf 82' lang='lat' dir='ltr'><em>erunt,</em></span> <span class='ocrx_word' id='word_1_134' title='bbox 1111 850 1295 883; x_wconf 82' lang='lat' dir='ltr'><em>observare</em></span> <span class='ocrx_word' id='word_1_135' title='bbox 1329 850 1507 883; x_wconf 79' lang='lat' dir='ltr'><em>debebunt.</em></span> <span class='ocrx_word' id='word_1_136' title='bbox 1557 850 1684 882; x_wconf 80' lang='lat' dir='ltr'><em>Rector</em></span> <span class='ocrx_word' id='word_1_137' title='bbox 1718 849 1974 892; x_wconf 81' lang='lat' dir='ltr'><em>oenipontanus</em></span> 
     </span>
     <span class='ocr_line' id='line_1_13' title="bbox 213 903 1973 946; baseline -0.001 -10"><span class='ocrx_word' id='word_1_138' title='bbox 213 904 373 936; x_wconf 81' lang='lat' dir='ltr'><em>consiliis</em></span> <span class='ocrx_word' id='word_1_139' title='bbox 398 905 537 936; x_wconf 80' lang='lat' dir='ltr'><em>iuvetur</em></span> <span class='ocrx_word' id='word_1_140' title='bbox 571 907 600 935; x_wconf 82' lang='lat' dir='ltr'><em>et</em></span> <span class='ocrx_word' id='word_1_141' title='bbox 625 903 756 935; x_wconf 87' lang='lat' dir='ltr'><em>solacio</em></span> <span class='ocrx_word' id='word_1_142' title='bbox 782 903 978 944; x_wconf 80' lang='lat' dir='ltr'><em>afficiatur.</em></span> <span class='ocrx_word' id='word_1_143' title='bbox 1033 903 1140 946; x_wconf 82' lang='lat' dir='ltr'><em>Onus,</em></span> <span class='ocrx_word' id='word_1_144' title='bbox 1167 904 1260 946; x_wconf 77' lang='lat' dir='ltr'><em>quod</em></span> <span class='ocrx_word' id='word_1_145' title='bbox 1291 914 1333 936; x_wconf 69' lang='lat' dir='ltr'><em>er</em></span> <span class='ocrx_word' id='word_1_146' title='bbox 1357 903 1567 945; x_wconf 70' lang='lat' dir='ltr'><em>reyinarum</em></span> <span class='ocrx_word' id='word_1_147' title='bbox 1593 903 1819 944; x_wconf 67' lang='lat' dir='ltr'><em>confessor-iis</em></span> <span class='ocrx_word' id='word_1_148' title='bbox 1845 903 1973 944; x_wconf 86' lang='lat' dir='ltr'><em>oritur,</em></span> 
     </span>
     <span class='ocr_line' id='line_1_14' title="bbox 210 954 1977 999; baseline 0 -12"><span class='ocrx_word' id='word_1_149' title='bbox 210 957 359 998; x_wconf 81' lang='lat' dir='ltr'><em>portari</em></span> <span class='ocrx_word' id='word_1_150' title='bbox 384 967 516 989; x_wconf 76' lang='lat' dir='ltr'><em>necesse</em></span> <span class='ocrx_word' id='word_1_151' title='bbox 551 960 597 988; x_wconf 87' lang='lat' dir='ltr'><em>est</em></span> <span class='ocrx_word' id='word_1_152' title='bbox 607 967 621 997; x_wconf 87' lang='lat'><em>,·</em></span> <span class='ocrx_word' id='word_1_153' title='bbox 649 956 848 998; x_wconf 74' lang='lat' dir='ltr'><em>prudenter</em></span> <span class='ocrx_word' id='word_1_154' title='bbox 881 959 997 988; x_wconf 81' lang='lat' dir='ltr'><em>tamen</em></span> <span class='ocrx_word' id='word_1_155' title='bbox 1032 957 1259 999; x_wconf 76' lang='lat' dir='ltr'><em>impediatur,</em></span> <span class='ocrx_word' id='word_1_156' title='bbox 1295 957 1483 999; x_wconf 78' lang='lat' dir='ltr'><em>quominus</em></span> <span class='ocrx_word' id='word_1_157' title='bbox 1508 956 1625 989; x_wconf 85' lang='lat' dir='ltr'><em>Halae</em></span> <span class='ocrx_word' id='word_1_158' title='bbox 1656 955 1835 998; x_wconf 66' lang='lat' dir='ltr'><em>eollcyimn</em></span> <span class='ocrx_word' id='word_1_159' title='bbox 1862 954 1977 988; x_wconf 82' lang='lat' dir='ltr'><em>Socie-</em></span> 
     </span>
     <span class='ocr_line' id='line_1_15' title="bbox 213 1009 1974 1052; baseline -0.001 -10"><span class='ocrx_word' id='word_1_160' title='bbox 213 1011 297 1042; x_wconf 84' lang='lat' dir='ltr'><em>tatis</em></span> <span class='ocrx_word' id='word_1_161' title='bbox 322 1011 546 1042; x_wconf 68' lang='lat' dir='ltr'><em>instituatur.</em></span> <span class='ocrx_word' id='word_1_162' title='bbox 584 1009 794 1052; x_wconf 80' lang='lat' dir='ltr'><em>C&#39;urabitur,</em></span> <span class='ocrx_word' id='word_1_163' title='bbox 820 1013 859 1042; x_wconf 79' lang='lat' dir='ltr'><em>‘ut</em></span> <span class='ocrx_word' id='word_1_164' title='bbox 885 1009 924 1042; x_wconf 84' lang='lat' dir='ltr'><em>P.</em></span> <span class='ocrx_word' id='word_1_165' title='bbox 944 1009 1175 1042; x_wconf 78' lang='lat' dir='ltr'><em>Sclioricliius</em></span> <span class='ocrx_word' id='word_1_166' title='bbox 1199 1010 1238 1042; x_wconf 54' lang='lat' dir='ltr'><em>‘in</em></span> <span class='ocrx_word' id='word_1_167' title='bbox 1265 1010 1391 1042; x_wconf 83' lang='lat' dir='ltr'><em>litteris</em></span> <span class='ocrx_word' id='word_1_168' title='bbox 1416 1009 1546 1041; x_wconf 83' lang='lat' dir='ltr'><em>dandis</em></span> <span class='ocrx_word' id='word_1_169' title='bbox 1572 1009 1855 1051; x_wconf 73' lang='lat' dir='ltr'><em>circumspectius</em></span> <span class='ocrx_word' id='word_1_170' title='bbox 1880 1011 1974 1050; x_wconf 73' lang='lat' dir='ltr'><em>aqat.</em></span> 
     </span>
     <span class='ocr_line' id='line_1_16' title="bbox 213 1061 1973 1105; baseline -0.001 -10"><span class='ocrx_word' id='word_1_171' title='bbox 213 1063 251 1095; x_wconf 89' lang='lat' dir='ltr'><em>P.</em></span> <span class='ocrx_word' id='word_1_172' title='bbox 278 1063 423 1095; x_wconf 80' lang='lat' dir='ltr'><em>Natalis</em></span> <span class='ocrx_word' id='word_1_173' title='bbox 448 1063 641 1104; x_wconf 68' lang='lat' dir='ltr'><em>constituet,</em></span> <span class='ocrx_word' id='word_1_174' title='bbox 677 1063 753 1094; x_wconf 84' lang='lat' dir='ltr'><em>utri</em></span> <span class='ocrx_word' id='word_1_175' title='bbox 780 1062 965 1095; x_wconf 81' lang='lat' dir='ltr'><em>Soeietatis</em></span> <span class='ocrx_word' id='word_1_176' title='bbox 994 1064 1202 1104; x_wconf 75' lang='lat' dir='ltr'><em>provinciae</em></span> <span class='ocrx_word' id='word_1_177' title='bbox 1227 1063 1372 1104; x_wconf 71' lang='lat' dir='ltr'><em>eolleyia</em></span> <span class='ocrx_word' id='word_1_178' title='bbox 1405 1064 1562 1105; x_wconf 78' lang='lat' dir='ltr'><em>spirense</em></span> <span class='ocrx_word' id='word_1_179' title='bbox 1596 1066 1625 1094; x_wconf 88' lang='lat' dir='ltr'><em>et</em></span> <span class='ocrx_word' id='word_1_180' title='bbox 1650 1062 1888 1104; x_wconf 77' lang='lat' dir='ltr'><em>herbipolen-se</em></span> <span class='ocrx_word' id='word_1_181' title='bbox 1912 1061 1973 1093; x_wconf 90' lang='lat' dir='ltr'><em>ad-</em></span> 
     </span>
     <span class='ocr_line' id='line_1_17' title="bbox 213 1114 1972 1158; baseline -0.001 -11"><span class='ocrx_word' id='word_1_182' title='bbox 213 1116 393 1158; x_wconf 69' lang='lat' dir='ltr'><em>iunyenda</em></span> <span class='ocrx_word' id='word_1_183' title='bbox 418 1116 500 1148; x_wconf 84' lang='lat' dir='ltr'><em>sint.</em></span> <span class='ocrx_word' id='word_1_184' title='bbox 552 1115 752 1147; x_wconf 75' lang='lat' dir='ltr'><em>Matthaeus</em></span> <span class='ocrx_word' id='word_1_185' title='bbox 778 1115 958 1148; x_wconf 75' lang='lat' dir='ltr'><em>Miehom&#39;s</em></span> <span class='ocrx_word' id='word_1_186' title='bbox 983 1115 1133 1148; x_wconf 84' lang='lat' dir='ltr'><em>Romam</em></span> <span class='ocrx_word' id='word_1_187' title='bbox 1158 1116 1332 1149; x_wconf 79' lang='lat' dir='ltr'><em>mittatur.</em></span> <span class='ocrx_word' id='word_1_188' title='bbox 1384 1116 1436 1148; x_wconf 83' lang='lat' dir='ltr'><em>De</em></span> <span class='ocrx_word' id='word_1_189' title='bbox 1468 1116 1594 1148; x_wconf 85' lang='lat' dir='ltr'><em>litteris</em></span> <span class='ocrx_word' id='word_1_190' title='bbox 1617 1115 1843 1157; x_wconf 81' lang='lat' dir='ltr'><em>fundationis</em></span> <span class='ocrx_word' id='word_1_191' title='bbox 1868 1114 1972 1146; x_wconf 85' lang='lat' dir='ltr'><em>dilin-</em></span> 
     </span>
     <span class='ocr_line' id='line_1_18' title="bbox 211 1167 1974 1211; baseline -0.001 -10"><span class='ocrx_word' id='word_1_192' title='bbox 211 1170 316 1211; x_wconf 73' lang='lat' dir='ltr'><em>9anz‘s</em></span> <span class='ocrx_word' id='word_1_193' title='bbox 342 1168 567 1211; x_wconf 71' lang='lat' dir='ltr'><em>expediendis</em></span> <span class='ocrx_word' id='word_1_194' title='bbox 590 1173 810 1211; x_wconf 81' lang='lat' dir='ltr'><em>procurator</em></span> <span class='ocrx_word' id='word_1_195' title='bbox 827 1169 1028 1201; x_wconf 74' lang='lat' dir='ltr'><em>cardinalis</em></span> <span class='ocrx_word' id='word_1_196' title='bbox 1046 1169 1266 1201; x_wconf 74' lang='lat' dir='ltr'><em>Truchsessii</em></span> <span class='ocrx_word' id='word_1_197' title='bbox 1289 1169 1486 1211; x_wconf 70' lang='lat' dir='ltr'><em>uryebitur.</em></span> <span class='ocrx_word' id='word_1_198' title='bbox 1522 1169 1708 1210; x_wconf 77' lang='lat' dir='ltr'><em>Professor</em></span> <span class='ocrx_word' id='word_1_199' title='bbox 1726 1167 1974 1210; x_wconf 78' lang='lat' dir='ltr'><em>philosophiae</em></span> 
     </span>
     <span class='ocr_line' id='line_1_19' title="bbox 215 1222 1974 1265; baseline -0.001 -11"><span class='ocrx_word' id='word_1_200' title='bbox 215 1222 399 1265; x_wconf 73' lang='lat' dir='ltr'><em>Dilinyam</em></span> <span class='ocrx_word' id='word_1_201' title='bbox 425 1223 496 1254; x_wconf 84' lang='lat' dir='ltr'><em>iam</em></span> <span class='ocrx_word' id='word_1_202' title='bbox 524 1225 571 1254; x_wconf 85' lang='lat' dir='ltr'><em>est</em></span> <span class='ocrx_word' id='word_1_203' title='bbox 596 1222 748 1263; x_wconf 79' lang='lat' dir='ltr'><em>missus;</em></span> <span class='ocrx_word' id='word_1_204' title='bbox 776 1223 867 1254; x_wconf 81' lang='grc'>1--2</span> <span class='ocrx_word' id='word_1_205' title='bbox 893 1222 959 1254; x_wconf 80' lang='lat' dir='ltr'><em>alii</em></span> <span class='ocrx_word' id='word_1_206' title='bbox 984 1222 1178 1254; x_wconf 76' lang='lat' dir='ltr'><em>mittentur.</em></span> <span class='ocrx_word' id='word_1_207' title='bbox 1217 1222 1338 1254; x_wconf 78' lang='lat' dir='ltr'><em>Etiam</em></span> <span class='ocrx_word' id='word_1_208' title='bbox 1364 1222 1404 1254; x_wconf 89' lang='lat' dir='ltr'><em>P.</em></span> <span class='ocrx_word' id='word_1_209' title='bbox 1433 1222 1734 1254; x_wconf 81' lang='lat' dir='ltr'><em>Widmanstadius</em></span> <span class='ocrx_word' id='word_1_210' title='bbox 1758 1232 1799 1254; x_wconf 83' lang='lat' dir='ltr'><em>ac</em></span> <span class='ocrx_word' id='word_1_211' title='bbox 1823 1222 1974 1263; x_wconf 84' lang='lat' dir='ltr'><em>fortasse</em></span> 
     </span>
     <span class='ocr_line' id='line_1_20' title="bbox 212 1274 1973 1318; baseline -0.001 -10"><span class='ocrx_word' id='word_1_212' title='bbox 212 1277 366 1317; x_wconf 72' lang='lat' dir='ltr'><em>insiynis</em></span> <span class='ocrx_word' id='word_1_213' title='bbox 391 1275 536 1318; x_wconf 78' lang='lat' dir='ltr'><em>quidam</em></span> <span class='ocrx_word' id='word_1_214' title='bbox 571 1274 750 1316; x_wconf 71' lang='lat' dir='ltr'><em>tleeoloqus</em></span> <span class='ocrx_word' id='word_1_215' title='bbox 782 1275 954 1307; x_wconf 75' lang='lat' dir='ltr'><em>hibernus</em></span> <span class='ocrx_word' id='word_1_216' title='bbox 988 1276 1120 1318; x_wconf 78' lang='lat' dir='ltr'><em>aliique</em></span> <span class='ocrx_word' id='word_1_217' title='bbox 1145 1276 1336 1308; x_wconf 76' lang='lat' dir='ltr'><em>mittentur.</em></span> <span class='ocrx_word' id='word_1_218' title='bbox 1384 1275 1560 1317; x_wconf 83' lang='lat' dir='ltr'><em>Professio</em></span> <span class='ocrx_word' id='word_1_219' title='bbox 1586 1275 1668 1316; x_wconf 80' lang='lat' dir='ltr'><em>fidei</em></span> <span class='ocrx_word' id='word_1_220' title='bbox 1702 1275 1900 1307; x_wconf 82' lang='lat' dir='ltr'><em>tridentina</em></span> <span class='ocrx_word' id='word_1_221' title='bbox 1934 1274 1973 1306; x_wconf 78' lang='lat' dir='ltr'><em>in</em></span> 
     </span>
     <span class='ocr_line' id='line_1_21' title="bbox 213 1328 1973 1370; baseline -0.001 -9"><span class='ocrx_word' id='word_1_222' title='bbox 213 1329 443 1362; x_wconf 77' lang='lat' dir='ltr'><em>universitate</em></span> <span class='ocrx_word' id='word_1_223' title='bbox 476 1328 757 1370; x_wconf 74' lang='lat' dir='ltr'><em>inyotstadieusi.</em></span> <span class='ocrx_word' id='word_1_224' title='bbox 811 1328 912 1368; x_wconf 80' lang='lat' dir='ltr'><em>Quod</em></span> <span class='ocrx_word' id='word_1_225' title='bbox 946 1328 993 1360; x_wconf 89' lang='lat' dir='ltr'><em>ad</em></span> <span class='ocrx_word' id='word_1_226' title='bbox 1030 1328 1199 1360; x_wconf 77' lang='lat' dir='ltr'><em>nobilium</em></span> <span class='ocrx_word' id='word_1_227' title='bbox 1235 1328 1328 1369; x_wconf 78' lang='lat' dir='ltr'><em>filios</em></span> <span class='ocrx_word' id='word_1_228' title='bbox 1354 1329 1536 1369; x_wconf 60' lang='lat' dir='ltr'><em>Augustae</em></span> <span class='ocrx_word' id='word_1_229' title='bbox 1573 1328 1805 1360; x_wconf 84' lang='lat' dir='ltr'><em>instituendos</em></span> <span class='ocrx_word' id='word_1_230' title='bbox 1839 1328 1973 1370; x_wconf 81' lang='lat' dir='ltr'><em>attinet,</em></span> 
     </span>
     <span class='ocr_line' id='line_1_22' title="bbox 218 1381 1975 1424; baseline -0.001 -10"><span class='ocrx_word' id='word_1_231' title='bbox 218 1381 359 1414; x_wconf 80' lang='lat' dir='ltr'><em>admitti</em></span> <span class='ocrx_word' id='word_1_232' title='bbox 393 1383 604 1413; x_wconf 81' lang='lat' dir='ltr'><em>convictores</em></span> <span class='ocrx_word' id='word_1_233' title='bbox 639 1391 710 1413; x_wconf 84' lang='lat' dir='ltr'><em>non</em></span> <span class='ocrx_word' id='word_1_234' title='bbox 745 1382 906 1423; x_wconf 63' lang='lat' dir='ltr'><em>eoepedit‚·</em></span> <span class='ocrx_word' id='word_1_235' title='bbox 944 1382 984 1413; x_wconf 88' lang='lat' dir='ltr'><em>de</em></span> <span class='ocrx_word' id='word_1_236' title='bbox 1016 1382 1170 1414; x_wconf 63' lang='lat' dir='ltr'><em>eoeternis</em></span> <span class='ocrx_word' id='word_1_237' title='bbox 1205 1392 1340 1424; x_wconf 77' lang='lat' dir='ltr'><em>quoqne</em></span> <span class='ocrx_word' id='word_1_238' title='bbox 1373 1382 1559 1423; x_wconf 76' lang='lat' dir='ltr'><em>discipulis</em></span> <span class='ocrx_word' id='word_1_239' title='bbox 1593 1381 1820 1413; x_wconf 80' lang='lat' dir='ltr'><em>admittendis</em></span> <span class='ocrx_word' id='word_1_240' title='bbox 1853 1381 1975 1413; x_wconf 82' lang='lat' dir='ltr'><em>variae</em></span> 
     </span>
     <span class='ocr_line' id='line_1_23' title="bbox 218 1434 1974 1477; baseline -0.001 -9"><span class='ocrx_word' id='word_1_241' title='bbox 218 1439 411 1468; x_wconf 77' lang='lat' dir='ltr'><em>occurrunt</em></span> <span class='ocrx_word' id='word_1_242' title='bbox 443 1434 688 1475; x_wconf 81' lang='lat' dir='ltr'><em>difficultates;</em></span> <span class='ocrx_word' id='word_1_243' title='bbox 726 1445 808 1466; x_wconf 86' lang='lat' dir='ltr'><em>num</em></span> <span class='ocrx_word' id='word_1_244' title='bbox 848 1435 935 1477; x_wconf 73' lang='lat' dir='ltr'><em>quid</em></span> <span class='ocrx_word' id='word_1_245' title='bbox 966 1436 1184 1477; x_wconf 80' lang='lat' dir='ltr'><em>promisswn</em></span> <span class='ocrx_word' id='word_1_246' title='bbox 1223 1439 1269 1467; x_wconf 82' lang='lat' dir='ltr'><em>est</em></span> <span class='ocrx_word' id='word_1_247' title='bbox 1304 1445 1343 1466; x_wconf 91' lang='lat' dir='ltr'><em>ea</em></span> <span class='ocrx_word' id='word_1_248' title='bbox 1379 1435 1419 1466; x_wconf 86' lang='lat' dir='ltr'><em>de</em></span> <span class='ocrx_word' id='word_1_249' title='bbox 1453 1435 1520 1466; x_wconf 73' lang='lat' dir='ltr'><em>re?</em></span> <span class='ocrx_word' id='word_1_250' title='bbox 1568 1434 1771 1477; x_wconf 78' lang='lat' dir='ltr'><em>Disciplina</em></span> <span class='ocrx_word' id='word_1_251' title='bbox 1808 1434 1974 1475; x_wconf 73' lang='lat' dir='ltr'><em>relz&#39;yiosa</em></span> 
     </span>
     <span class='ocr_line' id='line_1_24' title="bbox 215 1486 1975 1530; baseline -0.001 -10"><span class='ocrx_word' id='word_1_252' title='bbox 215 1491 395 1530; x_wconf 70' lang='lat' dir='ltr'><em>Auyustae</em></span> <span class='ocrx_word' id='word_1_253' title='bbox 420 1487 517 1519; x_wconf 74' lang='lat' dir='ltr'><em>hccud</em></span> <span class='ocrx_word' id='word_1_254' title='bbox 543 1489 592 1519; x_wconf 82' lang='lat' dir='ltr'><em>ita</em></span> <span class='ocrx_word' id='word_1_255' title='bbox 616 1487 723 1529; x_wconf 75' lang='lat' dir='ltr'><em>facile</em></span> <span class='ocrx_word' id='word_1_256' title='bbox 749 1487 928 1520; x_wconf 69' lang='lat' dir='ltr'><em>observari</em></span> <span class='ocrx_word' id='word_1_257' title='bbox 947 1492 1070 1530; x_wconf 83' lang='lat' dir='ltr'><em>potest.</em></span> <span class='ocrx_word' id='word_1_258' title='bbox 1121 1487 1221 1520; x_wconf 70' lang='lat' dir='ltr'><em>Vitas</em></span> <span class='ocrx_word' id='word_1_259' title='bbox 1245 1488 1370 1520; x_wconf 84' lang='lat' dir='ltr'><em>Liner.</em></span> <span class='ocrx_word' id='word_1_260' title='bbox 1421 1488 1588 1520; x_wconf 84' lang='lat' dir='ltr'><em>Andreas</em></span> <span class='ocrx_word' id='word_1_261' title='bbox 1613 1488 1747 1520; x_wconf 80' lang='lat' dir='ltr'><em>Scotus.</em></span> <span class='ocrx_word' id='word_1_262' title='bbox 1798 1487 1836 1520; x_wconf 89' lang='lat' dir='ltr'><em>P.</em></span> <span class='ocrx_word' id='word_1_263' title='bbox 1868 1486 1975 1519; x_wconf 87' lang='lat' dir='ltr'><em>Theo-</em></span> 
     </span>
     <span class='ocr_line' id='line_1_25' title="bbox 215 1540 1974 1582; baseline -0.001 -9"><span class='ocrx_word' id='word_1_264' title='bbox 215 1542 360 1573; x_wconf 80' lang='lat' dir='ltr'><em>dorieus</em></span> <span class='ocrx_word' id='word_1_265' title='bbox 389 1540 555 1572; x_wconf 85' lang='lat' dir='ltr'><em>Canisius</em></span> <span class='ocrx_word' id='word_1_266' title='bbox 589 1540 770 1573; x_wconf 74' lang='lat' dir='ltr'><em>laboribus</em></span> <span class='ocrx_word' id='word_1_267' title='bbox 795 1541 976 1573; x_wconf 84' lang='lat' dir='ltr'><em>moderari</em></span> <span class='ocrx_word' id='word_1_268' title='bbox 1002 1541 1106 1573; x_wconf 85' lang='lat' dir='ltr'><em>debet.</em></span> <span class='ocrx_word' id='word_1_269' title='bbox 1156 1541 1306 1573; x_wconf 86' lang='lat' dir='ltr'><em>Romam</em></span> <span class='ocrx_word' id='word_1_270' title='bbox 1332 1541 1497 1573; x_wconf 84' lang='lat' dir='ltr'><em>viaticum</em></span> <span class='ocrx_word' id='word_1_271' title='bbox 1525 1541 1617 1573; x_wconf 84' lang='lat' dir='ltr'><em>mitti</em></span> <span class='ocrx_word' id='word_1_272' title='bbox 1641 1540 1734 1573; x_wconf 87' lang='lat' dir='ltr'><em>debet</em></span> <span class='ocrx_word' id='word_1_273' title='bbox 1763 1550 1835 1582; x_wconf 87' lang='lat' dir='ltr'><em>pro</em></span> <span class='ocrx_word' id='word_1_274' title='bbox 1863 1540 1974 1572; x_wconf 82' lang='lat' dir='ltr'><em>Sociis</em></span> 
     </span>
     <span class='ocr_line' id='line_1_26' title="bbox 216 1594 818 1627; baseline 0.002 -1"><span class='ocrx_word' id='word_1_275' title='bbox 216 1594 298 1626; x_wconf 81' lang='lat' dir='ltr'><em>inde</em></span> <span class='ocrx_word' id='word_1_276' title='bbox 324 1595 362 1626; x_wconf 82' lang='lat' dir='ltr'><em>in</em></span> <span class='ocrx_word' id='word_1_277' title='bbox 393 1594 624 1626; x_wconf 84' lang='lat' dir='ltr'><em>Germaniam</em></span> <span class='ocrx_word' id='word_1_278' title='bbox 649 1594 818 1627; x_wconf 73' lang='lat' dir='ltr'><em>venturis.</em></span> 
     </span>
    </p>
   </div>
   <div class='ocr_carea' id='block_1_3' title="bbox 214 1664 1975 2227">
    <p class='ocr_par' dir='ltr' id='par_1_3' title="bbox 214 1664 1975 1919">
     <span class='ocr_line' id='line_1_27' title="bbox 334 1664 1973 1718; baseline 0 -13"><span class='ocrx_word' id='word_1_279' title='bbox 334 1665 426 1706; x_wconf 81' lang='lat' dir='ltr'><em>Pax</em></span> <span class='ocrx_word' id='word_1_280' title='bbox 459 1670 528 1707; x_wconf 79' lang='lat' dir='ltr'><em>ete.</em></span> <span class='ocrx_word' id='word_1_281' title='bbox 584 1664 628 1706; x_wconf 81' lang='lat' dir='ltr'><em>Si</em></span> <span class='ocrx_word' id='word_1_282' title='bbox 660 1679 764 1706; x_wconf 89' lang='lat' dir='ltr'><em>sono</em></span> <span class='ocrx_word' id='word_1_283' title='bbox 797 1665 991 1706; x_wconf 84' lang='lat' dir='ltr'><em>riceuute</em></span> <span class='ocrx_word' id='word_1_284' title='bbox 1023 1665 1164 1718; x_wconf 89' lang='lat' dir='ltr'><em>quelle</em></span> <span class='ocrx_word' id='word_1_285' title='bbox 1198 1664 1237 1705; x_wconf 88' lang='lat' dir='ltr'><em>di</em></span> <span class='ocrx_word' id='word_1_286' title='bbox 1271 1665 1322 1707; x_wconf 93' lang='lat' dir='ltr'><em>V.</em></span> <span class='ocrx_word' id='word_1_287' title='bbox 1347 1665 1397 1707; x_wconf 85' lang='lat' dir='ltr'><em>R.</em></span> <span class='ocrx_word' id='word_1_288' title='bbox 1423 1664 1463 1706; x_wconf 87' lang='lat' dir='ltr'><em>di</em></span> <span class='ocrx_word' id='word_1_289' title='bbox 1497 1666 1564 1706; x_wconf 82' lang='lat'><em>21.</em></span> <span class='ocrx_word' id='word_1_290' title='bbox 1590 1664 1658 1705; x_wconf 87' lang='lat' dir='ltr'><em>del</em></span> <span class='ocrx_word' id='word_1_291' title='bbox 1689 1665 1866 1718; x_wconf 86' lang='lat' dir='ltr'><em>passato</em></span> <span class='ocrx_word' id='word_1_292' title='bbox 1891 1664 1973 1706; x_wconf 83' lang='lat'><em>.12.</em></span> 
     </span>
     <span class='ocr_line' id='line_1_28' title="bbox 216 1727 1975 1783; baseline -0.002 -12"><span class='ocrx_word' id='word_1_293' title='bbox 216 1733 260 1772; x_wconf 86' lang='lat' dir='ltr'><em>et</em></span> <span class='ocrx_word' id='word_1_294' title='bbox 296 1731 393 1772; x_wconf 80' lang='grc'><em>17.1</em></span> <span class='ocrx_word' id='word_1_295' title='bbox 425 1729 494 1770; x_wconf 89' lang='lat' dir='ltr'><em>del</em></span> <span class='ocrx_word' id='word_1_296' title='bbox 525 1733 759 1783; x_wconf 88' lang='lat' dir='ltr'><em>presente.</em></span> <span class='ocrx_word' id='word_1_297' title='bbox 785 1733 829 1772; x_wconf 87' lang='lat' dir='ltr'><em>et</em></span> <span class='ocrx_word' id='word_1_298' title='bbox 861 1732 1139 1782; x_wconf 78' lang='lat' dir='ltr'><em>quantunque</em></span> <span class='ocrx_word' id='word_1_299' title='bbox 1170 1729 1435 1772; x_wconf 87' lang='lat' dir='ltr'><em>intendiamo</em></span> <span class='ocrx_word' id='word_1_300' title='bbox 1477 1730 1554 1770; x_wconf 85' lang='lat' dir='ltr'><em>che</em></span> <span class='ocrx_word' id='word_1_301' title='bbox 1596 1729 1682 1770; x_wconf 83' lang='lat' dir='ltr'><em>alla</em></span> <span class='ocrx_word' id='word_1_302' title='bbox 1723 1728 1826 1770; x_wconf 82' lang='lat' dir='ltr'><em>data</em></span> <span class='ocrx_word' id='word_1_303' title='bbox 1865 1727 1975 1769; x_wconf 88' lang='lat' dir='ltr'><em>delle</em></span> 
     </span>
     <span class='ocr_line' id='line_1_29' title="bbox 214 1792 1974 1848; baseline -0.001 -13"><span class='ocrx_word' id='word_1_304' title='bbox 214 1794 365 1837; x_wconf 91' lang='lat' dir='ltr'><em>ultime</em></span> <span class='ocrx_word' id='word_1_305' title='bbox 387 1798 514 1836; x_wconf 83' lang='lat' dir='ltr'><em>staua</em></span> <span class='ocrx_word' id='word_1_306' title='bbox 537 1794 577 1835; x_wconf 88' lang='lat' dir='ltr'><em>di</em></span> <span class='ocrx_word' id='word_1_307' title='bbox 609 1794 773 1848; x_wconf 82' lang='lat' dir='ltr'><em>partita</em></span> <span class='ocrx_word' id='word_1_308' title='bbox 804 1808 882 1848; x_wconf 82' lang='lat' dir='ltr'><em>per</em></span> <span class='ocrx_word' id='word_1_309' title='bbox 904 1794 1127 1848; x_wconf 85' lang='lat' dir='ltr'><em>Herbipoli</em></span> <span class='ocrx_word' id='word_1_310' title='bbox 1150 1796 1193 1836; x_wconf 90' lang='lat' dir='ltr'><em>et</em></span> <span class='ocrx_word' id='word_1_311' title='bbox 1215 1794 1469 1847; x_wconf 82' lang='lat' dir='ltr'><em>Argentina,</em></span> <span class='ocrx_word' id='word_1_312' title='bbox 1504 1794 1718 1836; x_wconf 83' lang='lat' dir='ltr'><em>crediamo</em></span> <span class='ocrx_word' id='word_1_313' title='bbox 1741 1793 1812 1835; x_wconf 88' lang='lat' dir='ltr'><em>all&#39;</em></span> <span class='ocrx_word' id='word_1_314' title='bbox 1831 1792 1974 1834; x_wconf 83' lang='lat' dir='ltr'><em>arriuo</em></span> 
     </span>
     <span class='ocr_line' id='line_1_30' title="bbox 217 1859 977 1919; baseline 0 -19"><span class='ocrx_word' id='word_1_315' title='bbox 217 1859 258 1900; x_wconf 85' lang='lat' dir='ltr'><em>di</em></span> <span class='ocrx_word' id='word_1_316' title='bbox 291 1861 458 1919; x_wconf 79' lang='lat' dir='ltr'><em>questa,</em></span> <span class='ocrx_word' id='word_1_317' title='bbox 492 1859 563 1912; x_wconf 71' lang='lat' dir='ltr'><em>gia</em></span> <span class='ocrx_word' id='word_1_318' title='bbox 596 1861 695 1900; x_wconf 73' lang='lat' dir='ltr'><em>sara</em></span> <span class='ocrx_word' id='word_1_319' title='bbox 728 1859 769 1900; x_wconf 86' lang='lat' dir='ltr'><em>di</em></span> <span class='ocrx_word' id='word_1_320' title='bbox 801 1859 977 1901; x_wconf 86' lang='lat' dir='ltr'><em>ritorno.</em></span> 
     </span>
    </p>

    <p class='ocr_par' dir='ltr' id='par_1_4' title="bbox 214 1917 1974 2227">
     <span class='ocr_line' id='line_1_31' title="bbox 333 1917 1973 1973; baseline -0.001 -8"><span class='ocrx_word' id='word_1_321' title='bbox 333 1925 368 1965; x_wconf 84' lang='lat' dir='ltr'>E</span> <span class='ocrx_word' id='word_1_322' title='bbox 402 1926 519 1966; x_wconf 85' lang='lat' dir='ltr'><em>stato</em></span> <span class='ocrx_word' id='word_1_323' title='bbox 564 1924 671 1965; x_wconf 89' lang='lat' dir='ltr'><em>bene</em></span> <span class='ocrx_word' id='word_1_324' title='bbox 714 1924 978 1965; x_wconf 82' lang='lat' dir='ltr'><em>liberarsene</em></span> <span class='ocrx_word' id='word_1_325' title='bbox 1023 1923 1064 1964; x_wconf 85' lang='lat' dir='ltr'><em>di</em></span> <span class='ocrx_word' id='word_1_326' title='bbox 1105 1924 1368 1966; x_wconf 85' lang='lat' dir='ltr'><em>Alessandro</em></span> <span class='ocrx_word' id='word_1_327' title='bbox 1413 1924 1619 1973; x_wconf 83' lang='lat' dir='ltr'><em>Sassone‚</em></span> <span class='ocrx_word' id='word_1_328' title='bbox 1666 1925 1710 1965; x_wconf 89' lang='lat' dir='ltr'><em>et</em></span> <span class='ocrx_word' id='word_1_329' title='bbox 1754 1922 1890 1964; x_wconf 85' lang='lat' dir='ltr'><em>anche</em></span> <span class='ocrx_word' id='word_1_330' title='bbox 1932 1917 1973 1963; x_wconf 86' lang='lat' dir='ltr'><em>di</em></span> 
     </span>
     <span class='ocr_line' id='line_1_32' title="bbox 216 1987 1974 2042; baseline -0.001 -11"><span class='ocrx_word' id='word_1_331' title='bbox 216 1988 416 2031; x_wconf 82' lang='lat' dir='ltr'><em>Simone2</em></span> <span class='ocrx_word' id='word_1_332' title='bbox 440 2023 448 2031; x_wconf 89' lang='lat'><em>.</em></span> <span class='ocrx_word' id='word_1_333' title='bbox 472 2003 556 2030; x_wconf 90' lang='lat' dir='ltr'><em>non</em></span> <span class='ocrx_word' id='word_1_334' title='bbox 598 1989 634 2030; x_wconf 86' lang='lat' dir='ltr'><em>si</em></span> <span class='ocrx_word' id='word_1_335' title='bbox 675 1989 800 2030; x_wconf 85' lang='lat' dir='ltr'><em>crede</em></span> <span class='ocrx_word' id='word_1_336' title='bbox 842 1992 944 2042; x_wconf 77' lang='lat' dir='ltr'><em>pero</em></span> <span class='ocrx_word' id='word_1_337' title='bbox 987 1989 1127 2042; x_wconf 88' lang='lat' dir='ltr'><em>quello</em></span> <span class='ocrx_word' id='word_1_338' title='bbox 1170 1989 1247 2030; x_wconf 90' lang='lat' dir='ltr'><em>che</em></span> <span class='ocrx_word' id='word_1_339' title='bbox 1288 1989 1347 2030; x_wconf 89' lang='lat' dir='ltr'><em>lui</em></span> <span class='ocrx_word' id='word_1_340' title='bbox 1389 1989 1515 2039; x_wconf 90' lang='lat' dir='ltr'><em>disse,</em></span> <span class='ocrx_word' id='word_1_341' title='bbox 1557 1989 1634 2030; x_wconf 86' lang='lat' dir='ltr'><em>che</em></span> <span class='ocrx_word' id='word_1_342' title='bbox 1675 1987 1718 2029; x_wconf 90' lang='lat' dir='ltr'><em>in</em></span> <span class='ocrx_word' id='word_1_343' title='bbox 1759 1988 1897 2029; x_wconf 81' lang='lat' dir='ltr'><em>Roma</em></span> <span class='ocrx_word' id='word_1_344' title='bbox 1938 1987 1974 2029; x_wconf 90' lang='lat' dir='ltr'><em>si</em></span> 
     </span>
     <span class='ocr_line' id='line_1_33' title="bbox 214 2052 1974 2107; baseline -0.001 -12"><span class='ocrx_word' id='word_1_345' title='bbox 214 2054 401 2107; x_wconf 82' lang='lat' dir='ltr'><em>leggano</em></span> <span class='ocrx_word' id='word_1_346' title='bbox 434 2067 532 2095; x_wconf 90' lang='lat' dir='ltr'><em>cose</em></span> <span class='ocrx_word' id='word_1_347' title='bbox 565 2054 692 2095; x_wconf 88' lang='lat' dir='ltr'><em>simili</em></span> <span class='ocrx_word' id='word_1_348' title='bbox 725 2056 750 2095; x_wconf 72' lang='lat' dir='ltr'><em>a</em></span> <span class='ocrx_word' id='word_1_349' title='bbox 782 2055 922 2107; x_wconf 89' lang='lat' dir='ltr'><em>quelle</em></span> <span class='ocrx_word' id='word_1_350' title='bbox 956 2054 1033 2095; x_wconf 88' lang='lat' dir='ltr'><em>che</em></span> <span class='ocrx_word' id='word_1_351' title='bbox 1064 2053 1125 2095; x_wconf 87' lang='lat' dir='ltr'><em>lui</em></span> <span class='ocrx_word' id='word_1_352' title='bbox 1157 2054 1326 2095; x_wconf 84' lang='lat' dir='ltr'><em>haueua</em></span> <span class='ocrx_word' id='word_1_353' title='bbox 1339 2054 1367 2104; x_wconf 83' lang='lat'><em>3,</em></span> <span class='ocrx_word' id='word_1_354' title='bbox 1401 2067 1447 2095; x_wconf 88' lang='lat' dir='ltr'><em>se</em></span> <span class='ocrx_word' id='word_1_355' title='bbox 1479 2053 1551 2106; x_wconf 83' lang='lat' dir='ltr'><em>gia</em></span> <span class='ocrx_word' id='word_1_356' title='bbox 1582 2067 1667 2095; x_wconf 89' lang='lat' dir='ltr'><em>non</em></span> <span class='ocrx_word' id='word_1_357' title='bbox 1698 2054 1822 2107; x_wconf 82' lang='lat' dir='ltr'><em>parla</em></span> <span class='ocrx_word' id='word_1_358' title='bbox 1855 2052 1896 2093; x_wconf 92' lang='lat' dir='ltr'><em>di</em></span> <span class='ocrx_word' id='word_1_359' title='bbox 1928 2066 1974 2094; x_wconf 88' lang='lat' dir='ltr'><em>se</em></span> 
     </span>
     <span class='ocr_line' id='line_1_34' title="bbox 217 2117 1974 2171; baseline -0.001 -11"><span class='ocrx_word' id='word_1_360' title='bbox 217 2123 369 2170; x_wconf 79' lang='lat' dir='ltr'><em>stesso,</em></span> <span class='ocrx_word' id='word_1_361' title='bbox 414 2120 437 2159; x_wconf 87' lang='grc' dir='ltr'>ό</span> <span class='ocrx_word' id='word_1_362' title='bbox 471 2119 523 2160; x_wconf 87' lang='lat' dir='ltr'><em>de</em></span> <span class='ocrx_word' id='word_1_363' title='bbox 564 2119 689 2160; x_wconf 88' lang='lat' dir='ltr'><em>alcun</em></span> <span class='ocrx_word' id='word_1_364' title='bbox 731 2119 843 2161; x_wconf 80' lang='lat' dir='ltr'><em>altro</em></span> <span class='ocrx_word' id='word_1_365' title='bbox 883 2133 968 2160; x_wconf 90' lang='lat' dir='ltr'><em>non</em></span> <span class='ocrx_word' id='word_1_366' title='bbox 1010 2118 1216 2160; x_wconf 86' lang='lat' dir='ltr'><em>dissimile</em></span> <span class='ocrx_word' id='word_1_367' title='bbox 1253 2120 1279 2160; x_wconf 79' lang='grc' dir='ltr'><em>Ξι</em></span> <span class='ocrx_word' id='word_1_368' title='bbox 1310 2119 1382 2170; x_wconf 90' lang='lat' dir='ltr'><em>lui,</em></span> <span class='ocrx_word' id='word_1_369' title='bbox 1427 2118 1495 2160; x_wconf 89' lang='lat' dir='ltr'><em>del</em></span> <span class='ocrx_word' id='word_1_370' title='bbox 1528 2118 1654 2171; x_wconf 85' lang='lat' dir='ltr'><em>quale</em></span> <span class='ocrx_word' id='word_1_371' title='bbox 1685 2119 1788 2171; x_wconf 76' lang='lat' dir='ltr'><em>pero</em></span> <span class='ocrx_word' id='word_1_372' title='bbox 1821 2131 1905 2159; x_wconf 92' lang='lat' dir='ltr'><em>non</em></span> <span class='ocrx_word' id='word_1_373' title='bbox 1938 2117 1974 2158; x_wconf 90' lang='lat' dir='ltr'><em>si</em></span> 
     </span>
     <span class='ocr_line' id='line_1_35' title="bbox 216 2183 537 2227; baseline 0.003 -2"><span class='ocrx_word' id='word_1_374' title='bbox 216 2183 333 2225; x_wconf 89' lang='lat' dir='ltr'><em>tiene</em></span> <span class='ocrx_word' id='word_1_375' title='bbox 365 2183 537 2227; x_wconf 80' lang='lat' dir='ltr'><em>noticia.</em></span> 
     </span>
    </p>
   </div>
   <div class='ocr_carea' id='block_1_4' title="bbox 217 2246 1972 2430">
    <p class='ocr_par' dir='ltr' id='par_1_5' title="bbox 217 2246 1972 2430">
     <span class='ocr_line' id='line_1_36' title="bbox 335 2246 1971 2301; baseline -0.001 -11"><span class='ocrx_word' id='word_1_376' title='bbox 335 2248 457 2290; x_wconf 82' lang='lat' dir='ltr'><em>Circa</em></span> <span class='ocrx_word' id='word_1_377' title='bbox 489 2248 633 2291; x_wconf 84' lang='lat' dir='ltr'><em>Pietro</em></span> <span class='ocrx_word' id='word_1_378' title='bbox 660 2248 854 2299; x_wconf 84' lang='lat' dir='ltr'><em>Aretino,</em></span> <span class='ocrx_word' id='word_1_379' title='bbox 888 2249 1095 2290; x_wconf 89' lang='lat' dir='ltr'><em>conuiene</em></span> <span class='ocrx_word' id='word_1_380' title='bbox 1127 2248 1327 2299; x_wconf 85' lang='lat' dir='ltr'><em>aiutarlo‚</em></span> <span class='ocrx_word' id='word_1_381' title='bbox 1361 2262 1431 2289; x_wconf 84' lang='lat' dir='ltr'><em>ma</em></span> <span class='ocrx_word' id='word_1_382' title='bbox 1463 2247 1499 2289; x_wconf 86' lang='lat' dir='ltr'><em>si</em></span> <span class='ocrx_word' id='word_1_383' title='bbox 1531 2250 1683 2301; x_wconf 89' lang='lat' dir='ltr'><em>questo</em></span> <span class='ocrx_word' id='word_1_384' title='bbox 1716 2261 1800 2288; x_wconf 91' lang='lat' dir='ltr'><em>non</em></span> <span class='ocrx_word' id='word_1_385' title='bbox 1832 2246 1971 2297; x_wconf 86' lang='lat' dir='ltr'><em>basta,</em></span> 
     </span>
     <span class='ocr_line' id='line_1_37' title="bbox 217 2311 1972 2367; baseline -0.001 -13"><span class='ocrx_word' id='word_1_386' title='bbox 217 2327 270 2354; x_wconf 92' lang='lat' dir='ltr'><em>ne</em></span> <span class='ocrx_word' id='word_1_387' title='bbox 301 2327 405 2367; x_wconf 84' lang='lat' dir='ltr'><em>pare</em></span> <span class='ocrx_word' id='word_1_388' title='bbox 429 2313 534 2355; x_wconf 87' lang='lat' dir='ltr'><em>utile</em></span> <span class='ocrx_word' id='word_1_389' title='bbox 565 2327 643 2367; x_wconf 88' lang='lat' dir='ltr'><em>per</em></span> <span class='ocrx_word' id='word_1_390' title='bbox 674 2314 716 2355; x_wconf 86' lang='lat' dir='ltr'><em>la</em></span> <span class='ocrx_word' id='word_1_391' title='bbox 739 2313 1003 2367; x_wconf 82' lang='lat' dir='ltr'><em>Compagnia</em></span> <span class='ocrx_word' id='word_1_392' title='bbox 1035 2313 1093 2355; x_wconf 90' lang='lat' dir='ltr'><em>mi</em></span> <span class='ocrx_word' id='word_1_393' title='bbox 1124 2314 1297 2356; x_wconf 84' lang='lat' dir='ltr'><em>rimetto</em></span> <span class='ocrx_word' id='word_1_394' title='bbox 1331 2315 1356 2355; x_wconf 77' lang='grc' dir='ltr'><em>Ξι</em></span> <span class='ocrx_word' id='word_1_395' title='bbox 1381 2314 1430 2356; x_wconf 92' lang='lat' dir='ltr'><em>V.</em></span> <span class='ocrx_word' id='word_1_396' title='bbox 1455 2313 1505 2355; x_wconf 80' lang='lat' dir='ltr'><em>R.</em></span> <span class='ocrx_word' id='word_1_397' title='bbox 1531 2315 1692 2366; x_wconf 85' lang='lat' dir='ltr'><em>quanto</em></span> <span class='ocrx_word' id='word_1_398' title='bbox 1715 2327 1741 2353; x_wconf 99' lang='grc' dir='ltr'>ιι</span> <span class='ocrx_word' id='word_1_399' title='bbox 1771 2311 1972 2354; x_wconf 83' lang='lat' dir='ltr'><em>lasciarlo</em></span> 
     </span>
     <span class='ocr_line' id='line_1_38' title="bbox 217 2378 1264 2430; baseline 0.002 -11"><span class='ocrx_word' id='word_1_400' title='bbox 217 2379 378 2419; x_wconf 81' lang='lat' dir='ltr'><em>andare</em></span> <span class='ocrx_word' id='word_1_401' title='bbox 410 2379 497 2420; x_wconf 83' lang='lat' dir='ltr'><em>alla</em></span> <span class='ocrx_word' id='word_1_402' title='bbox 529 2378 769 2430; x_wconf 82' lang='lat' dir='ltr'><em>Carthusia,</em></span> <span class='ocrx_word' id='word_1_403' title='bbox 804 2381 827 2420; x_wconf 81' lang='grc' dir='ltr'>ὸ</span> <span class='ocrx_word' id='word_1_404' title='bbox 861 2379 970 2420; x_wconf 91' lang='lat' dir='ltr'><em>doue</em></span> <span class='ocrx_word' id='word_1_405' title='bbox 1002 2379 1062 2420; x_wconf 87' lang='lat' dir='ltr'><em>lui</em></span> <span class='ocrx_word' id='word_1_406' title='bbox 1094 2380 1223 2420; x_wconf 76' lang='lat' dir='ltr'><em>uorra</em></span> <span class='ocrx_word' id='word_1_407' title='bbox 1236 2379 1264 2421; x_wconf 76' lang='lat'><em>4.</em></span> 
     </span>
    </p>
   </div>
   <div class='ocr_carea' id='block_1_5' title="bbox 219 2492 1974 3226">
    <p class='ocr_par' dir='ltr' id='par_1_6' title="bbox 344 2492 1838 2539">
     <span class='ocr_line' id='line_1_39' title="bbox 344 2492 1838 2539; baseline -0.001 -11"><span class='ocrx_word' id='word_1_408' title='bbox 344 2498 351 2515; x_wconf 83' lang='lat'>¹</span> <span class='ocrx_word' id='word_1_409' title='bbox 379 2496 477 2529; x_wconf 83' lang='lat' dir='ltr'><em>Haec</em></span> <span class='ocrx_word' id='word_1_410' title='bbox 503 2506 643 2538; x_wconf 88' lang='lat' dir='ltr'><em>quoque</em></span> <span class='ocrx_word' id='word_1_411' title='bbox 670 2494 825 2539; x_wconf 86' lang='lat' dir='ltr'><em>epistula</em></span> <span class='ocrx_word' id='word_1_412' title='bbox 851 2495 935 2529; x_wconf 87' lang='lat' dir='ltr'><em>data</em></span> <span class='ocrx_word' id='word_1_413' title='bbox 961 2497 1039 2528; x_wconf 82' lang='lat' dir='ltr'><em>erat</em></span> <span class='ocrx_word' id='word_1_414' title='bbox 1067 2495 1120 2529; x_wconf 78' lang='lat'><em>12.</em></span> <span class='ocrx_word' id='word_1_415' title='bbox 1151 2495 1234 2539; x_wconf 91' lang='lat' dir='ltr'><em>(non</em></span> <span class='ocrx_word' id='word_1_416' title='bbox 1264 2495 1333 2538; x_wconf 81' lang='lat'><em>17.)</em></span> <span class='ocrx_word' id='word_1_417' title='bbox 1363 2494 1474 2535; x_wconf 88' lang='lat' dir='ltr'><em>Iunii;</em></span> <span class='ocrx_word' id='word_1_418' title='bbox 1502 2505 1535 2528; x_wconf 87' lang='lat' dir='ltr'><em>v.</em></span> <span class='ocrx_word' id='word_1_419' title='bbox 1564 2505 1672 2538; x_wconf 86' lang='lat' dir='ltr'><em>supra</em></span> <span class='ocrx_word' id='word_1_420' title='bbox 1697 2504 1731 2537; x_wconf 91' lang='lat' dir='ltr'><em>p.</em></span> <span class='ocrx_word' id='word_1_421' title='bbox 1757 2492 1838 2527; x_wconf 83' lang='lat'><em>495.</em></span> 
     </span>
    </p>

    <p class='ocr_par' dir='ltr' id='par_1_7' title="bbox 339 2541 1792 2592">
     <span class='ocr_line' id='line_1_40' title="bbox 339 2541 1792 2592; baseline -0.001 -11"><span class='ocrx_word' id='word_1_422' title='bbox 339 2549 351 2568; x_wconf 74' lang='lat'>2</span> <span class='ocrx_word' id='word_1_423' title='bbox 378 2548 429 2581; x_wconf 90' lang='lat' dir='ltr'><em>De</em></span> <span class='ocrx_word' id='word_1_424' title='bbox 455 2547 660 2581; x_wconf 78' lang='lat' dir='ltr'><em>Alexandro</em></span> <span class='ocrx_word' id='word_1_425' title='bbox 687 2549 828 2582; x_wconf 78' lang='lat' dir='ltr'><em>Saxone</em></span> <span class='ocrx_word' id='word_1_426' title='bbox 854 2553 890 2582; x_wconf 82' lang='lat' dir='ltr'><em>et</em></span> <span class='ocrx_word' id='word_1_427' title='bbox 916 2549 1058 2582; x_wconf 85' lang='lat' dir='ltr'><em>Simone</em></span> <span class='ocrx_word' id='word_1_428' title='bbox 1084 2548 1250 2582; x_wconf 80' lang='lat' dir='ltr'><em>Damerio</em></span> <span class='ocrx_word' id='word_1_429' title='bbox 1276 2559 1310 2582; x_wconf 89' lang='lat' dir='ltr'><em>v.</em></span> <span class='ocrx_word' id='word_1_430' title='bbox 1337 2559 1444 2592; x_wconf 85' lang='lat' dir='ltr'><em>supra</em></span> <span class='ocrx_word' id='word_1_431' title='bbox 1471 2559 1504 2592; x_wconf 91' lang='lat' dir='ltr'><em>p.</em></span> <span class='ocrx_word' id='word_1_432' title='bbox 1522 2548 1591 2580; x_wconf 80' lang='lat'><em>455</em></span> <span class='ocrx_word' id='word_1_433' title='bbox 1617 2546 1686 2580; x_wconf 89' lang='grc'><em>460</em></span> <span class='ocrx_word' id='word_1_434' title='bbox 1711 2541 1792 2580; x_wconf 86' lang='grc'><strong>469.</strong></span> 
     </span>
    </p>

    <p class='ocr_par' dir='ltr' id='par_1_8' title="bbox 338 2601 1228 2646">
     <span class='ocr_line' id='line_1_41' title="bbox 338 2601 1228 2646; baseline 0.001 -12"><span class='ocrx_word' id='word_1_435' title='bbox 338 2602 350 2620; x_wconf 75' lang='lat'>³</span> <span class='ocrx_word' id='word_1_436' title='bbox 376 2601 602 2635; x_wconf 81' lang='lat' dir='ltr'><em>Macaronica</em></span> <span class='ocrx_word' id='word_1_437' title='bbox 626 2601 819 2641; x_wconf 88' lang='lat' dir='ltr'><em>habuerat;</em></span> <span class='ocrx_word' id='word_1_438' title='bbox 846 2602 928 2635; x_wconf 89' lang='lat' dir='ltr'><em>vide</em></span> <span class='ocrx_word' id='word_1_439' title='bbox 955 2613 1062 2646; x_wconf 73' lang='lat' dir='ltr'><em>supra</em></span> <span class='ocrx_word' id='word_1_440' title='bbox 1088 2613 1122 2645; x_wconf 85' lang='lat' dir='ltr'><em>p.</em></span> <span class='ocrx_word' id='word_1_441' title='bbox 1147 2602 1228 2635; x_wconf 84' lang='lat'><em>470.</em></span> 
     </span>
    </p>

    <p class='ocr_par' dir='ltr' id='par_1_9' title="bbox 219 2652 1974 3226">
     <span class='ocr_line' id='line_1_42' title="bbox 338 2652 1972 2699; baseline -0.001 -12"><span class='ocrx_word' id='word_1_442' title='bbox 338 2656 350 2674; x_wconf 74' lang='lat'><strong>⁴</strong></span> <span class='ocrx_word' id='word_1_443' title='bbox 376 2654 524 2688; x_wconf 81' lang='lat' dir='ltr'><em>Licebat</em></span> <span class='ocrx_word' id='word_1_444' title='bbox 549 2654 691 2698; x_wconf 87' lang='lat' dir='ltr'><em>quidem</em></span> <span class='ocrx_word' id='word_1_445' title='bbox 727 2666 767 2688; x_wconf 85' lang='lat' dir='ltr'><em>eo</em></span> <span class='ocrx_word' id='word_1_446' title='bbox 802 2656 961 2699; x_wconf 86' lang='lat' dir='ltr'><em>tempore</em></span> <span class='ocrx_word' id='word_1_447' title='bbox 995 2654 1185 2688; x_wconf 82' lang='lat' dir='ltr'><em>Societatis</em></span> <span class='ocrx_word' id='word_1_448' title='bbox 1210 2654 1412 2687; x_wconf 86' lang='lat' dir='ltr'><em>hominibus</em></span> <span class='ocrx_word' id='word_1_449' title='bbox 1447 2653 1554 2686; x_wconf 87' lang='lat' dir='ltr'><em>etiam</em></span> <span class='ocrx_word' id='word_1_450' title='bbox 1589 2652 1665 2686; x_wconf 89' lang='lat' dir='ltr'><em>sine</em></span> <span class='ocrx_word' id='word_1_451' title='bbox 1692 2652 1972 2696; x_wconf 83' lang='lat' dir='ltr'><em>praepositorum</em></span> 
     </span>
     <span class='ocr_line' id='line_1_43' title="bbox 219 2704 1973 2751; baseline -0.001 -11"><span class='ocrx_word' id='word_1_452' title='bbox 219 2707 365 2741; x_wconf 86' lang='lat' dir='ltr'><em>licentia</em></span> <span class='ocrx_word' id='word_1_453' title='bbox 391 2707 435 2740; x_wconf 84' lang='lat' dir='ltr'><em>ad</em></span> <span class='ocrx_word' id='word_1_454' title='bbox 463 2707 713 2741; x_wconf 78' lang='lat' dir='ltr'><em>Cartusianum</em></span> <span class='ocrx_word' id='word_1_455' title='bbox 741 2707 899 2741; x_wconf 86' lang='lat' dir='ltr'><em>ordinem</em></span> <span class='ocrx_word' id='word_1_456' title='bbox 926 2708 1100 2748; x_wconf 81' lang='lat' dir='ltr'><em>transire;</em></span> <span class='ocrx_word' id='word_1_457' title='bbox 1135 2719 1218 2741; x_wconf 85' lang='lat' dir='ltr'><em>nam</em></span> <span class='ocrx_word' id='word_1_458' title='bbox 1248 2707 1298 2740; x_wconf 81' lang='lat' dir='ltr'><em>ita</em></span> <span class='ocrx_word' id='word_1_459' title='bbox 1324 2718 1387 2751; x_wconf 87' lang='lat' dir='ltr'><em>per</em></span> <span class='ocrx_word' id='word_1_460' title='bbox 1413 2706 1563 2740; x_wconf 83' lang='lat' dir='ltr'><em>Paulum</em></span> <span class='ocrx_word' id='word_1_461' title='bbox 1589 2705 1651 2739; x_wconf 84' lang='lat' dir='ltr'><em>HI.</em></span> <span class='ocrx_word' id='word_1_462' title='bbox 1678 2704 1810 2739; x_wconf 83' lang='lat' dir='ltr'><em>litteris</em></span> <span class='ocrx_word' id='word_1_463' title='bbox 1836 2708 1973 2750; x_wconf 85' lang='lat' dir='ltr'><em>aposto-</em></span> 
     </span>
     <span class='ocr_line' id='line_1_44' title="bbox 220 2758 1974 2803; baseline -0.001 -10"><span class='ocrx_word' id='word_1_464' title='bbox 220 2760 298 2793; x_wconf 80' lang='lat' dir='ltr'><em>licis</em></span> <span class='ocrx_word' id='word_1_465' title='bbox 326 2759 436 2793; x_wconf 81' lang='lat' dir='ltr'><em>Roma</em></span> <span class='ocrx_word' id='word_1_466' title='bbox 466 2760 519 2794; x_wconf 80' lang='lat'><em>18.</em></span> <span class='ocrx_word' id='word_1_467' title='bbox 539 2759 705 2794; x_wconf 82' lang='lat' dir='ltr'><em>Octobris</em></span> <span class='ocrx_word' id='word_1_468' title='bbox 733 2760 823 2794; x_wconf 77' lang='lat'><em>1549</em></span> <span class='ocrx_word' id='word_1_469' title='bbox 850 2760 943 2794; x_wconf 83' lang='lat' dir='ltr'><em>datis</em></span> <span class='ocrx_word' id='word_1_470' title='bbox 969 2762 1146 2794; x_wconf 86' lang='lat' dir='ltr'><em>statutum</em></span> <span class='ocrx_word' id='word_1_471' title='bbox 1173 2762 1251 2794; x_wconf 85' lang='lat' dir='ltr'><em>erat</em></span> <span class='ocrx_word' id='word_1_472' title='bbox 1279 2760 1451 2803; x_wconf 82' lang='lat' dir='ltr'><em>(Litterae</em></span> <span class='ocrx_word' id='word_1_473' title='bbox 1476 2758 1692 2803; x_wconf 83' lang='lat' dir='ltr'><em>apostolicae</em></span> <span class='ocrx_word' id='word_1_474' title='bbox 1719 2760 1786 2792; x_wconf 82' lang='lat' dir='ltr'><em>etc.</em></span> <span class='ocrx_word' id='word_1_475' title='bbox 1812 2759 1886 2802; x_wconf 89' lang='lat'><em>41).</em></span> <span class='ocrx_word' id='word_1_476' title='bbox 1925 2759 1974 2792; x_wconf 77' lang='lat' dir='ltr'><em>At</em></span> 
     </span>
     <span class='ocr_line' id='line_1_45' title="bbox 221 2811 1973 2857; baseline -0.001 -12"><span class='ocrx_word' id='word_1_477' title='bbox 221 2814 308 2846; x_wconf 85' lang='lat' dir='ltr'><em>Pius</em></span> <span class='ocrx_word' id='word_1_478' title='bbox 333 2814 397 2846; x_wconf 79' lang='lat' dir='ltr'><em>IV.</em></span> <span class='ocrx_word' id='word_1_479' title='bbox 424 2813 460 2846; x_wconf 87' lang='lat' dir='ltr'><em>in</em></span> <span class='ocrx_word' id='word_1_480' title='bbox 486 2813 618 2846; x_wconf 84' lang='lat' dir='ltr'><em>litteris</em></span> <span class='ocrx_word' id='word_1_481' title='bbox 646 2813 852 2857; x_wconf 84' lang='lat' dir='ltr'><em>apostolicis</em></span> <span class='ocrx_word' id='word_1_482' title='bbox 878 2825 898 2846; x_wconf 87' lang='lat' dir='ltr'><em>a</em></span> <span class='ocrx_word' id='word_1_483' title='bbox 924 2813 987 2846; x_wconf 89' lang='lat' dir='ltr'><em>Pio</em></span> <span class='ocrx_word' id='word_1_484' title='bbox 999 2813 1041 2852; x_wconf 67' lang='lat' dir='ltr'><em>V.</em></span> <span class='ocrx_word' id='word_1_485' title='bbox 1069 2814 1203 2847; x_wconf 84' lang='lat' dir='ltr'><em>Romae</em></span> <span class='ocrx_word' id='word_1_486' title='bbox 1224 2814 1278 2846; x_wconf 90' lang='lat'><em>17.</em></span> <span class='ocrx_word' id='word_1_487' title='bbox 1297 2812 1453 2846; x_wconf 82' lang='lat' dir='ltr'><em>Ianuarii</em></span> <span class='ocrx_word' id='word_1_488' title='bbox 1481 2812 1570 2845; x_wconf 80' lang='lat'><em>1566</em></span> <span class='ocrx_word' id='word_1_489' title='bbox 1597 2811 1701 2844; x_wconf 86' lang='lat' dir='ltr'><em>editis</em></span> <span class='ocrx_word' id='word_1_490' title='bbox 1727 2811 1973 2851; x_wconf 83' lang='lat' dir='ltr'><em>constituerat,</em></span> 
     </span>
     <span class='ocr_line' id='line_1_46' title="bbox 221 2863 1972 2909; baseline -0.001 -11"><span class='ocrx_word' id='word_1_491' title='bbox 221 2868 261 2898; x_wconf 88' lang='lat' dir='ltr'><em>ut</em></span> <span class='ocrx_word' id='word_1_492' title='bbox 286 2866 317 2898; x_wconf 86' lang='lat' dir='ltr'><em>si</em></span> <span class='ocrx_word' id='word_1_493' title='bbox 343 2866 423 2909; x_wconf 86' lang='lat' dir='ltr'><em>quis</em></span> <span class='ocrx_word' id='word_1_494' title='bbox 458 2877 479 2899; x_wconf 85' lang='lat' dir='ltr'><em>a</em></span> <span class='ocrx_word' id='word_1_495' title='bbox 516 2866 693 2900; x_wconf 79' lang='lat' dir='ltr'><em>Societate</em></span> <span class='ocrx_word' id='word_1_496' title='bbox 719 2866 763 2899; x_wconf 83' lang='lat' dir='ltr'><em>ad</em></span> <span class='ocrx_word' id='word_1_497' title='bbox 791 2866 1041 2900; x_wconf 79' lang='lat' dir='ltr'><em>Cartusianum</em></span> <span class='ocrx_word' id='word_1_498' title='bbox 1068 2866 1226 2899; x_wconf 89' lang='lat' dir='ltr'><em>ordinem</em></span> <span class='ocrx_word' id='word_1_499' title='bbox 1252 2866 1406 2899; x_wconf 84' lang='lat' dir='ltr'><em>transire</em></span> <span class='ocrx_word' id='word_1_500' title='bbox 1431 2864 1552 2904; x_wconf 90' lang='lat' dir='ltr'><em>vellet,</em></span> <span class='ocrx_word' id='word_1_501' title='bbox 1583 2863 1696 2905; x_wconf 78' lang='lat' dir='ltr'><em>„infra</em></span> <span class='ocrx_word' id='word_1_502' title='bbox 1721 2865 1796 2897; x_wconf 79' lang='lat' dir='ltr'><em>tres</em></span> <span class='ocrx_word' id='word_1_503' title='bbox 1821 2874 1972 2904; x_wconf 87' lang='lat' dir='ltr'><em>menses,</em></span> 
     </span>
     <span class='ocr_line' id='line_1_47' title="bbox 223 2916 1974 2963; baseline -0.001 -13"><span class='ocrx_word' id='word_1_504' title='bbox 223 2929 243 2950; x_wconf 93' lang='lat' dir='ltr'><em>a</em></span> <span class='ocrx_word' id='word_1_505' title='bbox 269 2918 323 2950; x_wconf 90' lang='lat' dir='ltr'><em>die</em></span> <span class='ocrx_word' id='word_1_506' title='bbox 351 2930 419 2961; x_wconf 90' lang='lat' dir='ltr'><em>quo</em></span> <span class='ocrx_word' id='word_1_507' title='bbox 446 2919 489 2951; x_wconf 88' lang='lat' dir='ltr'><em>ab</em></span> <span class='ocrx_word' id='word_1_508' title='bbox 516 2919 594 2963; x_wconf 85' lang='lat' dir='ltr'><em>ipsa</em></span> <span class='ocrx_word' id='word_1_509' title='bbox 613 2918 792 2952; x_wconf 83' lang='lat' dir='ltr'><em>Societate</em></span> <span class='ocrx_word' id='word_1_510' title='bbox 818 2920 1063 2959; x_wconf 80' lang='lat' dir='ltr'><em>1·ecessisset“‚</em></span> <span class='ocrx_word' id='word_1_511' title='bbox 1090 2918 1190 2952; x_wconf 90' lang='lat' dir='ltr'><em>illum</em></span> <span class='ocrx_word' id='word_1_512' title='bbox 1220 2917 1430 2961; x_wconf 82' lang='lat' dir='ltr'><em>„actualiter</em></span> <span class='ocrx_word' id='word_1_513' title='bbox 1455 2917 1604 2959; x_wconf 81' lang='lat' dir='ltr'><em>ingredi,</em></span> <span class='ocrx_word' id='word_1_514' title='bbox 1631 2919 1667 2949; x_wconf 90' lang='lat' dir='ltr'><em>et</em></span> <span class='ocrx_word' id='word_1_515' title='bbox 1693 2916 1722 2949; x_wconf 87' lang='lat' dir='ltr'><em>si</em></span> <span class='ocrx_word' id='word_1_516' title='bbox 1749 2917 1783 2949; x_wconf 91' lang='lat' dir='ltr'><em>in</em></span> <span class='ocrx_word' id='word_1_517' title='bbox 1810 2916 1871 2949; x_wconf 90' lang='lat' dir='ltr'><em>illo</em></span> <span class='ocrx_word' id='word_1_518' title='bbox 1897 2928 1974 2960; x_wconf 87' lang='lat' dir='ltr'><em>per-</em></span> 
     </span>
     <span class='ocr_line' id='line_1_48' title="bbox 223 2969 1972 3016; baseline 0.001 -14"><span class='ocrx_word' id='word_1_519' title='bbox 223 2981 367 3003; x_wconf 81' lang='lat' dir='ltr'><em>manere</em></span> <span class='ocrx_word' id='word_1_520' title='bbox 392 2971 504 3004; x_wconf 82' lang='lat' dir='ltr'><em>nollet</em></span> <span class='ocrx_word' id='word_1_521' title='bbox 529 2974 591 3005; x_wconf 86' lang='lat' dir='ltr'><em>aut</em></span> <span class='ocrx_word' id='word_1_522' title='bbox 616 2983 685 3005; x_wconf 91' lang='lat' dir='ltr'><em>non</em></span> <span class='ocrx_word' id='word_1_523' title='bbox 711 2973 845 3016; x_wconf 81' lang='lat' dir='ltr'><em>posset,</em></span> <span class='ocrx_word' id='word_1_524' title='bbox 872 2972 1008 3015; x_wconf 86' lang='lat' dir='ltr'><em>absque</em></span> <span class='ocrx_word' id='word_1_525' title='bbox 1027 2971 1100 3005; x_wconf 84' lang='lat' dir='ltr'><em>vlla</em></span> <span class='ocrx_word' id='word_1_526' title='bbox 1126 2983 1224 3005; x_wconf 87' lang='lat' dir='ltr'><em>mora</em></span> <span class='ocrx_word' id='word_1_527' title='bbox 1251 2971 1293 3005; x_wconf 88' lang='lat' dir='ltr'><em>ad</em></span> <span class='ocrx_word' id='word_1_528' title='bbox 1321 2971 1454 3005; x_wconf 83' lang='lat' dir='ltr'><em>dictam</em></span> <span class='ocrx_word' id='word_1_529' title='bbox 1472 2970 1686 3003; x_wconf 82' lang='lat' dir='ltr'><em>Societatem</em></span> <span class='ocrx_word' id='word_1_530' title='bbox 1711 2969 1852 3012; x_wconf 81' lang='lat' dir='ltr'><em>regredi</em></span> <span class='ocrx_word' id='word_1_531' title='bbox 1877 2972 1972 3003; x_wconf 86' lang='lat' dir='ltr'><em>tene-</em></span> 
     </span>
     <span class='ocr_line' id='line_1_49' title="bbox 223 3021 1973 3068; baseline 0.001 -13"><span class='ocrx_word' id='word_1_532' title='bbox 223 3024 332 3062; x_wconf 78' lang='lat' dir='ltr'><em>retur,</em></span> <span class='ocrx_word' id='word_1_533' title='bbox 359 3023 424 3055; x_wconf 86' lang='lat' dir='ltr'><em>sub</em></span> <span class='ocrx_word' id='word_1_534' title='bbox 451 3035 563 3067; x_wconf 84' lang='lat' dir='ltr'><em>poena</em></span> <span class='ocrx_word' id='word_1_535' title='bbox 590 3024 988 3058; x_wconf 80' lang='lat' dir='ltr'><em>exeonimunicatiouis“</em></span> <span class='ocrx_word' id='word_1_536' title='bbox 1019 3025 1096 3068; x_wconf 87' lang='lat' dir='ltr'><em>ipso</em></span> <span class='ocrx_word' id='word_1_537' title='bbox 1122 3024 1218 3058; x_wconf 78' lang='lat' dir='ltr'><em>facto</em></span> <span class='ocrx_word' id='word_1_538' title='bbox 1249 3022 1519 3066; x_wconf 75' lang='lat' dir='ltr'><em>„incurrendae“</em></span> <span class='ocrx_word' id='word_1_539' title='bbox 1554 3021 1589 3064; x_wconf 90' lang='lat' dir='ltr'><em>(l.</em></span> <span class='ocrx_word' id='word_1_540' title='bbox 1611 3033 1639 3055; x_wconf 87' lang='lat' dir='ltr'><em>c.</em></span> <span class='ocrx_word' id='word_1_541' title='bbox 1661 3022 1878 3065; x_wconf 72' lang='lat' dir='ltr'><em>loo—101).</em></span> <span class='ocrx_word' id='word_1_542' title='bbox 1920 3023 1973 3056; x_wconf 88' lang='lat' dir='ltr'><em>Ac</em></span> 
     </span>
     <span class='ocr_line' id='line_1_50' title="bbox 225 3074 1974 3120; baseline -0.001 -12"><span class='ocrx_word' id='word_1_543' title='bbox 225 3075 311 3108; x_wconf 86' lang='lat' dir='ltr'><em>Pius</em></span> <span class='ocrx_word' id='word_1_544' title='bbox 330 3074 372 3108; x_wconf 89' lang='lat' dir='ltr'><em>V.</em></span> <span class='ocrx_word' id='word_1_545' title='bbox 400 3075 569 3110; x_wconf 80' lang='lat' dir='ltr'><em>Societati</em></span> <span class='ocrx_word' id='word_1_546' title='bbox 603 3077 669 3110; x_wconf 84' lang='lat' dir='ltr'><em>hoc</em></span> <span class='ocrx_word' id='word_1_547' title='bbox 696 3088 835 3120; x_wconf 87' lang='lat' dir='ltr'><em>quoque</em></span> <span class='ocrx_word' id='word_1_548' title='bbox 871 3077 1048 3111; x_wconf 84' lang='lat' dir='ltr'><em>concessit</em></span> <span class='ocrx_word' id='word_1_549' title='bbox 1078 3078 1204 3119; x_wconf 81' lang='lat' dir='ltr'><em>„vivae</em></span> <span class='ocrx_word' id='word_1_550' title='bbox 1230 3077 1329 3110; x_wconf 87' lang='lat' dir='ltr'><em>vocis</em></span> <span class='ocrx_word' id='word_1_551' title='bbox 1355 3075 1532 3115; x_wconf 85' lang='lat' dir='ltr'><em>oraculo“,</em></span> <span class='ocrx_word' id='word_1_552' title='bbox 1567 3077 1607 3107; x_wconf 85' lang='lat' dir='ltr'><em>ut</em></span> <span class='ocrx_word' id='word_1_553' title='bbox 1641 3074 1671 3107; x_wconf 83' lang='lat' dir='ltr'><em>si</em></span> <span class='ocrx_word' id='word_1_554' title='bbox 1706 3074 1785 3118; x_wconf 86' lang='lat' dir='ltr'><em>quis</em></span> <span class='ocrx_word' id='word_1_555' title='bbox 1819 3075 1862 3108; x_wconf 83' lang='lat' dir='ltr'><em>ad</em></span> <span class='ocrx_word' id='word_1_556' title='bbox 1890 3074 1974 3108; x_wconf 79' lang='lat' dir='ltr'><em>Car-</em></span> 
     </span>
     <span class='ocr_line' id='line_1_51' title="bbox 226 3127 1972 3174; baseline 0 -15"><span class='ocrx_word' id='word_1_557' title='bbox 226 3127 357 3160; x_wconf 81' lang='lat' dir='ltr'><em>tusiam</em></span> <span class='ocrx_word' id='word_1_558' title='bbox 384 3128 535 3161; x_wconf 82' lang='lat' dir='ltr'><em>transire</em></span> <span class='ocrx_word' id='word_1_559' title='bbox 554 3129 675 3170; x_wconf 86' lang='lat' dir='ltr'><em>vellet,</em></span> <span class='ocrx_word' id='word_1_560' title='bbox 707 3133 800 3171; x_wconf 74' lang='lat' dir='ltr'><em>„tres</em></span> <span class='ocrx_word' id='word_1_561' title='bbox 826 3130 857 3163; x_wconf 90' lang='lat' dir='ltr'><em>ei</em></span> <span class='ocrx_word' id='word_1_562' title='bbox 884 3141 1024 3163; x_wconf 86' lang='lat' dir='ltr'><em>menses</em></span> <span class='ocrx_word' id='word_1_563' title='bbox 1050 3129 1400 3174; x_wconf 80' lang='lat' dir='ltr'><em>praescriberentur:</em></span> <span class='ocrx_word' id='word_1_564' title='bbox 1426 3127 1520 3161; x_wconf 81' lang='lat' dir='ltr'><em>intra</em></span> <span class='ocrx_word' id='word_1_565' title='bbox 1546 3138 1635 3170; x_wconf 87' lang='lat' dir='ltr'><em>quos</em></span> <span class='ocrx_word' id='word_1_566' title='bbox 1660 3127 1691 3160; x_wconf 87' lang='lat' dir='ltr'><em>si</em></span> <span class='ocrx_word' id='word_1_567' title='bbox 1718 3139 1785 3160; x_wconf 87' lang='lat' dir='ltr'><em>non</em></span> <span class='ocrx_word' id='word_1_568' title='bbox 1812 3127 1972 3170; x_wconf 82' lang='lat' dir='ltr'><em>ingrede-</em></span> 
     </span>
     <span class='ocr_line' id='line_1_52' title="bbox 226 3179 1973 3226; baseline 0 -14"><span class='ocrx_word' id='word_1_569' title='bbox 226 3182 334 3220; x_wconf 84' lang='lat' dir='ltr'><em>retur,</em></span> <span class='ocrx_word' id='word_1_570' title='bbox 353 3179 412 3212; x_wconf 81' lang='lat' dir='ltr'><em>vel</em></span> <span class='ocrx_word' id='word_1_571' title='bbox 437 3191 504 3213; x_wconf 87' lang='lat' dir='ltr'><em>non</em></span> <span class='ocrx_word' id='word_1_572' title='bbox 524 3181 783 3223; x_wconf 82' lang='lat' dir='ltr'><em>admitteretur,</em></span> <span class='ocrx_word' id='word_1_573' title='bbox 805 3182 862 3215; x_wconf 83' lang='lat' dir='ltr'><em>vel</em></span> <span class='ocrx_word' id='word_1_574' title='bbox 887 3194 956 3216; x_wconf 89' lang='lat' dir='ltr'><em>non</em></span> <span class='ocrx_word' id='word_1_575' title='bbox 975 3185 1233 3226; x_wconf 81' lang='lat' dir='ltr'><em>perseueraret,</em></span> <span class='ocrx_word' id='word_1_576' title='bbox 1260 3181 1375 3215; x_wconf 88' lang='lat' dir='ltr'><em>redire</em></span> <span class='ocrx_word' id='word_1_577' title='bbox 1392 3182 1586 3221; x_wconf 83' lang='lat' dir='ltr'><em>teneretur,</em></span> <span class='ocrx_word' id='word_1_578' title='bbox 1614 3181 1649 3213; x_wconf 84' lang='lat' dir='ltr'><em>et</em></span> <span class='ocrx_word' id='word_1_579' title='bbox 1674 3191 1742 3213; x_wconf 87' lang='lat' dir='ltr'><em>non</em></span> <span class='ocrx_word' id='word_1_580' title='bbox 1770 3179 1801 3212; x_wconf 90' lang='lat' dir='ltr'><em>ei</em></span> <span class='ocrx_word' id='word_1_581' title='bbox 1820 3180 1973 3224; x_wconf 87' lang='lat' dir='ltr'><em>amplius</em></span> 
     </span>
    </p>
   </div>
  </div>
 </body>
</html>
