2077 3461
208 226 265 260 XX
757 222 800 259 ΙΙ.
827 222 1052 259 Prooemium
1079 220 1270 255 voluminis
1297 220 1422 264 quinti.

207 354 272 377 nos
297 342 480 377 habebunt
509 341 608 384 (690)
638 343 674 376 et
699 340 861 375 homines
892 351 971 374 esse
997 339 1215 379 iudicabunt,
1252 337 1312 382 qui
1347 347 1406 371 res
1435 335 1600 381 politicas
1625 337 1782 370 tractent
1807 337 1843 369 et
1868 341 1968 380 prae-

208 407 288 431 esse
313 395 450 436 malint,
478 406 585 439 quam
610 393 758 428 humilia
785 393 903 428 officia
928 394 1125 437 praestare,
1151 391 1196 426 ad
1213 402 1306 435 quae
1331 388 1548 434 praestanda
1574 399 1595 422 a
1612 388 1686 423 Deo
1712 389 1830 423 vocati
1855 389 1968 423 simus

211 449 330 492 (209);
368 447 612 492 indignabitur
646 448 839 491 imperator
867 446 989 489 (691):
1025 448 1060 480 et
1086 444 1276 489 disciplina
1307 442 1477 485 religiosa
1502 445 1539 476 et
1563 452 1622 476 res
1647 441 1886 476 scholasticae
1911 441 1968 476 de-

206 502 414 536 trimentum
450 501 594 546 capient
632 499 871 543 (227-228);
911 499 1074 544 pontifex
1113 495 1323 541 quodvult
1356 506 1426 529 non
1461 496 1700 539 consequetur
1736 494 1968 538 (202—203).

208 555 386 596 Ceterum,
413 554 539 598 inquit,
569 554 682 598 „quod
702 553 745 588 ad
765 564 821 587 me
838 554 990 597 spectat,
1016 552 1050 585 in
1069 553 1261 593 utrumque
1279 559 1402 583 casum
1420 559 1476 582 me
1494 550 1660 592 paratum
1677 548 1804 589 sentio,
1829 547 1969 582 Domini

207 608 345 652 gratia'‘
387 607 502 651 (209).
553 607 586 642 S.
613 606 826 641 Franciscus
851 605 1004 649 Borgias
1031 603 1173 638 Canisio
1207 601 1380 646 promisit,
1417 603 1624 635 curaturum
1650 612 1708 641 se,
1744 603 1784 635 ut
1809 601 1969 646 pontifex

208 664 430 702 moneretur;
463 671 572 705 „quae
599 659 670 701 ille,
696 659 803 694 rebus
821 657 1026 697 intellectis,
1054 655 1294 694 constituerit,
1317 665 1382 688 nos
1400 665 1540 698 quoque
1559 654 1693 699 optima
1709 653 1966 688 iudicabimus“

209 714 325 758 (227).
375 713 660 748 Prudentissimo
687 712 845 757 pontifici
873 711 979 745 facile
1005 719 1218 755 persuasum
1243 710 1316 748 est;
1352 709 1536 752 praestare
1563 707 1624 748 ait,
1655 708 1695 741 ut
1721 706 1813 742 Socii
1839 707 1874 741 in
1901 706 1969 741 col-

208 767 312 811 legiis
348 770 384 802 et
418 766 506 802 locis
542 766 688 806 vicinis,
728 765 821 800 unde
855 763 963 798 facile
997 763 1032 796 in
1069 761 1220 805 collegia
1254 761 1389 796 reverti
1426 762 1592 805 possent,
1629 771 1733 795 sacra
1771 760 1971 794 ministeria

209 823 420 856 exercerent
448 820 569 862 (264);
598 818 764 852 Canisius
790 817 970 861 legatione
996 816 1171 850 liberatus
1197 816 1254 849 est
1281 814 1395 857 (270).

326 873 445 908 Redeo
481 873 525 907 ad
561 871 757 906 comitia
793 869 986 915 imperii
1022 869 1210 912 Augustae
1236 866 1503 902 Vindelicorum
1541 877 1572 901 a.
1610 867 1701 901 1566
1734 866 1867 901 habita.
1917 866 1971 901 De

207 927 332 962 horum
357 927 456 960 exitu
482 925 634 959 multum
652 924 866 963 timebatur3
894 922 1091 967 periculum
1120 921 1213 956 enim
1233 923 1320 961 erat,
1346 932 1390 954 ne
1408 920 1679 954 Maximilianus
1696 920 1741 954 II.
1767 921 1971 965 imperator,

207 979 366 1024 ambigui
393 982 429 1013 et
455 977 691 1013 claudicantis
718 976 852 1020 ingenii
878 975 993 1015 homo,
1020 986 1100 1009 cum
1127 973 1310 1009 ordinibus
1335 973 1620 1018 protestantibus
1636 985 1768 1007 novum
1796 973 1972 1018 quoddam

212 1033 399 1077 „Interim“
415 1033 653 1076 componeret,
668 1029 726 1064 vel
741 1029 871 1064 saltem
884 1029 1130 1069 constitueret,
1144 1029 1186 1062 ut
1198 1027 1381 1070 religionis
1395 1026 1638 1062 conciliandae
1653 1027 1770 1070 gratia
1785 1027 1972 1061 concilium

208 1086 388 1121 nationale
423 1084 481 1118 vel
507 1083 724 1128 colloquium
757 1082 952 1117 haberetur
989 1081 1074 1124 (170
1103 1081 1169 1115 176
1196 1080 1414 1124 248—249).
1445 1080 1713 1125 ⁴protestantes
1738 1080 1805 1115 hoc
1831 1091 1972 1125 quoque

208 1140 274 1174 sibi
314 1140 591 1183 proposuerant,
633 1139 674 1170 ut
711 1147 758 1170 ex
801 1147 908 1181 „pace
946 1134 1151 1178 religionis“
1197 1135 1401 1177 augustana
1439 1135 1687 1178 expungerent
1727 1136 1972 1176 „reservatum

210 1191 513 1227 ecclesiasticun1“
544 1191 622 1224 sive
649 1189 764 1232 legem
792 1189 902 1229 illam,
939 1200 1010 1232 qua
1036 1187 1204 1233 episcopi,
1230 1186 1390 1228 abbates,
1417 1186 1651 1221 ecclesiastici
1677 1186 1816 1231 reliqui,
1841 1187 1903 1221 ubi
1928 1186 1972 1220 ad

210 1245 432 1280 Lutheranos
458 1243 685 1284 transissent,
722 1245 756 1276 et
783 1242 900 1276 officio
927 1244 962 1276 et
987 1240 1163 1275 reditibus
1188 1239 1447 1275 ecclesiasticis
1473 1240 1599 1274 cedere
1625 1239 1839 1274 iubebantur
1857 1239 1971 1283 (249),

209 1301 256 1333 At
291 1297 434 1334 comitia
460 1297 616 1331 faustius
642 1299 852 1331 evenerunt.
903 1294 1021 1329 Multa
1048 1295 1091 1328 de
1117 1293 1161 1328 iis
1192 1293 1230 1327 in
1263 1292 1331 1328 hoc
1356 1292 1538 1327 volumine
1573 1295 1763 1338 ponuntur,
1790 1304 1882 1337 quae
1906 1304 1973 1327 nec

211 1351 346 1387 Canisii
371 1349 580 1394 biographis
605 1360 671 1383 nec
697 1349 741 1383 iis
768 1349 829 1392 qui
856 1349 898 1382 de
925 1347 1080 1382 comitiis
1105 1347 1338 1391 scripserunt,
1363 1349 1447 1380 nota
1473 1348 1586 1380 erant.
1637 1346 1723 1380 Pius
1751 1345 1792 1380 V.
1819 1357 1839 1380 a
1865 1347 1973 1381 Fran-

210 1406 305 1440 cisco
331 1404 464 1447 Borgia
498 1414 563 1437 sex
589 1402 744 1436 lesuitas
770 1401 934 1447 petierat,
970 1401 1030 1445 qui
1066 1399 1283 1435 cardinalem
1310 1399 1613 1434 Commendonum
1648 1400 1692 1433 ad
1719 1400 1863 1434 comitia
1888 1411 1909 1434 a
1935 1411 1973 1433 se

211 1458 371 1501 legatum
398 1457 584 1495 iuvarent;
622 1467 702 1490 cum
737 1458 857 1489 tamen
884 1455 960 1488 sine
987 1454 1146 1488 maxima
1170 1452 1357 1497 religionis
1382 1452 1520 1486 iactura
1545 1455 1618 1487 tam
1646 1452 1778 1487 multos
1803 1453 1879 1487 dari
1904 1464 1974 1487 non

211 1522 316 1557 posse
352 1509 523 1549 audisset,
559 1509 649 1543 satis
683 1508 751 1543 sibi
778 1509 854 1543 fore
889 1507 1170 1551 significaverat,
1206 1505 1236 1541 si
1263 1505 1391 1540 Patres
1417 1505 1558 1540 Natalis
1594 1509 1630 1539 et
1663 1505 1837 1540 Ledesma
1862 1505 1974 1540 Roma

212 1566 414 1607 Augustam
441 1563 671 1597 mitterentur
699 1562 821 1604 (574);
857 1561 963 1596 simul
997 1559 1192 1595 cardinalis
1218 1558 1383 1593 Amulius
1409 1558 1710 1593 Commendonum
1746 1558 1975 1604 perlitteras

211 1617 376 1652 hortatus
405 1619 492 1658 erat,
520 1618 559 1650 ut
578 1615 711 1649 Canisii
738 1626 879 1658 quoque
905 1625 1013 1659 opera
1038 1614 1204 1648 uteretur
1223 1612 1345 1655 (575);
1371 1612 1538 1655 Borgiam
1565 1612 1758 1647 cardinalis
1775 1611 1976 1647 Truchsess

211 1673 409 1710 monuerat,
437 1668 618 1703 Canisium
646 1668 799 1702 comitiis
826 1679 932 1711 quam
959 1668 1116 1701 maxime
1141 1665 1384 1700 necessarium
1412 1676 1508 1705 esse3
1537 1677 1616 1699 eum
1644 1666 1735 1699 enim
1763 1665 1856 1710 apud
1882 1665 1975 1710 prin-

213 1723 311 1768 cipes
337 1721 542 1763 catholicos‚
571 1722 726 1755 maxime
752 1721 846 1765 apud
873 1719 1161 1764 archiepiscopos
1187 1719 1363 1753 electores
1391 1718 1640 1762 moguntinum
1670 1721 1706 1751 et
1730 1721 1973 1752 treverensem

214 1779 250 1810 et
285 1775 377 1820 apud
414 1775 622 1820 episcopum
658 1773 954 1818 herbipolensem,
985 1771 1225 1815 „incredibili“
1255 1771 1471 1806 auctoritate
1495 1771 1623 1805 florere
1651 1770 1766 1814 (728).
1815 1772 1975 1806 Primum

214 1831 335 1864 actum
361 1830 417 1862 est
451 1828 494 1862 de
520 1839 585 1872 ope
615 1826 821 1871 imperatori
856 1826 1031 1860 adversus
1057 1825 1192 1859 Turcas
1223 1823 1380 1865 ferenda,
1417 1835 1566 1868 quorum
1600 1824 1782 1858 exercitus
1808 1825 1976 1859 Austriae

213 1881 428 1917 horrendum
455 1880 605 1915 exitium
640 1879 853 1913 minabatur.
904 1879 1045 1913 Natalis
1079 1890 1148 1912 non
1183 1889 1247 1912 suo
1273 1877 1400 1918 solum,
1435 1877 1498 1912 sed
1533 1877 1641 1911 etiam
1668 1877 1800 1912 Canisii
1834 1879 1976 1912 nomine

215 1947 278 1981 per
303 1935 446 1969 litteras
472 1933 620 1967 Romam
647 1933 777 1966 missas
807 1932 1049 1977 praepositum
1076 1931 1282 1974 generalem
1316 1930 1529 1972 obsecravit,
1564 1932 1602 1964 ut
1632 1930 1835 1975 pontificem
1861 1931 1978 1966 adiret

217 1992 251 2023 et
277 1988 343 2022 hoc
370 1988 401 2021 ei
428 1987 645 2021 declararet:
682 1986 948 2030 Imperatorem,
983 1986 1013 2019 si
1039 1985 1083 2018 iis
1113 1984 1150 2018 in
1176 1984 1355 2027 angustiis
1380 1984 1611 2028 pecuniarum
1645 1984 1805 2018 subsidia
1831 1984 1977 2029 abipso

218 2041 427 2086 accepisset,
454 2040 489 2073 in
516 2039 622 2074 rebus
648 2038 832 2082 religionis
858 2039 889 2072 ei
917 2049 994 2072 esse
1021 2038 1285 2072 obsecuturum.
1329 2037 1427 2071 Adiit
1453 2037 1606 2071 Sanctus
1631 2036 1845 2072 Franciscus
1871 2037 1977 2072 Sanc-

216 2097 290 2128 tum
312 2094 425 2133 Pium,
452 2104 567 2137 neque
593 2092 650 2126 hic
677 2091 866 2132 dubitavit,
892 2091 993 2135 larga
1018 2102 1241 2124 nummorum
1269 2089 1446 2125 solutione
1464 2090 1703 2124 Maximiliani
1727 2090 1763 2124 in
1790 2091 1978 2125 ecclesiam

218 2147 430 2184 catholicam
458 2147 677 2190 aequitatem
713 2147 749 2179 et
774 2145 933 2179 favorem
962 2155 1168 2188 comparare
1197 2143 1310 2186 (218).
1361 2143 1570 2188 Imperator,
1604 2143 1696 2187 quod
1723 2144 1766 2177 ad
1793 2146 1977 2178 externam

218 2201 373 2246 speciem
400 2199 540 2240 attinet,
567 2199 602 2232 in
629 2198 782 2232 comitiis
807 2197 912 2242 plane
935 2197 1151 2231 catholicum
1177 2208 1214 2230 se
1241 2196 1451 2241 praestabat
1469 2196 1553 2239 (196
1580 2196 1648 2230 215
1674 2196 1779 2240 582);
1806 2197 1980 2232 Matthias

220 2253 425 2299 Cythardus
451 2251 698 2286 dominicanus
731 2262 850 2285 coram
877 2262 917 2284 eo
944 2250 1091 2294 eiusque
1119 2250 1245 2284 aulicis
1275 2250 1484 2292 „admodum
1511 2249 1720 2290 catholice⁴‘,
1750 2252 1791 2283 ut
1815 2249 1980 2284 Canisius

220 2309 281 2348 ait,
304 2305 577 2341 contionabatur
597 2304 718 2348 (215);
747 2315 826 2338 cum
847 2303 988 2337 Canisio
1007 2303 1041 2336 in
1061 2303 1212 2337 ecclesia
1231 2303 1429 2337 cathedrali
1448 2302 1630 2337 contiones
1649 2303 1980 2346 quadragesimales

218 2361 372 2395 habente
399 2360 642 2404 protestantes
668 2357 779 2401 aliqui
805 2357 849 2391 ad
876 2356 1048 2390 ecclesiae
1074 2359 1198 2400 portas
1224 2358 1385 2389 astantes
1412 2367 1538 2390 carnes
1563 2358 1753 2390 vorassent
1779 2358 1814 2389 et
1839 2356 1874 2390 in
1901 2357 1979 2400 ipsa

221 2413 372 2448 ecclesia
398 2422 527 2456 aquam
555 2422 693 2445 sacram
721 2410 978 2454 inquinassent,
1016 2410 1208 2453 imperator
1243 2408 1493 2443 auctoritatem
1520 2420 1622 2443 suam
1648 2408 1741 2442 serio
1767 2409 1981 2453 interposuit

224 2467 338 2510 (561).
388 2464 591 2499 Veniebant
622 2463 666 2498 ad
699 2463 881 2498 Canisium
916 2462 1130 2496 audiendum
1167 2461 1268 2495 multi
1308 2461 1392 2503 (215
1419 2461 1502 2502 225)
1535 2465 1643 2505 atque
1678 2461 1785 2495 etiam
1821 2461 1981 2496 nonnulli

223 2532 266 2553 ex
294 2519 512 2553 adversariis
540 2518 662 2560 (561);
690 2517 720 2550 is
747 2518 874 2560 quater
891 2514 1043 2557 singulis
1062 2513 1365 2557 Quadragesimae
1384 2514 1615 2549 hebdomadis
1641 2514 1772 2556 dicens,
1800 2515 1981 2549 doctrinae

223 2572 420 2607 catholicae
455 2571 585 2615 capita,
622 2581 713 2614 quae
747 2571 991 2614 protestantes
1023 2568 1056 2601 in
1093 2567 1373 2602 controversiam
1409 2570 1640 2608 vocaverant,
1675 2567 1907 2608 defendebat;
1942 2572 1981 2602 ut

223 2637 314 2670 quae
340 2626 506 2669 spectant
531 2623 679 2658 verbum
706 2622 780 2662 Dei,
807 2621 1027 2660 traditiones,
1062 2621 1234 2654 iustitiam
1263 2619 1505 2659 christianam,
1532 2632 1637 2665 opera
1664 2621 1764 2661 bona,
1799 2621 1982 2664 indulgen-

222 2679 292 2712 tias
320 2677 552 2721 (562—572).
603 2676 795 2710 Praeterea
826 2676 954 2717 rogatu
981 2673 1116 2707 Mariae
1148 2673 1386 2717 imperatricis
1421 2673 1531 2707 semel
1565 2673 1718 2716 singulis
1752 2674 1982 2709 hebdomadis

224 2732 258 2765 in
285 2731 418 2775 templo
444 2729 478 2764 S.
508 2729 720 2763 Catharinae
746 2728 789 2763 ad
817 2727 970 2762 feminas
995 2726 1130 2760 nobiles
1157 2727 1382 2769 germanicae
1409 2726 1562 2760 nationis
1589 2738 1666 2760 cum
1693 2727 1771 2772 ipsa
1797 2730 1983 2762 versantes

224 2784 418 2818 orationem
454 2783 609 2816 habebat
646 2781 758 2824 (559).
809 2780 1008 2815 Cardinalis
1040 2779 1323 2814 Commendonus
1356 2779 1497 2812 Canisio
1532 2779 1565 2812 in
1603 2779 1754 2814 ecclesia
1786 2781 1983 2815 cathedrali

226 2839 374 2881 peccata
400 2836 585 2869 confessus
611 2838 667 2868 cst
695 2835 815 2878 (578ss
843 2833 935 2867 idem
963 2833 998 2867 in
1024 2832 1156 2866 sacello
1183 2831 1362 2866 Sociorum
1387 2843 1494 2875 saepe
1519 2842 1658 2865 sacrum
1686 2832 1842 2867 faciebat
1869 2834 1983 2877 (542).

226 2889 294 2923 Per
330 2888 582 2922 hebdomadem
620 2888 784 2921 maiorem
820 2888 921 2920 tanta
947 2888 1025 2920 erat
1050 2885 1230 2925 Italorum,
1267 2885 1516 2929 Hispanorum,
1552 2884 1810 2919 Germanorum
1837 2890 1983 2930 peccata

227 2942 469 2976 confitentium
505 2941 705 2980 multitudo,
742 2943 780 2973 ut
805 2951 869 2974 sex
896 2938 1086 2973 Societatis
1112 2938 1316 2972 sacerdotes
1341 2937 1607 2981 occupat-issimi
1643 2941 1764 2971 essent
1791 2939 1911 2981 (224);
1949 2940 1984 2974 in

226 2994 422 3029 cathedrali
460 2994 591 3038 templo
616 3005 740 3027 sacrae
766 2992 1002 3027 caerimoniae
1029 2991 1217 3026 admodum
1244 2989 1390 3035 pulchre
1417 2993 1451 3023 et
1482 2990 1547 3034 pie,
1584 2989 1746 3034 plurimis
1772 2992 1983 3033 astantibus,

227 3048 426 3091 agebantur
465 3048 577 3089 (542).
630 3046 794 3080 Caluisius
821 3046 926 3079 aliam
962 3056 1101 3089 quoque
1128 3056 1201 3078 rem
1237 3046 1362 3086 ageret
1396 3054 1542 3076 necesse
1574 3042 1659 3076 suit:
1695 3043 1896 3078 Fridericus
1923 3045 1982 3079 llI.

229 3101 415 3134 Palatinus
442 3100 606 3144 princeps
642 3099 773 3133 elector
805 3100 970 3142 idemque
997 3097 1265 3132 Calvinianismi
1294 3095 1505 3140 praecipuus
1531 3098 1703 3140 patronus
1729 3095 1887 3130 libellum
1915 3097 1985 3131 dis-

228 3154 480 3194 seminaverat,
508 3164 575 3195 quo
604 3152 789 3196 imperium
816 3151 1049 3195 tranquillum
1076 3151 1151 3185 fore
1177 3150 1244 3184 nisi
1265 3150 1443 3183 exstincto
1462 3148 1604 3192 penitus
1623 3151 1756 3192 papatu
1774 3149 1983 3192 negabatur,

231 3210 264 3240 ct
304 3206 455 3240 lcsuitas
498 3204 652 3238 omnium
695 3204 868 3238 malorum
912 3207 1076 3238 auctores
1119 3214 1197 3237 esse
1240 3201 1505 3237 affirmabatur:
1554 3201 1744 3235 cardinalis
1786 3201 1985 3237 Truchsess
