<?xml version="1.0" encoding="UTF-8"?>
<!DOCTYPE html PUBLIC "-//W3C//DTD XHTML 1.0 Transitional//EN"
    "http://www.w3.org/TR/xhtml1/DTD/xhtml1-transitional.dtd">
<html xmlns="http://www.w3.org/1999/xhtml" xml:lang="en" lang="en">
 <head>
  <title>
</title>
<meta http-equiv="Content-Type" content="text/html;charset=utf-8" />
  <meta name='ocr-system' content='tesseract 3.04.00' />
  <meta name='ocr-capabilities' content='ocr_page ocr_carea ocr_par ocr_line ocrx_word'/>
</head>
<body>
  <div class='ocr_page' id='page_1' title='image "beatipetricanisi05cani_0267.png"; bbox 0 0 2077 3461; ppageno 0'>
   <div class='ocr_carea' id='block_1_1' title="bbox 720 181 1838 225">
    <p class='ocr_par' dir='ltr' id='par_1_1' title="bbox 720 181 1838 225">
     <span class='ocr_line' id='line_1_1' title="bbox 720 181 1838 225; baseline 0.008 -10"><span class='ocrx_word' id='word_1_1' title='bbox 720 181 909 225; x_wconf 77' lang='lat' dir='ltr'>Moguntia</span> <span class='ocrx_word' id='word_1_2' title='bbox 935 181 991 216; x_wconf 72' lang='lat'>28.</span> <span class='ocrx_word' id='word_1_3' title='bbox 1010 181 1084 215; x_wconf 85' lang='lat' dir='ltr'>Ian.</span> <span class='ocrx_word' id='word_1_4' title='bbox 1104 181 1206 215; x_wconf 82' lang='lat'>1566.</span> <span class='ocrx_word' id='word_1_5' title='bbox 1759 183 1838 224; x_wconf 73' lang='grc'>181</span> 
     </span>
    </p>
   </div>
   <div class='ocr_carea' id='block_1_2' title="bbox 28 299 1844 2627">
    <p class='ocr_par' dir='ltr' id='par_1_2' title="bbox 79 299 1844 992">
     <span class='ocr_line' id='line_1_2' title="bbox 83 299 1841 354; baseline -0.001 -12"><span class='ocrx_word' id='word_1_6' title='bbox 83 302 308 343; x_wconf 89' lang='lat' dir='ltr'>confirmat</span> <span class='ocrx_word' id='word_1_7' title='bbox 339 301 390 343; x_wconf 92' lang='lat' dir='ltr'>D.</span> <span class='ocrx_word' id='word_1_8' title='bbox 410 301 709 351; x_wconf 85' lang='lat' dir='ltr'>La1nbertus1,</span> <span class='ocrx_word' id='word_1_9' title='bbox 753 301 938 343; x_wconf 88' lang='lat' dir='ltr'>donatus</span> <span class='ocrx_word' id='word_1_10' title='bbox 970 299 1074 354; x_wconf 87' lang='lat' dir='ltr'>ipsis</span> <span class='ocrx_word' id='word_1_11' title='bbox 1108 299 1163 342; x_wconf 90' lang='lat' dir='ltr'>ad</span> <span class='ocrx_word' id='word_1_12' title='bbox 1199 301 1370 353; x_wconf 84' lang='lat' dir='ltr'>tempus</span> <span class='ocrx_word' id='word_1_13' title='bbox 1404 299 1701 350; x_wconf 78' lang='lat' dir='ltr'>Coneionator,</span> <span class='ocrx_word' id='word_1_14' title='bbox 1746 313 1841 341; x_wconf 90' lang='lat' dir='ltr'>eum</span> 
     </span>
     <span class='ocr_line' id='line_1_3' title="bbox 80 364 1843 420; baseline -0.001 -12"><span class='ocrx_word' id='word_1_15' title='bbox 80 366 212 416; x_wconf 82' lang='lat' dir='ltr'>breui,</span> <span class='ocrx_word' id='word_1_16' title='bbox 237 369 286 408; x_wconf 90' lang='lat' dir='ltr'>vt</span> <span class='ocrx_word' id='word_1_17' title='bbox 317 379 458 420; x_wconf 88' lang='lat' dir='ltr'>spero,</span> <span class='ocrx_word' id='word_1_18' title='bbox 492 366 753 419; x_wconf 85' lang='lat' dir='ltr'>amplectar:</span> <span class='ocrx_word' id='word_1_19' title='bbox 787 365 901 408; x_wconf 81' lang='lat' dir='ltr'>faxit</span> <span class='ocrx_word' id='word_1_20' title='bbox 923 365 1053 415; x_wconf 90' lang='lat' dir='ltr'>Deus,</span> <span class='ocrx_word' id='word_1_21' title='bbox 1087 368 1134 408; x_wconf 90' lang='lat' dir='ltr'>ut</span> <span class='ocrx_word' id='word_1_22' title='bbox 1166 364 1312 418; x_wconf 87' lang='lat' dir='ltr'>plures</span> <span class='ocrx_word' id='word_1_23' title='bbox 1344 364 1580 406; x_wconf 80' lang='lat' dir='ltr'>habeamus</span> <span class='ocrx_word' id='word_1_24' title='bbox 1605 364 1843 407; x_wconf 81' lang='lat' dir='ltr'>Germanos</span> 
     </span>
     <span class='ocr_line' id='line_1_4' title="bbox 83 429 1842 485; baseline -0.001 -13"><span class='ocrx_word' id='word_1_25' title='bbox 83 430 395 485; x_wconf 87' lang='lat' dir='ltr'>operarios,</span> <span class='ocrx_word' id='word_1_26' title='bbox 451 430 523 483; x_wconf 90' lang='lat' dir='ltr'>qui</span> <span class='ocrx_word' id='word_1_27' title='bbox 570 431 622 472; x_wconf 90' lang='lat' dir='ltr'>in</span> <span class='ocrx_word' id='word_1_28' title='bbox 669 431 779 472; x_wconf 88' lang='lat' dir='ltr'>hanc</span> <span class='ocrx_word' id='word_1_29' title='bbox 824 443 1065 472; x_wconf 82' lang='lat' dir='ltr'>messem</span> <span class='ocrx_word' id='word_1_30' title='bbox 1114 443 1217 471; x_wconf 89' lang='lat' dir='ltr'>uere</span> <span class='ocrx_word' id='word_1_31' title='bbox 1259 429 1478 471; x_wconf 90' lang='lat' dir='ltr'>desertam</span> <span class='ocrx_word' id='word_1_32' title='bbox 1520 429 1713 483; x_wconf 77' lang='lat' dir='ltr'>possinta</span> <span class='ocrx_word' id='word_1_33' title='bbox 1757 443 1842 471; x_wconf 83' lang='lat' dir='ltr'>ex-</span> 
     </span>
     <span class='ocr_line' id='line_1_5' title="bbox 80 493 1842 549; baseline -0.001 -12"><span class='ocrx_word' id='word_1_34' title='bbox 80 495 258 538; x_wconf 79' lang='lat' dir='ltr'>trudi2</span> <span class='ocrx_word' id='word_1_35' title='bbox 295 497 339 537; x_wconf 89' lang='lat' dir='ltr'>et</span> <span class='ocrx_word' id='word_1_36' title='bbox 376 495 618 537; x_wconf 85' lang='lat' dir='ltr'>fructum</span> <span class='ocrx_word' id='word_1_37' title='bbox 659 497 858 549; x_wconf 87' lang='lat' dir='ltr'>optatum</span> <span class='ocrx_word' id='word_1_38' title='bbox 899 494 1168 537; x_wconf 69' lang='lat' dir='ltr'>adferress.</span> <span class='ocrx_word' id='word_1_39' title='bbox 1229 493 1439 535; x_wconf 87' lang='lat' dir='ltr'>Dominus</span> <span class='ocrx_word' id='word_1_40' title='bbox 1471 494 1643 536; x_wconf 80' lang='lat' dir='ltr'><strong>JESVS</strong></span> <span class='ocrx_word' id='word_1_41' title='bbox 1685 494 1842 548; x_wconf 87' lang='lat' dir='ltr'>ubique</span> 
     </span>
     <span class='ocr_line' id='line_1_6' title="bbox 81 558 1843 614; baseline -0.001 -12"><span class='ocrx_word' id='word_1_42' title='bbox 81 560 298 602; x_wconf 90' lang='lat' dir='ltr'>nobiscum</span> <span class='ocrx_word' id='word_1_43' title='bbox 330 574 408 614; x_wconf 89' lang='lat' dir='ltr'>per</span> <span class='ocrx_word' id='word_1_44' title='bbox 430 559 642 602; x_wconf 88' lang='lat' dir='ltr'>sacrificia</span> <span class='ocrx_word' id='word_1_45' title='bbox 665 563 708 602; x_wconf 92' lang='lat' dir='ltr'>et</span> <span class='ocrx_word' id='word_1_46' title='bbox 739 574 890 614; x_wconf 81' lang='lat' dir='ltr'>preces</span> <span class='ocrx_word' id='word_1_47' title='bbox 913 559 1193 601; x_wconf 81' lang='lat' dir='ltr'>Reuerendae</span> <span class='ocrx_word' id='word_1_48' title='bbox 1215 558 1502 601; x_wconf 87' lang='lat' dir='ltr'>Paternitatis</span> <span class='ocrx_word' id='word_1_49' title='bbox 1524 559 1571 600; x_wconf 89' lang='lat' dir='ltr'>T.</span> <span class='ocrx_word' id='word_1_50' title='bbox 1597 561 1640 601; x_wconf 90' lang='lat' dir='ltr'>et</span> <span class='ocrx_word' id='word_1_51' title='bbox 1662 559 1843 602; x_wconf 91' lang='lat' dir='ltr'>Patrum</span> 
     </span>
     <span class='ocr_line' id='line_1_7' title="bbox 81 623 1843 679; baseline -0.001 -12"><span class='ocrx_word' id='word_1_52' title='bbox 81 625 283 676; x_wconf 90' lang='lat' dir='ltr'>omnium,</span> <span class='ocrx_word' id='word_1_53' title='bbox 326 625 479 678; x_wconf 89' lang='lat' dir='ltr'>quibus</span> <span class='ocrx_word' id='word_1_54' title='bbox 519 624 731 679; x_wconf 82' lang='lat' dir='ltr'>imprimis</span> <span class='ocrx_word' id='word_1_55' title='bbox 773 625 898 679; x_wconf 90' lang='lat' dir='ltr'>cupio</span> <span class='ocrx_word' id='word_1_56' title='bbox 941 624 1266 666; x_wconf 89' lang='lat' dir='ltr'>commendatus</span> <span class='ocrx_word' id='word_1_57' title='bbox 1308 637 1417 666; x_wconf 88' lang='lat' dir='ltr'>esse.</span> <span class='ocrx_word' id='word_1_58' title='bbox 1482 623 1656 666; x_wconf 85' lang='lat' dir='ltr'>Gratias</span> <span class='ocrx_word' id='word_1_59' title='bbox 1697 626 1843 666; x_wconf 84' lang='lat' dir='ltr'>autem</span> 
     </span>
     <span class='ocr_line' id='line_1_8' title="bbox 81 688 1844 743; baseline -0.001 -11"><span class='ocrx_word' id='word_1_60' title='bbox 81 690 163 743; x_wconf 85' lang='lat' dir='ltr'>ago</span> <span class='ocrx_word' id='word_1_61' title='bbox 196 690 301 741; x_wconf 92' lang='lat' dir='ltr'>Deo,</span> <span class='ocrx_word' id='word_1_62' title='bbox 345 690 417 743; x_wconf 92' lang='lat' dir='ltr'>qui</span> <span class='ocrx_word' id='word_1_63' title='bbox 449 689 565 731; x_wconf 86' lang='lat' dir='ltr'>vires</span> <span class='ocrx_word' id='word_1_64' title='bbox 596 689 806 731; x_wconf 89' lang='lat' dir='ltr'>hactenus</span> <span class='ocrx_word' id='word_1_65' title='bbox 839 689 957 732; x_wconf 89' lang='lat' dir='ltr'>dedit</span> <span class='ocrx_word' id='word_1_66' title='bbox 990 689 1044 731; x_wconf 88' lang='lat' dir='ltr'>ad</span> <span class='ocrx_word' id='word_1_67' title='bbox 1086 689 1197 731; x_wconf 84' lang='lat' dir='ltr'>hanc</span> <span class='ocrx_word' id='word_1_68' title='bbox 1229 688 1623 743; x_wconf 73' lang='lat' dir='ltr'>peregrinationem</span> <span class='ocrx_word' id='word_1_69' title='bbox 1657 691 1844 742; x_wconf 89' lang='lat' dir='ltr'>quatuor</span> 
     </span>
     <span class='ocr_line' id='line_1_9' title="bbox 79 753 1843 809; baseline -0.001 -13"><span class='ocrx_word' id='word_1_70' title='bbox 79 755 284 809; x_wconf 84' lang='lat' dir='ltr'>hybernis</span> <span class='ocrx_word' id='word_1_71' title='bbox 315 754 533 797; x_wconf 89' lang='lat' dir='ltr'>mensibus</span> <span class='ocrx_word' id='word_1_72' title='bbox 565 754 888 797; x_wconf 88' lang='lat' dir='ltr'>conficiendam.</span> <span class='ocrx_word' id='word_1_73' title='bbox 942 754 1090 797; x_wconf 78' lang='lat' dir='ltr'>Sentio</span> <span class='ocrx_word' id='word_1_74' title='bbox 1122 754 1295 796; x_wconf 86' lang='lat' dir='ltr'>interim</span> <span class='ocrx_word' id='word_1_75' title='bbox 1318 753 1484 806; x_wconf 86' lang='lat' dir='ltr'>aliquot</span> <span class='ocrx_word' id='word_1_76' title='bbox 1506 753 1661 795; x_wconf 78' lang='lat' dir='ltr'>abhinc</span> <span class='ocrx_word' id='word_1_77' title='bbox 1693 753 1843 796; x_wconf 88' lang='lat' dir='ltr'>diebus</span> 
     </span>
     <span class='ocr_line' id='line_1_10' title="bbox 81 818 1843 873; baseline -0.001 -12"><span class='ocrx_word' id='word_1_78' title='bbox 81 819 330 862; x_wconf 78' lang='lat' dir='ltr'>debilitatas</span> <span class='ocrx_word' id='word_1_79' title='bbox 363 833 459 861; x_wconf 92' lang='lat' dir='ltr'>esse</span> <span class='ocrx_word' id='word_1_80' title='bbox 490 818 593 860; x_wconf 89' lang='lat' dir='ltr'>mihi</span> <span class='ocrx_word' id='word_1_81' title='bbox 615 818 744 869; x_wconf 82' lang='lat' dir='ltr'>vires,</span> <span class='ocrx_word' id='word_1_82' title='bbox 780 821 824 861; x_wconf 92' lang='lat' dir='ltr'>et</span> <span class='ocrx_word' id='word_1_83' title='bbox 856 818 1029 862; x_wconf 89' lang='lat' dir='ltr'>solitum</span> <span class='ocrx_word' id='word_1_84' title='bbox 1063 819 1216 861; x_wconf 88' lang='lat' dir='ltr'>abesse</span> <span class='ocrx_word' id='word_1_85' title='bbox 1238 818 1446 873; x_wconf 87' lang='lat' dir='ltr'>vigorem.</span> <span class='ocrx_word' id='word_1_86' title='bbox 1501 818 1623 860; x_wconf 88' lang='lat' dir='ltr'>Fiat</span> <span class='ocrx_word' id='word_1_87' title='bbox 1655 818 1698 859; x_wconf 90' lang='lat' dir='ltr'>in</span> <span class='ocrx_word' id='word_1_88' title='bbox 1720 818 1843 860; x_wconf 91' lang='lat' dir='ltr'>nobis</span> 
     </span>
     <span class='ocr_line' id='line_1_11' title="bbox 80 882 1841 936; baseline -0.001 -10"><span class='ocrx_word' id='word_1_89' title='bbox 80 884 300 926; x_wconf 88' lang='lat' dir='ltr'>Domini</span> <span class='ocrx_word' id='word_1_90' title='bbox 339 884 650 934; x_wconf 82' lang='lat' dir='ltr'>voluntas4‚</span> <span class='ocrx_word' id='word_1_91' title='bbox 696 883 767 936; x_wconf 89' lang='lat' dir='ltr'>qui</span> <span class='ocrx_word' id='word_1_92' title='bbox 812 898 890 925; x_wconf 90' lang='lat' dir='ltr'>nos</span> <span class='ocrx_word' id='word_1_93' title='bbox 935 883 1294 927; x_wconf 84' lang='lat' dir='ltr'>obedientiae</span> <span class='ocrx_word' id='word_1_94' title='bbox 1336 884 1523 926; x_wconf 80' lang='lat' dir='ltr'>Sanctae</span> <span class='ocrx_word' id='word_1_95' title='bbox 1567 882 1755 925; x_wconf 81' lang='lat' dir='ltr'>filios5</span> <span class='ocrx_word' id='word_1_96' title='bbox 1799 882 1841 924; x_wconf 91' lang='lat' dir='ltr'>in</span> 
     </span>
     <span class='ocr_line' id='line_1_12' title="bbox 79 949 800 992; baseline -0.001 -1"><span class='ocrx_word' id='word_1_97' title='bbox 79 949 171 992; x_wconf 90' lang='lat' dir='ltr'>uita</span> <span class='ocrx_word' id='word_1_98' title='bbox 203 952 247 992; x_wconf 83' lang='lat' dir='ltr'>et</span> <span class='ocrx_word' id='word_1_99' title='bbox 278 951 419 991; x_wconf 90' lang='lat' dir='ltr'>morte</span> <span class='ocrx_word' id='word_1_100' title='bbox 451 962 545 990; x_wconf 89' lang='lat' dir='ltr'>esse</span> <span class='ocrx_word' id='word_1_101' title='bbox 578 949 800 991; x_wconf 90' lang='lat' dir='ltr'>concedat.</span> 
     </span>
    </p>

    <p class='ocr_par' dir='ltr' id='par_1_3' title="bbox 78 1012 1844 1977">
     <span class='ocr_line' id='line_1_13' title="bbox 198 1012 1844 1068; baseline -0.001 -12"><span class='ocrx_word' id='word_1_102' title='bbox 198 1014 333 1068; x_wconf 85' lang='lat' dir='ltr'>Spero</span> <span class='ocrx_word' id='word_1_103' title='bbox 375 1013 558 1066; x_wconf 89' lang='lat' dir='ltr'>denique</span> <span class='ocrx_word' id='word_1_104' title='bbox 598 1027 683 1055; x_wconf 92' lang='lat' dir='ltr'>non</span> <span class='ocrx_word' id='word_1_105' title='bbox 725 1013 899 1055; x_wconf 84' lang='lat' dir='ltr'>difficile</span> <span class='ocrx_word' id='word_1_106' title='bbox 940 1013 1034 1055; x_wconf 88' lang='lat' dir='ltr'>fore</span> <span class='ocrx_word' id='word_1_107' title='bbox 1076 1013 1358 1055; x_wconf 87' lang='lat' dir='ltr'>Reuerendae</span> <span class='ocrx_word' id='word_1_108' title='bbox 1400 1012 1663 1056; x_wconf 69' lang='lat' dir='ltr'>Pater-nitati</span> <span class='ocrx_word' id='word_1_109' title='bbox 1705 1013 1752 1055; x_wconf 89' lang='lat' dir='ltr'>T.</span> <span class='ocrx_word' id='word_1_110' title='bbox 1795 1015 1844 1055; x_wconf 90' lang='lat' dir='ltr'>ut</span> 
     </span>
     <span class='ocr_line' id='line_1_14' title="bbox 78 1077 1841 1132; baseline -0.001 -11"><span class='ocrx_word' id='word_1_111' title='bbox 78 1079 292 1122; x_wconf 85' lang='lat' dir='ltr'>rationem</span> <span class='ocrx_word' id='word_1_112' title='bbox 324 1078 480 1121; x_wconf 88' lang='lat' dir='ltr'>reddat</span> <span class='ocrx_word' id='word_1_113' title='bbox 511 1077 836 1120; x_wconf 83' lang='lat' dir='ltr'>sciscitantibus</span> <span class='ocrx_word' id='word_1_114' title='bbox 877 1078 929 1120; x_wconf 91' lang='lat' dir='ltr'>de</span> <span class='ocrx_word' id='word_1_115' title='bbox 961 1092 1140 1120; x_wconf 91' lang='lat' dir='ltr'>munere</span> <span class='ocrx_word' id='word_1_116' title='bbox 1171 1092 1293 1120; x_wconf 90' lang='lat' dir='ltr'>meae</span> <span class='ocrx_word' id='word_1_117' title='bbox 1326 1081 1555 1132; x_wconf 86' lang='lat' dir='ltr'>susceptae</span> <span class='ocrx_word' id='word_1_118' title='bbox 1596 1077 1841 1131; x_wconf 84' lang='lat' dir='ltr'>legationis.</span> 
     </span>
     <span class='ocr_line' id='line_1_15' title="bbox 80 1143 1843 1198; baseline -0.002 -11"><span class='ocrx_word' id='word_1_119' title='bbox 80 1143 314 1187; x_wconf 85' lang='lat' dir='ltr'>Conciliaui</span> <span class='ocrx_word' id='word_1_120' title='bbox 344 1143 625 1198; x_wconf 88' lang='lat' dir='ltr'>Apostolicae</span> <span class='ocrx_word' id='word_1_121' title='bbox 665 1143 756 1185; x_wconf 84' lang='lat' dir='ltr'>sedi</span> <span class='ocrx_word' id='word_1_122' title='bbox 798 1143 964 1185; x_wconf 90' lang='lat' dir='ltr'>animos</span> <span class='ocrx_word' id='word_1_123' title='bbox 1005 1144 1320 1194; x_wconf 88' lang='lat' dir='ltr'>Praelatorum,</span> <span class='ocrx_word' id='word_1_124' title='bbox 1362 1143 1619 1198; x_wconf 89' lang='lat' dir='ltr'>praesertim</span> <span class='ocrx_word' id='word_1_125' title='bbox 1662 1143 1843 1185; x_wconf 90' lang='lat' dir='ltr'>duorum</span> 
     </span>
     <span class='ocr_line' id='line_1_16' title="bbox 79 1207 1841 1263; baseline -0.001 -12"><span class='ocrx_word' id='word_1_126' title='bbox 79 1208 514 1263; x_wconf 87' lang='lat' dir='ltr'>Archiepiscoporum</span> <span class='ocrx_word' id='word_1_127' title='bbox 555 1207 801 1262; x_wconf 88' lang='lat' dir='ltr'>Moguntini</span> <span class='ocrx_word' id='word_1_128' title='bbox 843 1210 887 1250; x_wconf 89' lang='lat' dir='ltr'>et</span> <span class='ocrx_word' id='word_1_129' title='bbox 928 1208 1199 1250; x_wconf 87' lang='lat' dir='ltr'>Treuirensis</span> <span class='ocrx_word' id='word_1_130' title='bbox 1212 1210 1241 1259; x_wconf 64' lang='lat'>(⁵,</span> <span class='ocrx_word' id='word_1_131' title='bbox 1284 1222 1363 1250; x_wconf 91' lang='lat' dir='ltr'>nec</span> <span class='ocrx_word' id='word_1_132' title='bbox 1403 1223 1488 1250; x_wconf 91' lang='lat' dir='ltr'>non</span> <span class='ocrx_word' id='word_1_133' title='bbox 1530 1208 1841 1262; x_wconf 87' lang='lat' dir='ltr'>Episcoporum</span> 
     </span>
     <span class='ocr_line' id='line_1_17' title="bbox 82 1272 1844 1328; baseline -0.001 -12"><span class='ocrx_word' id='word_1_134' title='bbox 82 1273 408 1328; x_wconf 88' lang='lat' dir='ltr'>Herbipolensis</span> <span class='ocrx_word' id='word_1_135' title='bbox 455 1276 501 1316; x_wconf 91' lang='lat' dir='ltr'>et</span> <span class='ocrx_word' id='word_1_136' title='bbox 549 1272 899 1327; x_wconf 85' lang='lat' dir='ltr'>Osnaburgensis</span> <span class='ocrx_word' id='word_1_137' title='bbox 915 1274 943 1316; x_wconf 82' lang='lat'>7.</span> <span class='ocrx_word' id='word_1_138' title='bbox 1017 1273 1120 1315; x_wconf 86' lang='lat' dir='ltr'>Cum</span> <span class='ocrx_word' id='word_1_139' title='bbox 1168 1273 1265 1328; x_wconf 86' lang='lat' dir='ltr'>alijs</span> <span class='ocrx_word' id='word_1_140' title='bbox 1318 1273 1604 1326; x_wconf 78' lang='lat' dir='ltr'>quibusdam8</span> <span class='ocrx_word' id='word_1_141' title='bbox 1650 1272 1720 1326; x_wconf 89' lang='lat' dir='ltr'>egi</span> <span class='ocrx_word' id='word_1_142' title='bbox 1765 1285 1844 1327; x_wconf 87' lang='lat' dir='ltr'>per</span> 
     </span>
     <span class='ocr_line' id='line_1_18' title="bbox 80 1338 1842 1393; baseline -0.001 -12"><span class='ocrx_word' id='word_1_143' title='bbox 80 1339 231 1381; x_wconf 87' lang='lat' dir='ltr'>literas</span> <span class='ocrx_word' id='word_1_144' title='bbox 263 1339 316 1381; x_wconf 93' lang='lat' dir='ltr'>ob</span> <span class='ocrx_word' id='word_1_145' title='bbox 348 1338 494 1381; x_wconf 89' lang='lat' dir='ltr'>uarias</span> <span class='ocrx_word' id='word_1_146' title='bbox 526 1352 717 1380; x_wconf 89' lang='lat' dir='ltr'>caussas.</span> <span class='ocrx_word' id='word_1_147' title='bbox 781 1338 1087 1380; x_wconf 85' lang='lat' dir='ltr'>Commendaui</span> <span class='ocrx_word' id='word_1_148' title='bbox 1119 1342 1349 1393; x_wconf 89' lang='lat' dir='ltr'>praeterea</span> <span class='ocrx_word' id='word_1_149' title='bbox 1380 1338 1466 1380; x_wconf 89' lang='lat' dir='ltr'>illis</span> <span class='ocrx_word' id='word_1_150' title='bbox 1508 1338 1842 1392; x_wconf 87' lang='lat' dir='ltr'>publicationem</span> 
     </span>
     <span class='ocr_line' id='line_1_19' title="bbox 81 1402 1843 1457; baseline -0.002 -11"><span class='ocrx_word' id='word_1_151' title='bbox 81 1407 125 1447; x_wconf 87' lang='lat' dir='ltr'>et</span> <span class='ocrx_word' id='word_1_152' title='bbox 166 1403 464 1446; x_wconf 78' lang='lat' dir='ltr'>executionem</span> <span class='ocrx_word' id='word_1_153' title='bbox 497 1403 671 1457; x_wconf 86' lang='lat' dir='ltr'>Concilij</span> <span class='ocrx_word' id='word_1_154' title='bbox 705 1403 899 1446; x_wconf 87' lang='lat' dir='ltr'>Trident.</span> <span class='ocrx_word' id='word_1_155' title='bbox 964 1403 1174 1457; x_wconf 87' lang='lat' dir='ltr'>Proposui</span> <span class='ocrx_word' id='word_1_156' title='bbox 1216 1403 1407 1454; x_wconf 90' lang='lat' dir='ltr'>consilia,</span> <span class='ocrx_word' id='word_1_157' title='bbox 1450 1417 1560 1456; x_wconf 88' lang='lat' dir='ltr'>quae</span> <span class='ocrx_word' id='word_1_158' title='bbox 1598 1403 1653 1444; x_wconf 93' lang='lat' dir='ltr'>ad</span> <span class='ocrx_word' id='word_1_159' title='bbox 1685 1402 1843 1444; x_wconf 86' lang='lat' dir='ltr'>Catho-</span> 
     </span>
     <span class='ocr_line' id='line_1_20' title="bbox 79 1467 1844 1522; baseline -0.001 -12"><span class='ocrx_word' id='word_1_160' title='bbox 79 1468 207 1511; x_wconf 86' lang='lat' dir='ltr'>licam</span> <span class='ocrx_word' id='word_1_161' title='bbox 239 1469 508 1522; x_wconf 82' lang='lat' dir='ltr'>Religionem</span> <span class='ocrx_word' id='word_1_162' title='bbox 542 1468 882 1510; x_wconf 89' lang='lat' dir='ltr'>conseruandam</span> <span class='ocrx_word' id='word_1_163' title='bbox 916 1470 960 1510; x_wconf 90' lang='lat' dir='ltr'>et</span> <span class='ocrx_word' id='word_1_164' title='bbox 999 1468 1339 1522; x_wconf 89' lang='lat' dir='ltr'>promouendam</span> <span class='ocrx_word' id='word_1_165' title='bbox 1371 1482 1457 1510; x_wconf 91' lang='lat' dir='ltr'>non</span> <span class='ocrx_word' id='word_1_166' title='bbox 1497 1482 1650 1522; x_wconf 87' lang='lat' dir='ltr'>parum</span> <span class='ocrx_word' id='word_1_167' title='bbox 1681 1467 1844 1509; x_wconf 90' lang='lat' dir='ltr'>habent</span> 
     </span>
     <span class='ocr_line' id='line_1_21' title="bbox 81 1532 1841 1576; baseline -0.001 -1"><span class='ocrx_word' id='word_1_168' title='bbox 81 1534 288 1576; x_wconf 88' lang='lat' dir='ltr'>momenti</span> <span class='ocrx_word' id='word_1_169' title='bbox 328 1533 370 1575; x_wconf 92' lang='lat' dir='ltr'>in</span> <span class='ocrx_word' id='word_1_170' title='bbox 412 1534 492 1575; x_wconf 91' lang='lat' dir='ltr'>hoc</span> <span class='ocrx_word' id='word_1_171' title='bbox 536 1547 680 1575; x_wconf 88' lang='lat' dir='ltr'>rerum</span> <span class='ocrx_word' id='word_1_172' title='bbox 724 1533 1080 1576; x_wconf 84' lang='lat' dir='ltr'>Germanicarum</span> <span class='ocrx_word' id='word_1_173' title='bbox 1124 1535 1257 1576; x_wconf 90' lang='lat' dir='ltr'>statu.</span> <span class='ocrx_word' id='word_1_174' title='bbox 1319 1533 1396 1575; x_wconf 61' lang='grc' dir='ltr'>ε1111</span> <span class='ocrx_word' id='word_1_175' title='bbox 1439 1546 1543 1575; x_wconf 88' lang='lat' dir='ltr'>vero</span> <span class='ocrx_word' id='word_1_176' title='bbox 1587 1546 1672 1574; x_wconf 88' lang='lat' dir='ltr'>non</span> <span class='ocrx_word' id='word_1_177' title='bbox 1716 1532 1841 1574; x_wconf 88' lang='lat' dir='ltr'>modo</span> 
     </span>
     <span class='ocr_line' id='line_1_22' title="bbox 82 1596 1843 1653; baseline -0.001 -13"><span class='ocrx_word' id='word_1_178' title='bbox 82 1599 341 1650; x_wconf 86' lang='lat' dir='ltr'>humaniter,</span> <span class='ocrx_word' id='word_1_179' title='bbox 375 1599 451 1640; x_wconf 90' lang='lat' dir='ltr'>sed</span> <span class='ocrx_word' id='word_1_180' title='bbox 483 1598 615 1641; x_wconf 89' lang='lat' dir='ltr'>etiam</span> <span class='ocrx_word' id='word_1_181' title='bbox 647 1601 901 1641; x_wconf 88' lang='lat' dir='ltr'>reuerenter</span> <span class='ocrx_word' id='word_1_182' title='bbox 934 1602 1199 1653; x_wconf 78' lang='lat' dir='ltr'>exceperunt</span> <span class='ocrx_word' id='word_1_183' title='bbox 1231 1598 1386 1649; x_wconf 89' lang='lat' dir='ltr'>omnia,</span> <span class='ocrx_word' id='word_1_184' title='bbox 1420 1600 1465 1640; x_wconf 90' lang='lat' dir='ltr'>et</span> <span class='ocrx_word' id='word_1_185' title='bbox 1487 1598 1700 1640; x_wconf 86' lang='lat' dir='ltr'>occultam</span> <span class='ocrx_word' id='word_1_186' title='bbox 1732 1596 1843 1639; x_wconf 87' lang='lat' dir='ltr'>hanc</span> 
     </span>
     <span class='ocr_line' id='line_1_23' title="bbox 80 1662 1841 1718; baseline -0.002 -12"><span class='ocrx_word' id='word_1_187' title='bbox 80 1664 342 1718; x_wconf 86' lang='lat' dir='ltr'>legationem</span> <span class='ocrx_word' id='word_1_188' title='bbox 374 1663 558 1718; x_wconf 88' lang='lat' dir='ltr'>probare</span> <span class='ocrx_word' id='word_1_189' title='bbox 590 1663 673 1705; x_wconf 89' lang='lat' dir='ltr'>visi</span> <span class='ocrx_word' id='word_1_190' title='bbox 705 1666 819 1707; x_wconf 86' lang='lat' dir='ltr'>sunt.</span> <span class='ocrx_word' id='word_1_191' title='bbox 882 1663 982 1705; x_wconf 90' lang='lat' dir='ltr'>Non</span> <span class='ocrx_word' id='word_1_192' title='bbox 1015 1663 1204 1706; x_wconf 86' lang='lat' dir='ltr'>arbitror</span> <span class='ocrx_word' id='word_1_193' title='bbox 1236 1677 1342 1718; x_wconf 89' lang='lat' dir='ltr'>opus</span> <span class='ocrx_word' id='word_1_194' title='bbox 1375 1677 1483 1714; x_wconf 88' lang='lat' dir='ltr'>esse,</span> <span class='ocrx_word' id='word_1_195' title='bbox 1524 1666 1574 1705; x_wconf 87' lang='lat' dir='ltr'>vt</span> <span class='ocrx_word' id='word_1_196' title='bbox 1614 1662 1657 1703; x_wconf 94' lang='lat' dir='ltr'>in</span> <span class='ocrx_word' id='word_1_197' title='bbox 1690 1662 1841 1704; x_wconf 86' lang='lat' dir='ltr'>vrbem</span> 
     </span>
     <span class='ocr_line' id='line_1_24' title="bbox 82 1728 1840 1783; baseline -0.001 -13"><span class='ocrx_word' id='word_1_198' title='bbox 82 1729 301 1772; x_wconf 88' lang='lat' dir='ltr'>remittam</span> <span class='ocrx_word' id='word_1_199' title='bbox 345 1728 604 1783; x_wconf 88' lang='lat' dir='ltr'>diplomata,</span> <span class='ocrx_word' id='word_1_200' title='bbox 654 1742 783 1782; x_wconf 90' lang='lat' dir='ltr'>quae,</span> <span class='ocrx_word' id='word_1_201' title='bbox 829 1731 1000 1771; x_wconf 90' lang='lat' dir='ltr'>mortuo</span> <span class='ocrx_word' id='word_1_202' title='bbox 1042 1728 1127 1770; x_wconf 90' lang='lat' dir='ltr'>iam</span> <span class='ocrx_word' id='word_1_203' title='bbox 1168 1728 1377 1770; x_wconf 88' lang='lat' dir='ltr'>Pontifice</span> <span class='ocrx_word' id='word_1_204' title='bbox 1424 1728 1538 1782; x_wconf 89' lang='lat' dir='ltr'>apud</span> <span class='ocrx_word' id='word_1_205' title='bbox 1585 1741 1653 1769; x_wconf 93' lang='lat' dir='ltr'>me</span> <span class='ocrx_word' id='word_1_206' title='bbox 1700 1740 1840 1778; x_wconf 89' lang='lat' dir='ltr'>seruo,</span> 
     </span>
     <span class='ocr_line' id='line_1_25' title="bbox 79 1792 1842 1848; baseline -0.002 -12"><span class='ocrx_word' id='word_1_207' title='bbox 79 1793 288 1836; x_wconf 87' lang='lat' dir='ltr'>missurus</span> <span class='ocrx_word' id='word_1_208' title='bbox 321 1807 374 1836; x_wconf 86' lang='lat' dir='ltr'>ea</span> <span class='ocrx_word' id='word_1_209' title='bbox 405 1793 577 1847; x_wconf 89' lang='lat' dir='ltr'>quidem</span> <span class='ocrx_word' id='word_1_210' title='bbox 610 1793 653 1835; x_wconf 94' lang='lat' dir='ltr'>in</span> <span class='ocrx_word' id='word_1_211' title='bbox 685 1794 850 1843; x_wconf 86' lang='lat' dir='ltr'>vrbem,</span> <span class='ocrx_word' id='word_1_212' title='bbox 885 1793 1225 1847; x_wconf 88' lang='lat' dir='ltr'>quandocunque</span> <span class='ocrx_word' id='word_1_213' title='bbox 1257 1793 1318 1835; x_wconf 89' lang='lat' dir='ltr'>sic</span> <span class='ocrx_word' id='word_1_214' title='bbox 1351 1807 1458 1848; x_wconf 90' lang='lat' dir='ltr'>opus</span> <span class='ocrx_word' id='word_1_215' title='bbox 1489 1792 1719 1835; x_wconf 91' lang='lat' dir='ltr'>uidebitur.</span> <span class='ocrx_word' id='word_1_216' title='bbox 1777 1792 1842 1834; x_wconf 91' lang='lat' dir='ltr'>Ac</span> 
     </span>
     <span class='ocr_line' id='line_1_26' title="bbox 79 1857 1840 1913; baseline -0.001 -13"><span class='ocrx_word' id='word_1_217' title='bbox 79 1861 254 1913; x_wconf 89' lang='lat' dir='ltr'>praeter</span> <span class='ocrx_word' id='word_1_218' title='bbox 286 1858 523 1913; x_wconf 88' lang='lat' dir='ltr'>diplomata</span> <span class='ocrx_word' id='word_1_219' title='bbox 555 1860 657 1900; x_wconf 89' lang='lat' dir='ltr'>sunt</span> <span class='ocrx_word' id='word_1_220' title='bbox 688 1857 792 1900; x_wconf 92' lang='lat' dir='ltr'>mihi</span> <span class='ocrx_word' id='word_1_221' title='bbox 824 1858 1036 1911; x_wconf 88' lang='lat' dir='ltr'>quaedam</span> <span class='ocrx_word' id='word_1_222' title='bbox 1058 1859 1199 1900; x_wconf 90' lang='lat' dir='ltr'>adhuc</span> <span class='ocrx_word' id='word_1_223' title='bbox 1221 1857 1490 1913; x_wconf 80' lang='lat' dir='ltr'>exemplaria</span> <span class='ocrx_word' id='word_1_224' title='bbox 1511 1857 1797 1900; x_wconf 87' lang='lat' dir='ltr'>Conciliorum</span> <span class='ocrx_word' id='word_1_225' title='bbox 1811 1857 1840 1907; x_wconf 81' lang='grc'>9,</span> 
     </span>
     <span class='ocr_line' id='line_1_27' title="bbox 80 1921 1840 1977; baseline -0.001 -11"><span class='ocrx_word' id='word_1_226' title='bbox 80 1937 190 1977; x_wconf 89' lang='lat' dir='ltr'>quae</span> <span class='ocrx_word' id='word_1_227' title='bbox 220 1937 307 1966; x_wconf 91' lang='lat' dir='ltr'>non</span> <span class='ocrx_word' id='word_1_228' title='bbox 338 1926 471 1971; x_wconf 86' lang='lat' dir='ltr'>recte,</span> <span class='ocrx_word' id='word_1_229' title='bbox 513 1926 561 1965; x_wconf 93' lang='lat' dir='ltr'>ut</span> <span class='ocrx_word' id='word_1_230' title='bbox 594 1922 793 1973; x_wconf 83' lang='lat' dir='ltr'>arbitror,</span> <span class='ocrx_word' id='word_1_231' title='bbox 836 1923 1145 1966; x_wconf 84' lang='lat' dir='ltr'>exhiberentur</span> <span class='ocrx_word' id='word_1_232' title='bbox 1177 1923 1370 1967; x_wconf 84' lang='lat' dir='ltr'>defuncti</span> <span class='ocrx_word' id='word_1_233' title='bbox 1404 1922 1623 1965; x_wconf 86' lang='lat' dir='ltr'>Pontificis</span> <span class='ocrx_word' id='word_1_234' title='bbox 1655 1921 1840 1965; x_wconf 88' lang='lat' dir='ltr'>nomine.</span> 
     </span>
    </p>

    <p class='ocr_par' dir='ltr' id='par_1_4' title="bbox 28 1987 1841 2627">
     <span class='ocr_line' id='line_1_28' title="bbox 196 1987 1841 2043; baseline -0.001 -13"><span class='ocrx_word' id='word_1_235' title='bbox 196 1989 255 2031; x_wconf 83' lang='lat' dir='ltr'>Jn</span> <span class='ocrx_word' id='word_1_236' title='bbox 287 1988 368 2030; x_wconf 90' lang='lat' dir='ltr'>hac</span> <span class='ocrx_word' id='word_1_237' title='bbox 398 1987 751 2043; x_wconf 87' lang='lat' dir='ltr'>peregrinatione</span> <span class='ocrx_word' id='word_1_238' title='bbox 783 2002 877 2030; x_wconf 90' lang='lat' dir='ltr'>sum</span> <span class='ocrx_word' id='word_1_239' title='bbox 909 2002 1039 2043; x_wconf 88' lang='lat' dir='ltr'>saepe</span> <span class='ocrx_word' id='word_1_240' title='bbox 1070 1989 1224 2031; x_wconf 88' lang='lat' dir='ltr'>Latine</span> <span class='ocrx_word' id='word_1_241' title='bbox 1257 1989 1550 2039; x_wconf 90' lang='lat' dir='ltr'>concionatus,</span> <span class='ocrx_word' id='word_1_242' title='bbox 1586 2002 1635 2030; x_wconf 88' lang='lat' dir='ltr'>ac</span> <span class='ocrx_word' id='word_1_243' title='bbox 1668 1987 1841 2042; x_wconf 90' lang='lat' dir='ltr'>saepius</span> 
     </span>
     <span class='ocr_line' id='line_1_29' title="bbox 79 2052 1839 2106; baseline 0 -11"><span class='ocrx_word' id='word_1_244' title='bbox 79 2053 210 2096; x_wconf 88' lang='lat' dir='ltr'>etiam</span> <span class='ocrx_word' id='word_1_245' title='bbox 245 2053 512 2104; x_wconf 83' lang='lat' dir='ltr'>Germanice,</span> <span class='ocrx_word' id='word_1_246' title='bbox 544 2052 712 2106; x_wconf 86' lang='lat' dir='ltr'>hyemis</span> <span class='ocrx_word' id='word_1_247' title='bbox 745 2056 789 2095; x_wconf 90' lang='lat' dir='ltr'>et</span> <span class='ocrx_word' id='word_1_248' title='bbox 820 2053 987 2095; x_wconf 87' lang='lat' dir='ltr'>uiarum</span> <span class='ocrx_word' id='word_1_249' title='bbox 1021 2053 1292 2096; x_wconf 90' lang='lat' dir='ltr'>incommoda</span> <span class='ocrx_word' id='word_1_250' title='bbox 1323 2053 1445 2096; x_wconf 90' lang='lat' dir='ltr'>nobis</span> <span class='ocrx_word' id='word_1_251' title='bbox 1477 2068 1562 2095; x_wconf 92' lang='lat' dir='ltr'>non</span> <span class='ocrx_word' id='word_1_252' title='bbox 1596 2053 1839 2095; x_wconf 88' lang='lat' dir='ltr'>defuerunt.</span> 
     </span>
     <span class='ocr_line' id='line_1_30' title="bbox 28 2117 1839 2176; baseline -0.002 -15"><span class='ocrx_word' id='word_1_253' title='bbox 28 2174 30 2176; x_wconf 6' lang='lat' dir='ltr'>K</span> <span class='ocrx_word' id='word_1_254' title='bbox 80 2118 163 2161; x_wconf 84' lang='lat' dir='ltr'>Sed</span> <span class='ocrx_word' id='word_1_255' title='bbox 204 2132 230 2161; x_wconf 88' lang='lat' dir='ltr'>a</span> <span class='ocrx_word' id='word_1_256' title='bbox 270 2118 543 2172; x_wconf 88' lang='lat' dir='ltr'>grauioribus</span> <span class='ocrx_word' id='word_1_257' title='bbox 583 2117 785 2172; x_wconf 91' lang='lat' dir='ltr'>periculis</span> <span class='ocrx_word' id='word_1_258' title='bbox 825 2118 1028 2162; x_wconf 91' lang='lat' dir='ltr'>liberauit</span> <span class='ocrx_word' id='word_1_259' title='bbox 1068 2133 1147 2161; x_wconf 90' lang='lat' dir='ltr'>nos</span> <span class='ocrx_word' id='word_1_260' title='bbox 1189 2120 1327 2170; x_wconf 91' lang='lat' dir='ltr'>Deus,</span> <span class='ocrx_word' id='word_1_261' title='bbox 1372 2121 1416 2160; x_wconf 92' lang='lat' dir='ltr'>et</span> <span class='ocrx_word' id='word_1_262' title='bbox 1457 2118 1619 2160; x_wconf 88' lang='lat' dir='ltr'>amicos</span> <span class='ocrx_word' id='word_1_263' title='bbox 1660 2117 1839 2159; x_wconf 89' lang='lat' dir='ltr'>subinde</span> 
     </span>
     <span class='ocr_line' id='line_1_31' title="bbox 79 2183 1838 2238; baseline -0.001 -13"><span class='ocrx_word' id='word_1_264' title='bbox 79 2183 278 2226; x_wconf 88' lang='lat' dir='ltr'>fauentes</span> <span class='ocrx_word' id='word_1_265' title='bbox 319 2183 458 2234; x_wconf 85' lang='lat' dir='ltr'>dedit,</span> <span class='ocrx_word' id='word_1_266' title='bbox 501 2185 549 2225; x_wconf 93' lang='lat' dir='ltr'>ut</span> <span class='ocrx_word' id='word_1_267' title='bbox 590 2183 723 2225; x_wconf 88' lang='lat' dir='ltr'>etiam</span> <span class='ocrx_word' id='word_1_268' title='bbox 763 2183 938 2238; x_wconf 88' lang='lat' dir='ltr'>sectarij</span> <span class='ocrx_word' id='word_1_269' title='bbox 982 2198 1061 2226; x_wconf 90' lang='lat' dir='ltr'>nos</span> <span class='ocrx_word' id='word_1_270' title='bbox 1104 2199 1189 2226; x_wconf 93' lang='lat' dir='ltr'>non</span> <span class='ocrx_word' id='word_1_271' title='bbox 1240 2184 1458 2237; x_wconf 88' lang='lat' dir='ltr'>grauatim</span> <span class='ocrx_word' id='word_1_272' title='bbox 1501 2183 1701 2225; x_wconf 88' lang='lat' dir='ltr'>audirent</span> <span class='ocrx_word' id='word_1_273' title='bbox 1742 2196 1838 2223; x_wconf 91' lang='lat' dir='ltr'>cum</span> 
     </span>
     <span class='ocr_line' id='line_1_32' title="bbox 78 2247 1839 2292; baseline -0.002 -1"><span class='ocrx_word' id='word_1_274' title='bbox 78 2248 290 2291; x_wconf 89' lang='lat' dir='ltr'>rationem</span> <span class='ocrx_word' id='word_1_275' title='bbox 343 2248 443 2290; x_wconf 89' lang='lat' dir='ltr'>fidei</span> <span class='ocrx_word' id='word_1_276' title='bbox 493 2247 741 2290; x_wconf 84' lang='lat' dir='ltr'>Catholicae</span> <span class='ocrx_word' id='word_1_277' title='bbox 791 2248 1070 2291; x_wconf 91' lang='lat' dir='ltr'>redderemus</span> <span class='ocrx_word' id='word_1_278' title='bbox 1086 2249 1133 2292; x_wconf 85' lang='lat'>10.</span> <span class='ocrx_word' id='word_1_279' title='bbox 1196 2249 1303 2292; x_wconf 91' lang='lat' dir='ltr'>Peto</span> <span class='ocrx_word' id='word_1_280' title='bbox 1357 2248 1529 2291; x_wconf 90' lang='lat' dir='ltr'>interim</span> <span class='ocrx_word' id='word_1_281' title='bbox 1590 2247 1761 2289; x_wconf 89' lang='lat' dir='ltr'>ueniam</span> <span class='ocrx_word' id='word_1_282' title='bbox 1813 2260 1839 2288; x_wconf 88' lang='lat' dir='ltr'>a</span> 
     </span>
     <span class='ocr_line' id='line_1_33' title="bbox 79 2310 1839 2367; baseline -0.002 -11"><span class='ocrx_word' id='word_1_283' title='bbox 79 2313 255 2356; x_wconf 84' lang='lat' dir='ltr'>Summa</span> <span class='ocrx_word' id='word_1_284' title='bbox 292 2310 530 2366; x_wconf 87' lang='lat' dir='ltr'>bonita[te]</span> <span class='ocrx_word' id='word_1_285' title='bbox 566 2314 609 2354; x_wconf 92' lang='lat' dir='ltr'>et</span> <span class='ocrx_word' id='word_1_286' title='bbox 640 2312 914 2357; x_wconf 89' lang='lat' dir='ltr'>Paternitate</span> <span class='ocrx_word' id='word_1_287' title='bbox 954 2316 1044 2364; x_wconf 87' lang='lat' dir='ltr'>tua,</span> <span class='ocrx_word' id='word_1_288' title='bbox 1088 2313 1229 2367; x_wconf 80' lang='lat' dir='ltr'>quodb</span> <span class='ocrx_word' id='word_1_289' title='bbox 1261 2314 1370 2356; x_wconf 89' lang='lat' dir='ltr'>bene</span> <span class='ocrx_word' id='word_1_290' title='bbox 1403 2313 1620 2367; x_wconf 85' lang='lat' dir='ltr'>gerendae</span> <span class='ocrx_word' id='word_1_291' title='bbox 1660 2312 1722 2353; x_wconf 92' lang='lat' dir='ltr'>rei</span> <span class='ocrx_word' id='word_1_292' title='bbox 1768 2325 1839 2353; x_wconf 90' lang='lat' dir='ltr'>oc-</span> 
     </span>
     <span class='ocr_line' id='line_1_34' title="bbox 79 2376 1838 2433; baseline -0.002 -13"><span class='ocrx_word' id='word_1_293' title='bbox 79 2377 293 2420; x_wconf 89' lang='lat' dir='ltr'>casionem</span> <span class='ocrx_word' id='word_1_294' title='bbox 327 2392 409 2420; x_wconf 92' lang='lat' dir='ltr'>non</span> <span class='ocrx_word' id='word_1_295' title='bbox 445 2376 693 2430; x_wconf 88' lang='lat' dir='ltr'>diligentius</span> <span class='ocrx_word' id='word_1_296' title='bbox 725 2377 982 2430; x_wconf 87' lang='lat' dir='ltr'>quaesierim</span> <span class='ocrx_word' id='word_1_297' title='bbox 1015 2381 1059 2421; x_wconf 91' lang='lat' dir='ltr'>et</span> <span class='ocrx_word' id='word_1_298' title='bbox 1098 2381 1372 2433; x_wconf 88' lang='lat' dir='ltr'>praesentem</span> <span class='ocrx_word' id='word_1_299' title='bbox 1410 2392 1495 2420; x_wconf 93' lang='lat' dir='ltr'>non</span> <span class='ocrx_word' id='word_1_300' title='bbox 1536 2376 1730 2419; x_wconf 86' lang='lat' dir='ltr'>foelicius</span> <span class='ocrx_word' id='word_1_301' title='bbox 1763 2376 1838 2417; x_wconf 94' lang='lat' dir='ltr'>ob-</span> 
     </span>
     <span class='ocr_line' id='line_1_35' title="bbox 78 2440 1837 2498; baseline -0.001 -14"><span class='ocrx_word' id='word_1_302' title='bbox 78 2443 357 2493; x_wconf 89' lang='lat' dir='ltr'>seruauerim,</span> <span class='ocrx_word' id='word_1_303' title='bbox 391 2455 530 2495; x_wconf 89' lang='lat' dir='ltr'>neque</span> <span class='ocrx_word' id='word_1_304' title='bbox 552 2442 623 2483; x_wconf 88' lang='lat' dir='ltr'>vel</span> <span class='ocrx_word' id='word_1_305' title='bbox 653 2442 770 2493; x_wconf 91' lang='lat' dir='ltr'>mihi,</span> <span class='ocrx_word' id='word_1_306' title='bbox 805 2443 874 2485; x_wconf 93' lang='lat' dir='ltr'>vel</span> <span class='ocrx_word' id='word_1_307' title='bbox 906 2443 1016 2498; x_wconf 87' lang='lat' dir='ltr'>alijs,</span> <span class='ocrx_word' id='word_1_308' title='bbox 1050 2446 1099 2486; x_wconf 92' lang='lat' dir='ltr'>ut</span> <span class='ocrx_word' id='word_1_309' title='bbox 1130 2458 1209 2497; x_wconf 90' lang='lat' dir='ltr'>par</span> <span class='ocrx_word' id='word_1_310' title='bbox 1241 2446 1349 2493; x_wconf 86' lang='lat' dir='ltr'>erat,</span> <span class='ocrx_word' id='word_1_311' title='bbox 1382 2440 1708 2496; x_wconf 85' lang='lat' dir='ltr'>inseru[i]erim,</span> <span class='ocrx_word' id='word_1_312' title='bbox 1743 2454 1837 2482; x_wconf 85' lang='lat' dir='ltr'>curn</span> 
     </span>
     <span class='ocr_line' id='line_1_36' title="bbox 78 2505 1834 2562; baseline -0.002 -13"><span class='ocrx_word' id='word_1_313' title='bbox 78 2507 120 2549; x_wconf 92' lang='lat' dir='ltr'>in</span> <span class='ocrx_word' id='word_1_314' title='bbox 152 2508 232 2550; x_wconf 89' lang='lat' dir='ltr'>hoc</span> <span class='ocrx_word' id='word_1_315' title='bbox 264 2506 569 2562; x_wconf 88' lang='lat' dir='ltr'>peregrinandi</span> <span class='ocrx_word' id='word_1_316' title='bbox 600 2519 760 2559; x_wconf 89' lang='lat' dir='ltr'>genere</span> <span class='ocrx_word' id='word_1_317' title='bbox 792 2507 873 2549; x_wconf 89' lang='lat' dir='ltr'>sim</span> <span class='ocrx_word' id='word_1_318' title='bbox 904 2507 1115 2550; x_wconf 90' lang='lat' dir='ltr'>hactenus</span> <span class='ocrx_word' id='word_1_319' title='bbox 1155 2508 1260 2549; x_wconf 88' lang='lat' dir='ltr'>nihil</span> <span class='ocrx_word' id='word_1_320' title='bbox 1291 2510 1507 2550; x_wconf 80' lang='lat' dir='ltr'>versatus,</span> <span class='ocrx_word' id='word_1_321' title='bbox 1550 2505 1834 2556; x_wconf 85' lang='lat' dir='ltr'>Quamobrem</span> 
     </span>
     <span class='ocr_line' id='line_1_37' title="bbox 77 2570 1837 2627; baseline -0.001 -13"><span class='ocrx_word' id='word_1_322' title='bbox 77 2572 263 2615; x_wconf 87' lang='lat' dir='ltr'>libenter</span> <span class='ocrx_word' id='word_1_323' title='bbox 284 2572 535 2627; x_wconf 87' lang='lat' dir='ltr'>amplectar,</span> <span class='ocrx_word' id='word_1_324' title='bbox 570 2585 868 2625; x_wconf 87' lang='lat' dir='ltr'>quamcunque</span> <span class='ocrx_word' id='word_1_325' title='bbox 890 2573 993 2614; x_wconf 90' lang='lat' dir='ltr'>mihi</span> <span class='ocrx_word' id='word_1_326' title='bbox 1014 2572 1328 2627; x_wconf 84' lang='lat' dir='ltr'>paenitentiam</span> <span class='ocrx_word' id='word_1_327' title='bbox 1351 2572 1558 2625; x_wconf 88' lang='lat' dir='ltr'>adiunget</span> <span class='ocrx_word' id='word_1_328' title='bbox 1581 2570 1837 2613; x_wconf 86' lang='lat' dir='ltr'>Reuerenda</span> 
     </span>
    </p>
   </div>
   <div class='ocr_carea' id='block_1_3' title="bbox 198 2651 1699 2685">
    <p class='ocr_par' dir='ltr' id='par_1_5' title="bbox 198 2651 1699 2685">
     <span class='ocr_line' id='line_1_38' title="bbox 198 2651 1699 2685; baseline -0.001 -8"><span class='ocrx_word' id='word_1_329' title='bbox 198 2654 224 2683; x_wconf 79' lang='lat' dir='ltr'>a)</span> <span class='ocrx_word' id='word_1_330' title='bbox 246 2654 280 2677; x_wconf 78' lang='lat' dir='ltr'>In</span> <span class='ocrx_word' id='word_1_331' title='bbox 301 2654 379 2678; x_wconf 74' lang='lat' dir='ltr'>arch.</span> <span class='ocrx_word' id='word_1_332' title='bbox 400 2660 474 2677; x_wconf 68' lang='lat' dir='ltr'>corr.</span> <span class='ocrx_word' id='word_1_333' title='bbox 495 2660 530 2677; x_wconf 65' lang='lat' dir='ltr'>ex</span> <span class='ocrx_word' id='word_1_334' title='bbox 550 2651 686 2685; x_wconf 79' lang='lat' dir='ltr'>possent.</span> <span class='ocrx_word' id='word_1_335' title='bbox 768 2651 798 2685; x_wconf 86' lang='lat' dir='ltr'>b)</span> <span class='ocrx_word' id='word_1_336' title='bbox 820 2654 854 2677; x_wconf 73' lang='grc' dir='ltr'>Ιιι</span> <span class='ocrx_word' id='word_1_337' title='bbox 874 2653 954 2678; x_wconf 73' lang='lat' dir='ltr'>arch.</span> <span class='ocrx_word' id='word_1_338' title='bbox 974 2653 1107 2685; x_wconf 64' lang='lat' dir='ltr'>sequitur</span> <span class='ocrx_word' id='word_1_339' title='bbox 1126 2652 1255 2678; x_wconf 84' lang='lat' dir='ltr'>multum</span> <span class='ocrx_word' id='word_1_340' title='bbox 1278 2654 1318 2677; x_wconf 68' lang='lat' dir='ltr'>rel</span> <span class='ocrx_word' id='word_1_341' title='bbox 1338 2652 1473 2684; x_wconf 80' lang='lat' dir='ltr'>multam,</span> <span class='ocrx_word' id='word_1_342' title='bbox 1494 2653 1699 2677; x_wconf 64' lang='lat' dir='ltr'>oblittermnm.</span> 
     </span>
    </p>
   </div>
   <div class='ocr_carea' id='block_1_4' title="bbox 201 2712 394 2717">
    <p class='ocr_par' dir='ltr' id='par_1_6' title="bbox 201 2712 394 2717">
     <span class='ocr_line' id='line_1_39' title="bbox 201 2712 394 2717; baseline 0 0"><span class='ocrx_word' id='word_1_343' title='bbox 201 2712 394 2717; x_wconf 95' lang='lat' dir='ltr'> </span> 
     </span>
    </p>
   </div>
   <div class='ocr_carea' id='block_1_5' title="bbox 81 2745 1835 3214">
    <p class='ocr_par' dir='ltr' id='par_1_7' title="bbox 200 2745 1318 2790">
     <span class='ocr_line' id='line_1_40' title="bbox 200 2745 1318 2790; baseline 0.001 -11"><span class='ocrx_word' id='word_1_344' title='bbox 200 2747 209 2766; x_wconf 89' lang='lat'>¹</span> <span class='ocrx_word' id='word_1_345' title='bbox 236 2747 274 2781; x_wconf 89' lang='grc' dir='ltr'>Ρ.</span> <span class='ocrx_word' id='word_1_346' title='bbox 302 2746 514 2781; x_wconf 82' lang='lat' dir='ltr'>Lambertus</span> <span class='ocrx_word' id='word_1_347' title='bbox 541 2747 636 2780; x_wconf 82' lang='lat' dir='ltr'>Auer</span> <span class='ocrx_word' id='word_1_348' title='bbox 663 2746 696 2779; x_wconf 80' lang='lat' dir='ltr'>S.</span> <span class='ocrx_word' id='word_1_349' title='bbox 724 2746 768 2785; x_wconf 87' lang='lat' dir='ltr'>J.‚</span> <span class='ocrx_word' id='word_1_350' title='bbox 795 2745 937 2790; x_wconf 87' lang='lat' dir='ltr'>collegii</span> <span class='ocrx_word' id='word_1_351' title='bbox 963 2747 1163 2789; x_wconf 85' lang='lat' dir='ltr'>moguntini</span> <span class='ocrx_word' id='word_1_352' title='bbox 1190 2749 1318 2780; x_wconf 83' lang='lat' dir='ltr'>rector.</span> 
     </span>
    </p>

    <p class='ocr_par' dir='ltr' id='par_1_8' title="bbox 197 2798 1557 2841">
     <span class='ocr_line' id='line_1_41' title="bbox 197 2798 1557 2841; baseline -0.001 -8"><span class='ocrx_word' id='word_1_353' title='bbox 197 2799 210 2820; x_wconf 76' lang='lat'><strong>²</strong></span> <span class='ocrx_word' id='word_1_354' title='bbox 235 2799 289 2833; x_wconf 81' lang='lat' dir='ltr'>Mt</span> <span class='ocrx_word' id='word_1_355' title='bbox 314 2800 346 2840; x_wconf 86' lang='lat'>9,</span> <span class='ocrx_word' id='word_1_356' title='bbox 373 2799 428 2834; x_wconf 77' lang='lat'>38.</span> <span class='ocrx_word' id='word_1_357' title='bbox 479 2799 528 2833; x_wconf 90' lang='lat' dir='ltr'>Lc</span> <span class='ocrx_word' id='word_1_358' title='bbox 556 2799 609 2839; x_wconf 84' lang='lat'>10,</span> <span class='ocrx_word' id='word_1_359' title='bbox 636 2798 668 2832; x_wconf 80' lang='grc'>2.</span> <span class='ocrx_word' id='word_1_360' title='bbox 719 2798 771 2832; x_wconf 84' lang='lat' dir='ltr'>De</span> <span class='ocrx_word' id='word_1_361' title='bbox 798 2799 962 2833; x_wconf 86' lang='lat' dir='ltr'>versione</span> <span class='ocrx_word' id='word_1_362' title='bbox 993 2800 1201 2841; x_wconf 78' lang='lat' dir='ltr'>„extrudat“</span> <span class='ocrx_word' id='word_1_363' title='bbox 1232 2800 1277 2833; x_wconf 81' lang='lat' dir='ltr'>cf.</span> <span class='ocrx_word' id='word_1_364' title='bbox 1308 2800 1394 2832; x_wconf 72' lang='lat' dir='ltr'>Can.</span> <span class='ocrx_word' id='word_1_365' title='bbox 1422 2798 1435 2831; x_wconf 91' lang='lat' dir='ltr'>l</span> <span class='ocrx_word' id='word_1_366' title='bbox 1463 2799 1557 2832; x_wconf 71' lang='lat'>304⁵.</span> 
     </span>
    </p>

    <p class='ocr_par' dir='ltr' id='par_1_9' title="bbox 199 2851 1028 2893">
     <span class='ocr_line' id='line_1_42' title="bbox 199 2851 1028 2893; baseline 0 -7"><span class='ocrx_word' id='word_1_367' title='bbox 199 2854 211 2872; x_wconf 64' lang='lat'><em>⁵</em></span> <span class='ocrx_word' id='word_1_368' title='bbox 235 2852 289 2886; x_wconf 80' lang='lat' dir='ltr'>Mt</span> <span class='ocrx_word' id='word_1_369' title='bbox 317 2853 370 2893; x_wconf 84' lang='lat'>13,</span> <span class='ocrx_word' id='word_1_370' title='bbox 397 2853 453 2887; x_wconf 85' lang='lat'>23.</span> <span class='ocrx_word' id='word_1_371' title='bbox 504 2852 553 2886; x_wconf 89' lang='lat' dir='ltr'>Lc</span> <span class='ocrx_word' id='word_1_372' title='bbox 579 2852 610 2892; x_wconf 80' lang='lat'>8,</span> <span class='ocrx_word' id='word_1_373' title='bbox 641 2852 694 2885; x_wconf 82' lang='lat'>15.</span> <span class='ocrx_word' id='word_1_374' title='bbox 744 2851 781 2885; x_wconf 90' lang='lat' dir='ltr'>Io</span> <span class='ocrx_word' id='word_1_375' title='bbox 810 2853 863 2890; x_wconf 79' lang='lat'>15.</span> <span class='ocrx_word' id='word_1_376' title='bbox 894 2853 935 2886; x_wconf 92' lang='grc'>16</span> <span class='ocrx_word' id='word_1_377' title='bbox 963 2856 1028 2886; x_wconf 79' lang='lat' dir='ltr'>etc.</span> 
     </span>
    </p>

    <p class='ocr_par' dir='ltr' id='par_1_10' title="bbox 197 2904 1511 2946">
     <span class='ocr_line' id='line_1_43' title="bbox 197 2904 1511 2946; baseline -0.001 -8"><span class='ocrx_word' id='word_1_378' title='bbox 197 2907 209 2925; x_wconf 79' lang='lat'>⁴</span> <span class='ocrx_word' id='word_1_379' title='bbox 236 2906 306 2939; x_wconf 86' lang='lat' dir='ltr'>Act</span> <span class='ocrx_word' id='word_1_380' title='bbox 330 2906 386 2946; x_wconf 84' lang='lat'>21,</span> <span class='ocrx_word' id='word_1_381' title='bbox 414 2906 468 2940; x_wconf 87' lang='lat'>14.</span> <span class='ocrx_word' id='word_1_382' title='bbox 520 2904 574 2939; x_wconf 81' lang='lat' dir='ltr'>Cf.</span> <span class='ocrx_word' id='word_1_383' title='bbox 600 2904 655 2938; x_wconf 79' lang='lat' dir='ltr'>Mt</span> <span class='ocrx_word' id='word_1_384' title='bbox 681 2905 712 2945; x_wconf 78' lang='lat'>6,</span> <span class='ocrx_word' id='word_1_385' title='bbox 742 2905 803 2944; x_wconf 85' lang='lat'>10;</span> <span class='ocrx_word' id='word_1_386' title='bbox 831 2905 887 2945; x_wconf 77' lang='lat'>26,</span> <span class='ocrx_word' id='word_1_387' title='bbox 913 2905 959 2939; x_wconf 82' lang='lat'>42</span> <span class='ocrx_word' id='word_1_388' title='bbox 987 2907 1053 2938; x_wconf 83' lang='lat' dir='ltr'>etc.</span> <span class='ocrx_word' id='word_1_389' title='bbox 1200 2905 1213 2924; x_wconf 80' lang='lat'>⁵</span> <span class='ocrx_word' id='word_1_390' title='bbox 1242 2905 1257 2938; x_wconf 90' lang='lat'>1</span> <span class='ocrx_word' id='word_1_391' title='bbox 1287 2905 1371 2938; x_wconf 76' lang='lat' dir='ltr'>l&#39;etr</span> <span class='ocrx_word' id='word_1_392' title='bbox 1400 2905 1429 2945; x_wconf 91' lang='lat'>1,</span> <span class='ocrx_word' id='word_1_393' title='bbox 1459 2905 1511 2938; x_wconf 76' lang='lat'>14.</span> 
     </span>
    </p>

    <p class='ocr_par' dir='ltr' id='par_1_11' title="bbox 198 2957 1145 3002">
     <span class='ocr_line' id='line_1_44' title="bbox 198 2957 1145 3002; baseline -0.001 -10"><span class='ocrx_word' id='word_1_394' title='bbox 198 2959 210 2978; x_wconf 84' lang='lat'><strong><em>⁶</em></strong></span> <span class='ocrx_word' id='word_1_395' title='bbox 236 2958 396 2992; x_wconf 88' lang='lat' dir='ltr'>Danielis</span> <span class='ocrx_word' id='word_1_396' title='bbox 422 2957 573 2992; x_wconf 85' lang='lat' dir='ltr'>Brendel</span> <span class='ocrx_word' id='word_1_397' title='bbox 601 2959 637 2991; x_wconf 88' lang='lat' dir='ltr'>et</span> <span class='ocrx_word' id='word_1_398' title='bbox 663 2957 805 2991; x_wconf 86' lang='lat' dir='ltr'>loannis</span> <span class='ocrx_word' id='word_1_399' title='bbox 831 2969 900 2991; x_wconf 91' lang='lat' dir='ltr'>von</span> <span class='ocrx_word' id='word_1_400' title='bbox 927 2958 989 2991; x_wconf 90' lang='lat' dir='ltr'>der</span> <span class='ocrx_word' id='word_1_401' title='bbox 1016 2958 1145 3002; x_wconf 85' lang='lat' dir='ltr'>Leyen.</span> 
     </span>
    </p>

    <p class='ocr_par' dir='ltr' id='par_1_12' title="bbox 199 3010 1109 3055">
     <span class='ocr_line' id='line_1_45' title="bbox 199 3010 1109 3055; baseline -0.001 -10"><span class='ocrx_word' id='word_1_402' title='bbox 199 3012 210 3031; x_wconf 72' lang='lat'><strong>⁷</strong></span> <span class='ocrx_word' id='word_1_403' title='bbox 237 3011 407 3045; x_wconf 82' lang='lat' dir='ltr'>Friderici</span> <span class='ocrx_word' id='word_1_404' title='bbox 433 3022 454 3045; x_wconf 88' lang='lat' dir='ltr'>a</span> <span class='ocrx_word' id='word_1_405' title='bbox 480 3010 668 3053; x_wconf 53' lang='lat' dir='ltr'>XVirsberg</span> <span class='ocrx_word' id='word_1_406' title='bbox 695 3012 731 3043; x_wconf 89' lang='lat' dir='ltr'>et</span> <span class='ocrx_word' id='word_1_407' title='bbox 757 3010 898 3044; x_wconf 83' lang='lat' dir='ltr'>Ioannis</span> <span class='ocrx_word' id='word_1_408' title='bbox 924 3011 968 3044; x_wconf 90' lang='lat' dir='ltr'>ab</span> <span class='ocrx_word' id='word_1_409' title='bbox 995 3010 1109 3055; x_wconf 75' lang='lat' dir='ltr'>Hoya.</span> 
     </span>
    </p>

    <p class='ocr_par' dir='ltr' id='par_1_13' title="bbox 199 3063 1544 3108">
     <span class='ocr_line' id='line_1_46' title="bbox 199 3063 1544 3108; baseline 0 -11"><span class='ocrx_word' id='word_1_410' title='bbox 199 3064 210 3083; x_wconf 64' lang='lat'>³</span> <span class='ocrx_word' id='word_1_411' title='bbox 237 3064 288 3098; x_wconf 93' lang='lat' dir='ltr'>De</span> <span class='ocrx_word' id='word_1_412' title='bbox 314 3063 370 3098; x_wconf 89' lang='lat' dir='ltr'>his</span> <span class='ocrx_word' id='word_1_413' title='bbox 396 3064 478 3098; x_wconf 87' lang='lat' dir='ltr'>vide</span> <span class='ocrx_word' id='word_1_414' title='bbox 504 3075 612 3108; x_wconf 87' lang='lat' dir='ltr'>supra</span> <span class='ocrx_word' id='word_1_415' title='bbox 638 3075 670 3107; x_wconf 88' lang='lat' dir='ltr'>p.</span> <span class='ocrx_word' id='word_1_416' title='bbox 692 3063 877 3097; x_wconf 71' lang='lat'>148-153</span> <span class='ocrx_word' id='word_1_417' title='bbox 904 3065 939 3096; x_wconf 86' lang='lat' dir='ltr'>et</span> <span class='ocrx_word' id='word_1_418' title='bbox 964 3063 1058 3096; x_wconf 85' lang='lat' dir='ltr'>infra</span> <span class='ocrx_word' id='word_1_419' title='bbox 1084 3074 1237 3097; x_wconf 85' lang='lat' dir='ltr'>monum.</span> <span class='ocrx_word' id='word_1_420' title='bbox 1265 3075 1376 3107; x_wconf 83' lang='lat' dir='ltr'>germ.</span> <span class='ocrx_word' id='word_1_421' title='bbox 1403 3063 1425 3097; x_wconf 92' lang='lat' dir='ltr'>l.</span> <span class='ocrx_word' id='word_1_422' title='bbox 1455 3063 1544 3107; x_wconf 76' lang='lat'>(34).</span> 
     </span>
    </p>

    <p class='ocr_par' dir='ltr' id='par_1_14' title="bbox 81 3115 1835 3214">
     <span class='ocr_line' id='line_1_47' title="bbox 199 3115 1835 3160; baseline -0.001 -9"><span class='ocrx_word' id='word_1_423' title='bbox 199 3118 211 3137; x_wconf 76' lang='lat'><strong>⁰</strong></span> <span class='ocrx_word' id='word_1_424' title='bbox 237 3116 421 3151; x_wconf 80' lang='lat' dir='ltr'>Editiones</span> <span class='ocrx_word' id='word_1_425' title='bbox 455 3128 621 3151; x_wconf 83' lang='lat' dir='ltr'>romanae</span> <span class='ocrx_word' id='word_1_426' title='bbox 657 3127 791 3160; x_wconf 80' lang='lat' dir='ltr'>eaeque</span> <span class='ocrx_word' id='word_1_427' title='bbox 824 3115 1052 3150; x_wconf 82' lang='lat' dir='ltr'>authenticae</span> <span class='ocrx_word' id='word_1_428' title='bbox 1088 3117 1310 3150; x_wconf 80' lang='lat' dir='ltr'>decretorum</span> <span class='ocrx_word' id='word_1_429' title='bbox 1347 3117 1485 3151; x_wconf 86' lang='lat' dir='ltr'>concilii</span> <span class='ocrx_word' id='word_1_430' title='bbox 1512 3117 1714 3157; x_wconf 81' lang='lat' dir='ltr'>tridentini;</span> <span class='ocrx_word' id='word_1_431' title='bbox 1753 3116 1835 3151; x_wconf 86' lang='lat' dir='ltr'>vide</span> 
     </span>
     <span class='ocr_line' id='line_1_48' title="bbox 81 3169 1345 3214; baseline 0.001 -12"><span class='ocrx_word' id='word_1_432' title='bbox 81 3179 188 3213; x_wconf 84' lang='lat' dir='ltr'>supra</span> <span class='ocrx_word' id='word_1_433' title='bbox 213 3181 247 3214; x_wconf 83' lang='lat' dir='ltr'>p.</span> <span class='ocrx_word' id='word_1_434' title='bbox 268 3170 345 3205; x_wconf 79' lang='lat'>150.</span> <span class='ocrx_word' id='word_1_435' title='bbox 501 3170 527 3190; x_wconf 81' lang='lat'>¹0</span> <span class='ocrx_word' id='word_1_436' title='bbox 553 3170 607 3204; x_wconf 83' lang='lat' dir='ltr'>Cf.</span> <span class='ocrx_word' id='word_1_437' title='bbox 635 3169 728 3203; x_wconf 84' lang='lat' dir='ltr'>infra</span> <span class='ocrx_word' id='word_1_438' title='bbox 754 3181 907 3203; x_wconf 85' lang='lat' dir='ltr'>monum.</span> <span class='ocrx_word' id='word_1_439' title='bbox 936 3181 1046 3211; x_wconf 80' lang='lat' dir='ltr'>germ.</span> <span class='ocrx_word' id='word_1_440' title='bbox 1073 3169 1094 3203; x_wconf 93' lang='lat' dir='ltr'>l.</span> <span class='ocrx_word' id='word_1_441' title='bbox 1125 3169 1249 3213; x_wconf 84' lang='lat'>(16)—</span> <span class='ocrx_word' id='word_1_442' title='bbox 1272 3169 1345 3213; x_wconf 74' lang='lat'>35).</span> 
     </span>
    </p>
   </div>
  </div>
 </body>
</html>
