2045 3471
667 178 811 221 Dilinga
839 177 893 211 17.
912 175 1045 222 Aprilis
1073 175 1174 210 1567.
1715 172 1799 213 433

43 301 169 355 pleno
203 312 414 340 consensu
448 297 635 352 Capituli
677 296 870 338 eiusdem
902 294 1125 336 Ecclesiae
1158 292 1441 342 Cathedralis,
1487 295 1530 334 et
1571 304 1649 332 nec
1680 289 1800 331 illum

43 364 214 418 quidem
246 376 502 404 consensum
535 376 660 408 nunc,
693 363 742 403 ut
774 362 875 402 ante
899 359 1000 409 dixi,
1036 356 1240 410 consequi
1271 370 1512 411 possumus.
1568 356 1801 397 Praeterea

42 429 117 471 uix
148 428 229 470 1100
262 441 373 469 311110
407 427 656 468 absoluetur
688 425 855 467 fabrica
877 423 1068 477 Collegij‚
1104 435 1231 475 quam
1265 435 1345 474 ego
1378 424 1525 463 tamen
1558 419 1801 462 absolutam

43 494 198 535 uellem
232 495 333 534 ante
364 494 611 533 nostrorum
645 492 891 539 aduentum,
925 502 1031 542 quos
1063 501 1148 528 non
1181 486 1408 527 suaderem
1441 485 1556 534 alibi,
1599 497 1728 537 quam
1760 481 1802 523 in

43 557 233 611 Collegio
274 556 435 607 uiuere,
478 556 647 598 etiamsi
691 556 807 597 solus
847 554 1031 608 primum
1073 551 1301 593 accederet
1334 549 1633 599 Concionator,
1677 561 1802 601 quem

44 621 443 665 Reuerendissimus
474 621 517 661 in
541 621 652 662 Aula
686 634 763 662 sua
796 621 973 673 cuperet
1005 615 1195 669 alioquin
1227 615 1282 657 ad
1313 617 1484 668 tempus
1518 613 1743 655 demorari.

163 687 280 736 Quae
322 685 464 728 omnia
504 685 608 727 mihi
649 685 870 738 negotium
915 683 995 725 hoc
1036 680 1176 734 magis
1218 679 1473 734 perplexum
1515 678 1713 727 reddunt,
1756 679 1804 718 ut

45 752 280 794 consultius
312 751 406 793 fore
438 753 599 804 putem,
632 764 717 791 non
749 749 874 790 modo
902 748 948 790 P.
968 745 1235 795 Visitatoris,
1268 758 1417 786 uerum
1452 743 1585 785 etiam
1607 741 1805 784 Paterni-

43 817 150 860 tatis
190 820 292 859 tuae
332 829 588 869 responsum
630 829 655 856 a
695 828 763 856 me
808 812 1052 867 expectari,
1100 810 1349 865 priusquam
1396 808 1502 850 certi
1548 806 1709 860 aliquid
1750 806 1804 847 ad

44 881 466 924 Reuerendissimum
508 883 585 922 aut
625 879 852 927 scribatur,
896 880 972 919 aut
1004 875 1160 929 aliquis
1200 888 1223 916 e
1261 873 1420 915 nostris
1461 872 1514 914 ad
1548 872 1729 914 eundem
1762 871 1805 911 in

44 947 124 988 hoc
155 946 328 1001 proprie
361 945 614 987 destinetur.
678 944 792 985 Nam
826 946 870 985 et
900 942 1005 984 illud
1040 943 1141 994 eget
1173 937 1495 988 deliberatione,
1540 951 1593 979 an
1627 935 1804 978 (3011010-

45 1013 241 1054 natorem
274 1010 451 1052 summis
484 1009 568 1051 iam
602 1008 717 1051 uotis
750 1010 1019 1061 exoptatum,
1053 1005 1089 1047 si
1121 1005 1203 1046 huc
1237 1018 1260 1045 e
1282 1002 1462 1045 Polonia
1494 1001 1639 1044 ueniet
1670 1000 1804 1050 breui,

45 1080 93 1119 ut
125 1090 364 1130 speramus,
400 1073 669 1128 Herbipolim
701 1073 877 1115 mittere
911 1072 1156 1120 debeamus,
1201 1069 1371 1112 etiamsi
1404 1066 1806 1109 Reuerendissimus

45 1141 164 1183 illum
197 1141 306 1183 citra
338 1141 471 1182 ullam
500 1138 807 1191 obligationem
841 1137 895 1178 ad
918 1135 1179 1178 Cathedram
1201 1148 1227 1176 a
1249 1133 1371 1175 nobis
1393 1132 1509 1175 mitti
1539 1130 1807 1183 intelligeret

46 1209 176 1259 atque
224 1204 501 1247 consentiret.
565 1204 707 1246 ,stema
755 1201 1024 1250 dubitamus,
1074 1214 1128 1241 an
1175 1199 1348 1253 placeat
1395 1195 1657 1239 Paternitati
1687 1197 1805 1248 11130

46 1270 310 1323 Theologum
344 1284 367 1311 e
400 1268 560 1311 nostris
593 1267 699 1318 dari,
743 1267 779 1308 si
812 1269 856 1308 et
896 1266 968 1307 ille
1001 1265 1092 1306 sine
1125 1262 1390 1316 obligatione
1432 1261 1680 1303 mitteretur
1714 1259 1806 1301 ,Vt

48 1335 160 1377 enim
182 1334 419 1388 Collegium
453 1333 567 1376 omni
590 1333 809 1384 Theologo
844 1333 994 1372 careat
1025 1329 1103 1371 tali
1136 1329 1179 1370 in
1213 1329 1320 1376 loco,
1355 1329 1399 1369 et
1431 1326 1501 1368 ubi
1532 1339 1618 1367 non
1652 1325 1807 1366 desunt

47 1400 119 1454 alij
152 1399 373 1453 Theologi,
416 1413 501 1441 non
535 1397 713 1451 parumb
737 1395 798 1451 [P]
832 1395 1171 1437 incommodumc
1194 1391 1255 1447 [Ρ]
1288 1391 1449 1433 nostris
1492 1394 1535 1433 et
1567 1390 1664 1443 alijs
1696 1390 1805 1431 alla-

47 1468 190 1508 turum
223 1464 481 1514 uidereturd,
526 1466 569 1505 et
611 1461 831 1517 praecipui
863 1460 1041 1514 Collegij
1084 1461 1129 1500 et
1160 1458 1333 1499 scholae
1375 1455 1687 1498 authoritatem
1731 1454 1805 1495 ob-

46 1532 254 1572 scuraret.
316 1530 541 1572 Postremo
583 1527 743 1569 indicet
783 1526 905 1567 nobis
947 1538 1107 1578 quaeso
1149 1521 1399 1564 Paternitas
1439 1524 1528 1570 tua,
1572 1520 1721 1573 quales
1763 1520 1807 1560 et

48 1598 153 1649 quot
185 1595 405 1650 operarios
438 1597 644 1636 autumno
677 1592 823 1635 futuro
856 1590 993 1645 possit
1026 1604 1081 1631 ex
1112 1588 1229 1630 Vrbe
1262 1587 1316 1629 ad
1353 1587 1432 1628 hoc
1465 1584 1700 1638 Collegium
1734 1584 1807 1625 de-

48 1661 224 1704 stinare.
279 1660 323 1703 Si
344 1660 499 1710 nullos,
533 1659 699 1700 frustra
731 1655 1000 1710 sperabimus
1034 1669 1088 1696 ex
1112 1652 1340 1695 Prouincia
1373 1653 1524 1693 nostra
1545 1651 1614 1691 uel
1646 1662 1807 1703 paucas

48 1726 209 1768 classes
227 1724 541 1780 professoribus
564 1723 792 1771 instruere,
817 1735 912 1763 cum
930 1720 975 1762 P.
992 1720 1211 1762 Arboreus
1233 1715 1496 1770 Jngolstadij
1521 1717 1566 1756 et
1587 1715 1644 1757 M.
1662 1714 1807 1756 Simon

47 1791 248 1844 Dilingae
288 1804 366 1832 nos
400 1789 572 1831 omnino
611 1786 847 1829 destituere
887 1785 1128 1834 uideantur,
1172 1786 1220 1825 ut
1260 1795 1339 1824 nec
1381 1781 1423 1822 in
1464 1781 1604 1822 locum
1637 1779 1807 1832 quidem

47 1856 232 1905 illorum,
266 1869 390 1908 quem
424 1853 738 1895 substituamus
770 1850 963 1893 inuenire
996 1849 1250 1904 possimus1.
1305 1846 1452 1900 Jgitur
1474 1845 1633 1887 iudicet
1655 1845 1805 1886 Pater-

49 1921 163 1964 nitas
204 1924 282 1963 tua
324 1921 376 1962 de
419 1919 581 1960 nostris
622 1916 901 1972 philosophis.
975 1915 1094 1965 Quod
1139 1913 1193 1955 ad
1236 1912 1510 1954 Professores
1553 1909 1805 1952 inferiorum

49 1986 259 2028 Classium
302 1985 472 2032 attinet,
516 1981 843 2025 Μ.Β,111)01·151102
877 1979 1108 2034 Oeniponti
1141 1977 1402 2020 Rhetoricae
1444 1976 1665 2030 professor
1706 1988 1807 2016 con-

49 2050 143 2093 silio
177 2051 221 2094 P.
247 2049 420 2092 Natalis
453 2048 495 2089 in
530 2051 735 2090 autumno
770 2046 961 2088 discedet
993 2045 1035 2086 in
1069 2043 1342 2085 Rhenensem
1377 2040 1661 2090 Prouinciam,
1695 2039 1807 2081 sicut

48 2116 159 2158 idem
194 2115 382 2157 maxime
414 2113 621 2167 postulat.
685 2112 742 2154 M.
766 2111 1006 2153 Reinerus3
1038 2107 1288 2150 Leodiensis
1320 2105 1535 2159 Monachij
1568 2105 1733 2146 Rhetor
1764 2104 1807 2145 in

49 2181 209 2222 Vrbem
252 2178 489 2222 mittendus
532 2180 620 2227 est,
663 2179 711 2218 ut
751 2176 797 2218 P.
823 2175 1039 2217 Visitator
1080 2174 1285 2216 decreuit.
1358 2170 1572 2223 Monachij
1616 2174 1807 2222 quoquee

49 2246 325 2299 desperatum
359 2246 426 2285 est
458 2243 510 2285 de
542 2242 633 2284 uita
665 2241 815 2283 fratris
838 2239 1161 2294 Christophori4
1184 2236 1486 2291 Oenipontani,
1522 2235 1593 2288 qui
1616 2234 1806 2276 Classem

48 2311 227 2354 tenebat
275 2307 601 2351 GrammaticeS.
672 2307 898 2359 Augustae
944 2304 1080 2347 nostri
1124 2301 1376 2345 mutabuntr
1420 2299 1714 2350 Domicilium,
1764 2302 1807 2341 et

49 2375 160 2417 sicut
193 2373 420 2416 constituit
452 2373 497 2414 P.
524 2371 710 2422 Natalis,
754 2371 795 2412 in
835 2370 957 2412 nouis
990 2369 1169 2412 aedibus
1202 2368 1392 2410 scholam
1426 2361 1806 2419 auspicabuntu[r]

49 2440 259 2494 paulatim
292 2438 405 2480 sicut
437 2438 567 2479 etiam
601 2437 821 2490 plaerique
854 2435 978 2477 Ciues
1012 2435 1236 2488 exoptant.
1291 2433 1387 2473 Huc
1420 2444 1526 2484 opus
1559 2429 1642 2471 erit
1673 2442 1807 2470 nouos

48 2502 398 2559 praece[p'ltores
438 2502 626 2551 mittere,
669 2501 950 2552 undecunque
990 2499 1087 2540 illos
1120 2498 1374 2551 colligamus
1408 2496 1638 2548 .Expecto
1676 2493 1809 2546 igitur

50 2570 150 2624 quid
182 2568 443 2623 respondeat
475 2567 520 2609 P.
542 2566 755 2608 Visitator
787 2565 839 2606 de
871 2564 1094 2607 mittendis
1127 2577 1181 2604 ex
1204 2561 1421 2603 Rhenensi
1444 2559 1673 2601 Prouincia
1706 2572 1806 2612 ope-

50 2634 191 2688 rarijs,
233 2633 269 2675 si
302 2631 522 2674 commode
554 2631 646 2672 fieri
679 2630 827 2684 possit,
872 2629 926 2671 ad
959 2628 1195 2680 Collegium
1229 2626 1555 2680 Herbipolense‚
1598 2625 1646 2665 ut
1677 2637 1807 2677 saepe

50 2699 215 2752 rogaui.
279 2697 393 2739 Nam
435 2696 506 2749 qui
548 2695 673 2749 primi
708 2709 757 2737 eo
791 2694 1032 2743 mittentur,
1074 2707 1159 2734 non
1193 2692 1330 2733 solum
1371 2690 1413 2731 in
1447 2688 1673 2731 uocatione
1707 2702 1808 2729 con-

51 2766 232 2813 stantes,
266 2763 341 2804 sed
374 2761 504 2804 etiam
538 2759 734 2802 doctrina
767 2758 957 2800 nonnihil
991 2758 1201 2806 excultos,
1244 2756 1460 2810 patientes
1493 2757 1536 2795 et
1570 2752 1808 2805 exquisitos

170 2861 198 2892 a)
219 2861 356 2891 Sequitur
376 2858 495 2889 iudicet,
515 2858 721 2883 oblitteratum.
805 2855 833 2887 1))
855 2857 880 2885 c)
903 2856 968 2885 Sic,·
987 2856 1036 2879 sed
1058 2854 1205 2879 (Janisium
1227 2853 1352 2878 scribere
1376 2852 1497 2875 valuisse
1516 2855 1587 2881 puta
1607 2854 1658 2874 aut
1680 2855 1807 2882 paruum

52 2900 273 2928 incommodum
293 2905 343 2926 aut
364 2907 470 2933 parum
489 2898 682 2925 incommodi.
756 2896 786 2928 d)
808 2899 852 2921 lta
873 2897 903 2921 in
931 2897 1010 2921 arch.
1032 2899 1187 2920 cut-rectum
1209 2898 1249 2919 est
1270 2902 1305 2919 ea·
1325 2893 1475 2918 alaturum
1497 2891 1626 2917 uidetur.
1700 2892 1726 2921 0)
1749 2892 1808 2916 Ilot-

53 2952 77 2968 τ.
96 2951 187 2975 supra
208 2951 282 2968 vers.
301 2943 441 2973 scriplum
463 2945 512 2966 est.
586 2940 614 2971 f)
637 2941 669 2964 In
695 2940 774 2964 arch.
794 2941 951 2963 correctum
973 2940 1016 2961 tut
1039 2937 1164 2963 videtur)
1184 2944 1219 2959 ‘zr-
1240 2934 1367 2961 mutant.

175 3056 185 3076 ¹
211 3055 262 3089 De
289 3055 328 3089 P.
355 3054 509 3088 Henrico
537 3053 693 3086 Arboreo
720 3058 755 3085 et
782 3050 824 3084 de
853 3050 906 3083 lae'r.
934 3048 1075 3083 Simone
1102 3047 1267 3081 Damerio
1294 3047 1375 3080 vide
1402 3058 1509 3091 supra
1537 3057 1569 3090 p.
1597 3045 1677 3079 363.

172 3108 185 3128 2
211 3108 266 3142 Fr.
293 3107 470 3141 Robertus
498 3105 658 3140 Girulius
684 3103 886 3138 leodiensis.
1033 3103 1044 3121 ³
1072 3100 1254 3134 Fabricius
1284 3100 1391 3142 (Gan.
1418 3099 1465 3133 IV
1495 3098 1562 3132 727
1589 3097 1684 3141 805).

173 3163 186 3180 ⁴¹
211 3160 355 3204 Neyner
393 3160 499 3203 (Can.
526 3158 575 3192 IV
602 3157 706 3197 41033
736 3156 823 3201 Epp.
852 3156 973 3188 Nuda]
1001 3154 1047 3188 Ill
1077 3154 1183 3197 331);
1214 3165 1246 3187 v.
1275 3152 1377 3188 infra.
1406 3164 1459 3196 ep.
1487 3164 1518 3185 11.
1541 3151 1642 3186 14:29.

126 3222 435 3256 Braunsberger.
457 3221 567 3248 Canisii
588 3219 742 3254 Epistulae
764 3220 793 3245 et
811 3219 898 3245 Acta.
919 3218 952 3244 V.
1481 3210 1525 3244 28
