2045 3471
172 195 255 237 700
412 194 507 227 Mon.
527 193 715 229 772—773
741 194 820 229 sive
845 194 943 230 herb.
965 195 1138 239 (7)—(8).
1179 194 1457 229 22.1an.-20.
1477 194 1578 229 Febr.
1600 195 1700 229 1567.

169 325 265 354 esse
297 311 514 354 voluimus
530 313 557 363 ¹,
600 315 670 355 sat
710 313 819 356 lucis
852 314 904 356 de
945 328 992 356 re
1032 316 1127 357 tota
1159 313 1442 368 praebebunt.
1506 312 1626 362 Quod
1658 316 1870 368 superest,
1913 327 1940 356 a

170 377 220 419 R.
244 377 290 419 P.
317 376 366 419 V.
400 377 442 418 id
475 380 676 420 amanter
707 378 905 432 petimus,
950 382 995 421 et
1027 379 1294 421 confidenter
1325 380 1622 432 expectamus,
1665 381 1715 421 vt
1754 378 1829 421 illa
1862 393 1938 433 pro

173 455 250 483 suo
283 441 326 482 in
360 441 573 484 Christum
610 442 854 497 Christique
887 444 1130 486 Ecclesiam
1163 443 1305 487 studio
1339 446 1383 485 et
1415 456 1562 485 amore
1594 443 1817 497 singularj,
1859 443 1939 486 hoc

173 509 372 548 nostrum
414 506 661 549 institutum
705 507 786 550 sibi
827 509 1174 551 commendatum
1206 508 1379 558 habeat,
1425 521 1671 561 nouumque
1703 508 1938 562 Collegium

172 571 285 624 quod
329 585 408 613 nos
450 572 640 623 tamdiu,
688 573 910 627 tantisque
956 574 1198 628 sumptibus
1245 572 1452 627 Societatj
1495 573 1683 615 Vestrae
1726 573 1938 624 molimur,

171 635 442 679 authoritate
482 651 561 679 sua
603 639 842 689 confirmet,
886 642 1018 692 atque
1059 638 1115 680 ad
1156 651 1426 680 communem
1459 638 1727 681 Franconiae
1764 641 1940 681 nostrae

171 700 415 754 profectum
447 702 561 744 serio
594 717 645 745 ac
677 705 847 745 mature
880 703 1106 758 prouehat.
1170 703 1262 745 Nos
1294 703 1468 745 interim
1501 703 1670 754 Curam,
1712 703 1853 753 fidem,
1896 706 1941 746 et

171 765 360 809 studium
393 780 519 808 omne
551 767 806 822 pollicemur
836 768 879 810 in
906 769 1034 810 rebus
1066 769 1318 823 praeclarae
1341 768 1573 811 Societatis
1596 768 1796 819 Vestrae,
1830 782 1940 822 quae

172 831 294 873 nobis
328 834 395 874 est
427 846 533 874 sane
566 833 697 887 cordi,
731 836 825 875 tum
856 833 1042 885 tuendis,
1076 836 1169 876 tum
1202 833 1406 875 ornandis
1438 833 1841 888 promouendisque,
1883 833 1940 875 Jn

172 895 342 938 Christo
374 896 485 938 bene
518 897 677 939 Valeat
709 897 760 940 R.
784 897 831 940 P.
855 898 908 940 V.
943 912 1054 951 quae
1086 897 1221 940 nostri
1257 898 1389 940 etiam
1422 911 1586 940 memor
1618 911 1713 940 esse
1744 897 1863 948 uelit,
1897 897 1941 939 in

172 960 372 1014 precibus
413 961 514 1012 suis,
558 975 608 1004 ac
649 962 784 1005 totius
825 963 1072 1005 sodalitatis
1114 977 1231 1013 suae,
1274 964 1417 1005 Datae
1459 977 1513 1004 ex
1555 977 1655 1005 arce
1696 962 1855 1006 montis
1888 963 1940 1006 D.

173 1025 338 1067 Mariae
360 1025 481 1080 Virg.
506 1040 641 1080 prope
672 1027 957 1081 Herbipolim‚
989 1028 1144 1070 Martis
1175 1028 1514 1081 Decimaquarta
1544 1027 1705 1070 Mensis
1727 1028 1939 1085 Januarij,

176 1091 300 1132 Anno
333 1090 563 1133 Millesimo
597 1091 950 1145 Quingentesimo
984 1092 1264 1146 Sexagesimo
1299 1093 1504 1147 Septimo.

1033 1169 1160 1211 Jdem
1192 1169 1437 1212 Fridericus
1468 1170 1601 1212 Manu
1633 1169 1821 1224 propria.

294 1242 591 1299 [Reue]rendo
638 1245 781 1299 Patrj‚
837 1246 973 1288 amico
1026 1246 1150 1288 nobis
1201 1246 1244 1288 in
1294 1244 1506 1301 [Christo]
1555 1247 1722 1288 sincere
1769 1246 1940 1298 dilecto,

174 1309 225 1351 D.
248 1309 478 1351 Francisco
503 1308 576 1365 [de
598 1310 779 1365 Borgia]
814 1311 1045 1354 Societatis
1067 1312 1093 1353 J
1098 1326 1171 1353 esu
1204 1311 1397 1365 generalj
1432 1309 1726 1366 [Praeposito]
1759 1311 1802 1353 in
1825 1311 1942 1353 Vrbe

174 1374 380 1428 residentj
414 1375 468 1416 ad
501 1375 698 1430 proprias
730 1390 896 1419 manus.
960 1376 1138 1419 Romae.

294 1461 445 1505 Borgias
470 1461 648 1496 Friderico
675 1462 841 1507 episcopo
867 1463 1053 1508 respondit
1079 1464 1111 1498 5.
1131 1463 1267 1508 Aprilis
1296 1464 1396 1498 1567.

180 1593 284 1629 772
310 1594 388 1628 sive
414 1593 566 1630 herb.
587 1594 681 1639 (7).
757 1595 812 1631 22.
832 1595 998 1632 Ianuarii
1024 1595 1116 1632 1567.

297 1671 351 1704 Ex
387 1671 470 1706 Cod.
503 1671 628 1713 „Liber
653 1672 874 1707 Recessuum
909 1672 952 1706 de
979 1673 1081 1707 Anno
1111 1674 1220 1707 1567“
1251 1674 1275 1708 f.
1295 1673 1482 1715 20b-21³;
1520 1674 1580 1718 qui
1612 1676 1733 1708 exstat
1758 1674 1942 1720 Herbipoli

177 1725 213 1758 in
239 1724 388 1758 archivo
414 1724 635 1759 Franconiae
661 1725 859 1766 inferioris;
887 1727 932 1760 cf.
960 1738 1068 1771 supra
1096 1738 1128 1771 p.
1150 1728 1229 1761 691.

299 1802 503 1845 Capitulum
541 1803 779 1846 leerbt'polense
817 1804 866 1836 ita
905 1805 1105 1837 constituit:
1155 1804 1241 1837 Cum
1281 1806 1332 1848 is,
1375 1805 1438 1848 qul
1480 1806 1517 1838 in
1561 1805 1702 1838 ecclesia
1743 1805 1942 1839 cathedrali

178 1856 413 1898 contionatur,
449 1857 561 1898 officii
596 1857 772 1899 neyleyens
804 1857 1004 1900 populoque
1030 1859 1195 1900 inyratns
1228 1859 1283 1900 sit,
1320 1857 1415 1890 alias
1443 1858 1538 1901 isque
1562 1859 1683 1891 doctus
1708 1860 1941 1902 concionator,

177 1908 315 1941 salario
332 1911 522 1942 200—300
538 1910 757 1951 florenorum
771 1911 967 1953 proposito,
994 1915 1209 1953 quaeretur;
1234 1911 1310 1944 ideo
1329 1922 1406 1943 cum
1427 1912 1572 1944 Canisio
1585 1911 1757 1954 proscima
1778 1912 1948 1953 Quadra⁶

175 1963 308 2004 qesima
335 1962 555 2005 Herbipolim
583 1963 744 1997 redituro
771 1968 906 2007 αῃρῐιιν,
931 1969 970 1997 ut
997 1964 1168 1997 eiusmodi
1193 1966 1467 1998 concionatorem
1493 1965 1567 2007 ipse
1586 1965 1782 2007 provideat.

297 2033 341 2065 In
361 2033 459 2066 Actis
476 2033 677 2076 archetypis
694 2033 909 2067 cathedralis
927 2035 1076 2077 capituli
1092 2034 1346 2077 herbipolensis
1363 2035 1458 2076 haec,
1472 2039 1616 2078 praeter
1629 2035 1715 2077 alia,
1733 2035 1943 2076 referuntur

178 2085 219 2117 (le
244 2087 498 2119 canonicorum
516 2087 665 2120 comitiis
679 2087 903 2129 yeneralibus
919 2089 989 2120 sive
1008 2088 1185 2131 „capitulo
1207 2086 1465 2130 peremptorio“
1486 2088 1674 2130 Herbipoli
1696 2089 1752 2121 22.
1771 2088 1943 2121 Ianuarii

182 2140 272 2171 1567
296 2138 437 2172 habito:
470 2138 647 2173 Recessus
682 2139 795 2173 habiti
831 2139 987 2184 Capitulj
1015 2140 1251 2185 Peremptorij
1289 2140 1344 2174 die
1370 2140 1538 2185 Mercurij
1565 2139 1751 2183 vigesima
1785 2140 1943 2174 secunda

180 2190 355 2236 Januarij.
375 2217 382 2225 .
403 2218 436 2226 ..
472 2191 678 2226 Nachdeme
714 2191 908 2226 hiebeuohr
942 2191 1034 2226 auch
1070 2193 1184 2227 dauon
1220 2193 1346 2236 geredt
1372 2193 1525 2234 worden,
1562 2193 1625 2227 das
1659 2192 1742 2226 herr
1768 2192 1941 2227 Wilhelm

180 2243 311 2286 [tziger
336 2244 610 2288 dhombrediger
636 2245 720 2279 sehr
746 2245 933 2288 vnfleissig
959 2246 1021 2279 Ine
1047 2245 1138 2280 auch
1166 2247 1231 2280 das
1257 2245 1365 2280 volck
1390 2247 1460 2280 nitt
1495 2257 1583 2289 gern
1614 2245 1715 2279 mehr
1740 2245 1825 2280 hore
1836 2246 1858 2288 ²,
1895 2245 1940 2280 So

179 2296 227 2330 ist
252 2297 292 2331 In
319 2297 458 2342 Capitel
484 2298 657 2341 abgeredt
674 2299 771 2332 vnnd
797 2298 1038 2339 beschlossen‚
1064 2299 1128 2333 das
1154 2299 1236 2333 mitt
1261 2299 1360 2333 fleiss
1384 2299 1477 2334 nach
1503 2299 1600 2333 einer
1626 2299 1786 2342 gelerten
1814 2310 1941 2344 person

179 2349 347 2392 getracht
372 2351 513 2385 werden
540 2351 642 2393 solte,
673 2350 716 2385 ob
743 2363 826 2386 man
853 2351 1078 2395 derselbigen
1104 2352 1215 2386 sehon
1240 2352 1329 2397 zwaj
1357 2353 1442 2386 oder
1459 2352 1540 2398 dej²
1559 2351 1607 2396 [‘?]
1626 2351 1779 2386 hundert
1797 2351 1940 2395 gulden,

181 2414 223 2436 zu
249 2403 447 2447 besoldung
473 2404 587 2448 geben
613 2406 741 2445 muste,
768 2404 916 2439 Dieweil
939 2417 1021 2439 man
1045 2404 1132 2440 aber
1156 2417 1199 2439 zu
1226 2405 1436 2440 diesemmal
1461 2406 1537 2440 also
1563 2405 1604 2439 In
1629 2404 1688 2450 eyl
1714 2404 1843 2439 keinen
1868 2405 1940 2439 fur—

180 2455 396 2499 zuschlagen
423 2457 563 2499 gewist,
589 2469 629 2492 so
655 2457 721 2492 soll
749 2458 877 2492 damitt
904 2470 1082 2502 verzogen
1108 2459 1262 2500 werden,
1290 2458 1363 2493 biss
1382 2459 1436 2492 vff
1449 2458 1734 2502 negstkunfftige
1752 2458 1869 2492 fasten
1896 2458 1940 2491 da

180 2508 273 2542 dann
299 2509 361 2543 der
379 2509 471 2544 Herr
490 2510 655 2545 Canisius
673 2511 868 2545 widerumb
894 2511 1150 2545 herkhommen
1170 2511 1290 2545 wurde
1315 2512 1381 2546 mit
1406 2511 1508 2545 deme
1532 2512 1615 2545 mitt
1631 2511 1730 2546 fleiss
1748 2510 1942 2554 gehandlet

182 2562 322 2595 werden
347 2562 425 2604 soll,
453 2562 509 2597 ein
536 2563 609 2598 ehr:
636 2563 803 2599 dhombz³
828 2564 911 2598 mitt
937 2564 1034 2598 einer
1051 2564 1262 2607 thuglichen
1280 2565 1352 2598 vnd
1378 2565 1538 2608 gelerten
1558 2575 1685 2609 person
1708 2563 1940 2598 zuuersehen.

183 2695 285 2732 773
312 2698 390 2732 sive
415 2697 566 2735 herb.
587 2699 685 2744 (8).
760 2700 816 2737 20.
836 2700 1030 2737 Februarii
1056 2701 1147 2737 1567.

300 2773 355 2807 Ex
374 2774 502 2810 Codice
528 2777 768 2822 herbipolensi
791 2778 916 2820 „Liber
936 2779 1177 2813 Recessuum‘*
1200 2781 1280 2820 etc„
1307 2779 1349 2812 de
1376 2790 1444 2822 quo
1470 2757 1583 2823 supra·
1604 2790 1696 2814 mon.
1717 2777 1794 2819 772,
1822 2779 1845 2813 f.
1866 2778 1937 2813 33¹³.

185 2824 311 2859 Codice
346 2838 432 2861 usus
467 2831 523 2863 est
557 2831 686 2874 Weyele
719 2831 743 2865 l.
770 2843 800 2866 c.
827 2832 841 2865 l
870 2832 948 2866 116.
998 2832 1195 2866 Maximam
1222 2842 1387 2866 recessus
1421 2836 1559 2876 partem
1593 2831 1712 2876 posuit
1742 2832 1777 2865 C.
1797 2831 1938 2875 Bracm,

187 2876 454 2923 Heranbildung
480 2884 546 2916 etc.
574 2883 589 2916 Ι
619 2883 684 2917 152
700 2884 720 2917 ¹.

300 2960 328 2990 a)
348 2961 413 2992 Sic;
432 2963 634 2994 corriyendum
655 2972 715 2990 esse
738 2965 870 2990 videtur:
890 2965 974 2997 drej;
993 2968 1029 2997 cf.
1051 2966 1133 2997 iufra
1154 2974 1228 2990 mon.
1251 2968 1309 2991 775.

306 3065 317 3084 ¹
343 3065 458 3099 Unum
487 3069 627 3101 tantum
652 3069 827 3113 scriptum
854 3069 910 3104 his
936 3070 1067 3104 litteris
1094 3071 1299 3105 adiunctum
1327 3082 1406 3105 esse
1432 3071 1592 3112 videtur3
1620 3071 1662 3105 de
1687 3081 1758 3114 quo
1776 3082 1810 3105 v·
1829 3082 1938 3116 supra

187 3126 218 3157 p.
238 3115 305 3150 393
332 3120 367 3150 et
392 3117 484 3152 infra
510 3130 601 3154 mon.
622 3121 700 3155 777.

305 3168 318 3188 ²
343 3169 434 3203 Vide
459 3182 567 3215 supra
593 3183 625 3216 p.
643 3173 712 3207 506
739 3174 819 3208 692.
964 3176 977 3194 3
1004 3175 1028 3208 Ι.
1049 3187 1078 3209 e.
1098 3175 1302 3211 venerabile
1328 3176 1523 3221 capitulum
1550 3175 1765 3210 cathedrale.
