2045 3471
335 198 430 232 Mon.
450 197 518 232 706
543 197 621 231 sive
649 196 707 231 dil.
731 196 819 239 (10).
861 196 974 231 Paulo
1000 197 1083 230 ante
1109 195 1266 229 medium
1292 207 1337 230 m.
1357 195 1459 230 Febr.
1481 195 1582 230 1566.
1751 196 1836 237 613

75 316 261 350 meaml:
299 327 383 349 nam
413 314 490 349 falli
515 325 624 358 saepe
649 325 798 348 necesse
824 315 899 353 est,
937 313 997 357 qui
1023 313 1131 347 facile
1167 313 1299 353 credit,
1336 315 1371 346 et
1398 313 1481 353 labi,
1518 314 1577 358 qui
1613 314 1656 348 de
1690 312 1838 347 crimine

75 367 253 402 alteruma
287 368 443 409 damnat,
479 368 614 402 indicta
640 378 768 408 causa;
805 366 863 401 Sic
891 366 1067 409 contingit
1093 366 1212 406 etiam,
1248 365 1293 399 ad
1319 367 1524 410 superiores
1551 367 1640 401 alios
1666 364 1838 411 perscribi

74 420 206 463 multa,
245 433 313 465 que
350 421 409 455 uel
446 421 611 455 trutinab
648 431 765 464 aequa
802 419 1028 459 examinata,
1067 431 1136 453 non
1173 420 1277 459 sunt,
1320 419 1378 452 uel
1416 419 1584 454 incautus
1622 417 1838 464 suspicionis

74 485 183 515 error,
217 474 353 517 genuit.
403 474 550 508 Veritas
575 485 632 507 me
657 472 822 518 impellit,
857 474 898 506 ut
932 472 1080 515 grauius
1106 471 1222 516 paulo,
1260 483 1367 515 quam
1394 471 1552 515 dignitas
1578 476 1641 507 tua
1666 471 1838 517 postulat,

75 529 138 561 aut
162 529 314 561 naturae
339 538 440 561 meae
469 526 584 569 exigit
616 525 841 571 simplicitas,
877 525 1031 559 scribam
1060 551 1065 558 .
1094 536 1159 559 nec
1194 524 1320 566 ausim,
1356 524 1424 558 nisi
1460 528 1495 559 et
1530 537 1608 560 mea
1643 525 1837 570 plurimum

74 580 278 622 interesset,
313 583 350 614 et
383 582 476 615 scire
510 583 546 614 te
581 580 710 618 onmia.
746 590 838 623 quae
872 578 930 612 hic
957 581 1124 622 aguntur,
1161 579 1195 612 in
1228 590 1302 612 rem
1329 578 1481 612 aliorum
1509 579 1615 612 etiam
1642 580 1836 616 futurum·³.

73 644 268 678 sperarem,
304 634 374 668 imo
400 634 505 678 plane
532 632 756 667 confiderem.
808 631 960 673 Literae,
997 643 1086 675 quas
1122 632 1229 666 istinc
1264 632 1308 665 ad
1334 631 1566 665 Ministrum2
1602 630 1839 676 transportari

75 687 221 728 curasti,
258 687 290 720 ei
316 689 401 721 sunt
425 686 597 726 redditae,
634 686 726 729 quod
754 685 895 719 illorum
923 686 1177 728 argumentum
1203 684 1332 726 fuerit,
1369 685 1475 730 plane
1506 686 1628 729 ignoro
1656 712 1663 719 .
1691 696 1734 718 ex
1760 684 1838 728 ipso

74 742 195 773 tamen
221 740 328 774 facile
354 740 558 782 intelligere
584 739 694 783 potui,
730 738 814 782 quid
842 737 1078 779 continerent,
1113 737 1282 772 uidelicet
1319 749 1369 779 ea,
1406 749 1497 782 quae
1533 738 1575 772 de
1611 738 1698 783 ipso,
1734 739 1769 771 te
1802 736 1837 769 in

74 792 249 837 superiori
284 793 439 837 epistola
473 804 571 833 mea,
607 792 699 826 scire
735 791 852 832 uolui,
889 791 955 824 hoc
992 790 1110 835 ipsum
1146 792 1210 832 est,
1247 791 1341 835 quod
1367 791 1435 836 ipsi
1462 791 1688 825 stomachum
1714 789 1837 829 mouit,

74 845 168 889 quod
194 845 302 880 bilem
330 846 532 880 commouit.
584 844 828 890 Reprehendit
853 855 910 877 me
937 846 973 877 et
999 843 1142 887 quidem
1169 845 1342 878 acerrime
1375 845 1528 888 quodam
1564 843 1630 886 die,
1667 843 1759 887 quod
1795 842 1839 876 ad

73 900 119 939 te,
146 898 189 932 de
214 899 291 943 ipso
317 899 475 933 scribere
500 898 616 933 ausim
637 925 643 932 .
662 900 738 932 tum
774 899 814 931 ut
848 897 1012 931 inflatum
1048 909 1104 930 me
1137 897 1302 940 coarguit
1313 898 1327 918 '¹
1355 901 1389 931 et
1415 897 1481 931 has
1507 897 1594 931 mihi
1621 897 1750 931 cristas
1778 907 1837 930 ex-

74 951 243 993 creuisse,
270 951 372 993 dixit,
399 952 492 996 quod
519 952 561 985 de
587 962 734 985 munere
761 950 993 985 concionandi
1021 950 1125 984 ualde
1151 962 1380 994 praesumam
1391 957 1412 991 θ,
1441 951 1501 995 qui
1527 962 1609 985 cum
1634 950 1736 984 bonis
1759 960 1838 983 con-

77 1004 319 1039 cionatoribus
353 1004 558 1039 numeraris
588 1016 659 1039 non
693 1004 828 1049 possim
855 1030 862 1038 .
890 1003 958 1038 hoc
983 1006 1081 1037 recte
1109 1003 1263 1047 quidem,
1295 1004 1382 1038 illud
1407 1016 1476 1038 non
1505 1016 1600 1038 uere.
1651 1004 1839 1038 Postremo

75 1057 314 1092 conclusionis
347 1059 444 1100 loco,
481 1058 705 1103 deprompsit
739 1057 856 1092 minas
891 1068 976 1091 suas
1011 1056 1156 1097 solitas,
1194 1057 1298 1101 quasi
1324 1057 1479 1102 plurima
1504 1069 1525 1091 a
1553 1057 1598 1102 [2³]
1625 1060 1687 1091 teg
1713 1057 1756 1090 de
1783 1067 1839 1090 me

73 1111 262 1146 scribenda
296 1113 380 1146 sint.
431 1111 588 1146 Hoccine
623 1122 756 1155 quaeso
793 1113 849 1144 est
874 1109 1111 1155 superiorum,
1148 1110 1251 1154 cupio
1287 1110 1425 1145 abiecto
1453 1111 1720 1145 contentionum
1746 1109 1838 1150 uelo,

73 1164 119 1198 ad
144 1176 220 1198 rem
244 1165 471 1210 respondeat,
507 1165 629 1209 quieto
665 1166 702 1198 et
736 1163 933 1208 tranquillo
961 1163 1099 1204 animo,
1135 1174 1282 1197 causam
1319 1166 1405 1207 agat
1430 1175 1545 1204 suam,
1581 1164 1611 1198 si
1638 1163 1730 1197 falsa
1755 1163 1837 1203 sint,

74 1229 166 1262 quae
193 1218 235 1252 de
260 1218 337 1263 ipso
363 1218 398 1252 in
424 1218 551 1252 literas
576 1228 676 1251 meas
703 1217 863 1262 conijeci,
890 1216 1016 1258 diluat,
1052 1216 1082 1250 si
1110 1228 1195 1250 uera
1221 1220 1261 1251 ut
1286 1217 1392 1261 plane
1418 1229 1523 1261 spero
1551 1245 1557 1251 .
1585 1218 1704 1251 cesset
1729 1215 1838 1250 uerba

74 1271 169 1313 dare,
205 1273 241 1306 et
275 1283 410 1306 uacuas
445 1271 481 1305 in
515 1282 636 1306 aerem
670 1281 779 1304 uoces
815 1272 996 1304 excutere.
1048 1269 1225 1312 Quidnam
1261 1270 1297 1304 in
1332 1271 1578 1315 superioribus
1609 1270 1723 1304 literis
1749 1270 1838 1303 meis

73 1325 249 1369 petierim,
285 1325 400 1366 credo,
435 1336 506 1359 non
540 1324 696 1368 ignoras,
731 1324 767 1358 id
802 1324 920 1368 ipsum
956 1323 1020 1357 abs
1050 1325 1086 1357 te
1111 1324 1304 1368 postremis
1330 1324 1430 1358 hisce
1456 1324 1572 1358 literis
1598 1323 1698 1364 meis,
1733 1322 1837 1356 uehe-

73 1380 213 1412 menter
230 1381 334 1423 peto.
350 1381 454 1412 extra
478 1378 621 1412 domum
647 1378 926 1422 persecutiones,
954 1377 1050 1410 intra
1076 1377 1176 1411 rixas
1204 1377 1308 1418 ferre,
1336 1377 1481 1411 difficile
1508 1380 1573 1418 est,
1601 1379 1636 1411 et
1663 1387 1683 1410 a
1709 1379 1837 1410 natura

73 1443 163 1474 mea,
190 1431 296 1466 ualde
322 1432 490 1473 alienum,
517 1431 669 1465 Accedit
695 1430 815 1471 etiam,
843 1430 937 1474 quod
963 1430 1006 1464 de
1026 1430 1193 1474 Podagra
1216 1432 1279 1464 aut
1296 1431 1463 1475 Paralysi
1481 1431 1579 1472 mihi,
1607 1429 1837 1464 metuendum

71 1484 130 1525 sit,
166 1496 258 1528 quae
293 1484 479 1519 catarrhos
515 1496 580 1519 ceu
606 1484 756 1518 comites
790 1485 1000 1528 sequuntur,
1039 1483 1206 1525 maxime,
1241 1484 1271 1518 si
1298 1495 1473 1528 aquarum
1507 1484 1563 1518 uis
1598 1483 1838 1517 membrorum

73 1537 236 1572 articulis
260 1538 443 1573 insederit.
471 1538 694 1572 miserrimus
720 1539 807 1571 tunc
833 1536 998 1571 omnibus
1025 1537 1139 1571 modis
1166 1538 1308 1571 essemh
1335 1537 1470 1581 absque
1498 1537 1604 1571 dubio
1615 1536 1634 1571 ί.
1680 1536 1716 1570 Si
1743 1535 1837 1569 enim

72 1591 258 1626 laborante
284 1603 351 1632 me,
378 1591 520 1626 sudoris
546 1591 615 1636 mej
642 1591 731 1625 talia
757 1591 894 1636 premia
920 1590 1048 1630 refero,
1077 1591 1162 1634 quid
1188 1590 1350 1624 futurum
1378 1591 1554 1631 crederes,
1580 1591 1611 1624 si
1633 1589 1838 1624 labentibus

73 1645 186 1687 annis,
213 1656 448 1686 senescerem,
476 1647 512 1679 et
536 1645 728 1689 inciperem
758 1645 873 1689 impar
900 1655 979 1678 esse
1005 1644 1187 1678 laboribus
1215 1671 1222 1678 .
1249 1645 1311 1678 sed
1339 1645 1506 1688 quidnam
1535 1644 1706 1685 facerent,
1742 1654 1837 1676 mon-

73 1701 238 1733 strarunt
263 1710 333 1732 non
361 1698 478 1743 dubijs
505 1700 602 1732 certe
628 1697 754 1741 signis,
780 1699 957 1743 superiori
984 1709 1086 1738 anno,
1114 1697 1149 1730 in
1177 1697 1390 1741 quibusdam
1418 1697 1526 1743 alijs³
1552 1700 1618 1731 etc.

191 1752 228 1786 Si
253 1754 375 1786 uestra
399 1751 620 1793 uoluntatek‚
659 1751 747 1785 mihi
782 1751 949 1785 recedere
974 1750 1106 1791 licebit,
1144 1750 1232 1784 bene
1268 1751 1411 1795 quidem
1439 1779 1445 1785 .
1473 1751 1503 1785 si
1539 1751 1638 1784 non‘?
1674 1749 1744 1784 alia
1778 1748 1837 1783 uia

71 1805 157 1839 mihi
186 1805 340 1839 salutem
376 1816 548 1848 quaerere
559 1805 578 1846 Ι,
614 1804 683 1838 erit
716 1815 864 1838 necesse
892 1831 899 1838 .
927 1804 1003 1838 siue
1040 1815 1103 1848 per
1137 1803 1287 1838 alterius
1314 1804 1547 1847 Religionism
1573 1804 1775 1846 ingressum
1802 1802 1836 1835 id

70 1859 169 1899 fiat‘,
195 1858 272 1892 siue
298 1869 367 1892 non
388 1885 394 1892 .
413 1857 471 1891 hic
497 1859 604 1899 certe,
632 1858 702 1892 etsi
728 1869 789 1892 aes
816 1858 925 1891 etiam
952 1857 1155 1901 quotannis,
1183 1857 1270 1891 mihi
1296 1859 1555 1898 numeraretur,
1583 1857 1695 1890 uitam
1716 1867 1835 1899 agere,

70 1923 253 1956 nunquam
278 1911 398 1945 uelim.
442 1910 621 1944 Mirabere
647 1910 811 1952 forsitan,
838 1913 911 1944 tam
939 1910 1096 1944 subitam
1123 1910 1369 1951 mutationem,
1396 1922 1465 1944 non
1492 1910 1625 1950 dubito,
1653 1920 1778 1943 uerum
1805 1909 1835 1942 si

69 1965 128 2000 hic
154 1976 263 2004 esses,
298 1965 452 1998 sentires
478 1964 593 1998 aliter.
646 1964 774 2007 Iugum
800 1963 943 2005 seruile,
980 1966 1016 1997 et
1042 1964 1223 1997 obstinata
1250 1964 1452 2007 regentium
1480 1963 1640 2008 imperia,
1674 1974 1740 1996 nec
1767 1962 1834 2007 ipsi

69 2018 213 2062 quidem
239 2029 329 2062 quos
354 2017 536 2062 professos
560 2018 757 2051 uocamus⁵
783 2023 917 2061 saepen
944 2017 1037 2050 ferre
1064 2019 1225 2061 possunt,
1257 2017 1453 2062 conijciunt
1479 2016 1515 2050 in
1541 2021 1625 2050 ae'ra
1651 2015 1834 2050 scutellas,

70 2074 238 2106 euertunt
263 2070 371 2111 cibos,
405 2082 450 2104 ex
476 2082 539 2104 cur
565 2070 693 2104 dices‘?
720 2070 813 2114 quod
841 2070 1042 2114 aliquorum
1069 2070 1291 2114 superiorum
1319 2082 1361 2104 ea
1388 2073 1443 2104 est
1470 2070 1503 2103 in
1532 2068 1736 2114 imperando
1763 2079 1834 2102 mo-

189 2154 216 2183 a)
237 2154 263 2178 A
284 2153 312 2178 S.
331 2160 425 2184 supra
452 2160 526 2177 vers.
545 2153 696 2184 scriptum.
788 2151 818 2183 b)
839 2151 964 2177 trudina
984 2154 1012 2178 S.
1096 2153 1122 2184 c)
1143 2153 1282 2185 Sequitur
1302 2159 1379 2183 esse,
1399 2161 1417 2177 α
1438 2154 1464 2177 S.
1485 2152 1573 2177 oblite.
1659 2150 1688 2177 d>
1709 2152 1734 2175 A
1756 2151 1782 2175 S.
1804 2150 1832 2175 in

70 2195 201 2226 mat-ysne
221 2195 363 2219 additum.
425 2194 452 2225 e)
474 2195 642 2226 Sequuntur
662 2202 702 2218 vr.
724 2193 777 2219 sed
798 2193 938 2225 necdum,
958 2202 976 2219 α
996 2195 1024 2220 S.
1045 2195 1134 2219 omitt.
1196 2194 1225 2226 f)
1246 2196 1271 2219 A
1292 2195 1320 2220 S.
1340 2203 1415 2219 corr.
1435 2202 1471 2219 ex
1491 2192 1618 2218 numeri.
1686 2192 1716 2223 g)
1738 2192 1784 2217 Sic
1805 2192 1832 2216 S.

69 2236 197 2261 com-erit
222 2243 258 2260 ex
282 2242 298 2260 a
325 2234 375 2264 de:
402 2236 549 2260 volebatne
575 2236 718 2260 scribere:
743 2234 781 2260 ad
807 2234 860 2260 te?
943 2235 974 2266 h)
1001 2236 1027 2260 A
1047 2237 1075 2261 S.
1096 2244 1170 2261 corr.
1191 2244 1226 2261 ea:
1246 2236 1304 2261 alio
1327 2243 1360 2267 1).,
1387 2236 1460 2267 quod
1489 2235 1545 2259 iam
1574 2234 1630 2265 Ieyi
1657 2242 1711 2257 non
1728 2236 1831 2264 potest.

69 2275 89 2308 i)
116 2278 141 2301 A
161 2278 188 2302 S.
209 2284 282 2301 corr.
303 2284 338 2301 εκ
363 2275 463 2309 pubio.
537 2276 569 2307 k)
598 2277 736 2309 Sequitur
754 2276 833 2308 hinc,
854 2285 871 2301 α
892 2277 920 2302 S.
941 2277 1031 2302 obmt·
1111 2276 1132 2308 l)
1154 2278 1178 2302 A
1200 2278 1227 2302 S.
1249 2285 1324 2302 corr.
1344 2285 1380 2302 ea:
1400 2283 1521 2309 quaere.
1594 2275 1635 2306 m)
1664 2277 1686 2299 A
1710 2276 1736 2299 S.
1757 2282 1831 2299 corr.

69 2327 104 2343 ex
124 2317 321 2349 Rheligionis.
394 2320 424 2349 n)
444 2319 469 2342 A
490 2318 518 2343 S.
538 2326 631 2350 supra
652 2326 725 2343 vers.
745 2319 897 2350 scriptum.

191 2444 200 2463 ¹
229 2444 245 2477 1
274 2442 331 2486 Rg
356 2442 411 2483 24,
441 2442 493 2477 16.
546 2442 616 2475 Prv
644 2442 698 2483 22,
727 2442 782 2476 23.

188 2496 202 2517 ²
226 2496 266 2530 P.
294 2494 512 2539 Stephanum
540 2494 719 2529 Liberium
746 2495 951 2538 significare
977 2495 1141 2535 videtur;
1170 2507 1202 2528 v.
1230 2507 1340 2540 supra
1368 2507 1399 2539 p.
1422 2495 1488 2528 164
1514 2494 1609 2528 269⁸.

188 2550 201 2570 ³
227 2548 376 2583 Abierat
401 2560 432 2582 a.
448 2548 539 2582 1565
558 2559 578 2582 a
596 2547 773 2582 Societate
792 2548 849 2583 Fr.
869 2549 1041 2583 Erasmus
1055 2548 1268 2589 Volckerus,
1295 2548 1357 2582 sed
1375 2559 1439 2582 suo
1458 2550 1564 2587 certe,
1588 2558 1656 2580 non
1676 2546 1832 2580 modera-

68 2607 184 2638 torum
210 2602 318 2642 viti03
353 2601 436 2635 vide
465 2602 551 2635 Can.
578 2601 628 2634 IV
654 2601 839 2636 702—707
868 2602 946 2643 741,
983 2604 1018 2635 et
1044 2613 1153 2646 supra
1188 2614 1221 2646 p.
1249 2602 1304 2635 54.
1355 2601 1530 2635 Abierant
1556 2600 1664 2633 etiam
1691 2611 1735 2633 ex
1763 2598 1833 2633 col-

67 2656 161 2700 legio
187 2655 370 2699 dilingano
397 2655 431 2688 in
459 2654 549 2688 alias
574 2653 764 2688 societatis
790 2654 915 2688 domus
942 2655 1153 2699 complures,
1181 2657 1220 2688 ut
1238 2654 1276 2688 P.
1297 2654 1446 2688 Ioannes
1466 2653 1568 2693 Seeff,
1596 2652 1635 2687 P.
1655 2653 1832 2686 Henricus

67 2709 278 2749 Montanus,
314 2708 370 2741 Fr.
398 2707 528 2741 Petrus
553 2706 689 2748 VranX,
724 2707 780 2741 Fr.
808 2708 958 2742 Ioannes
984 2707 1132 2746 Vierus:
1168 2719 1212 2741 ne
1247 2707 1336 2741 haec
1372 2707 1514 2750 quidem
1550 2705 1832 2739 moderatoribus

67 2762 209 2806 collegii
234 2761 322 2795 vitio
349 2760 441 2794 verti
468 2762 650 2804 poterant;
680 2760 761 2794 vide
787 2771 895 2804 supra
921 2772 953 2805 p.
977 2761 1019 2794 14
1045 2761 1090 2795 49
1117 2761 1162 2794 54
1188 2760 1232 2795 85
1262 2761 1339 2794 111.

187 2817 199 2836 ⁴
224 2814 360 2849 Paulus
395 2814 455 2847 ΙΙΙ.
492 2813 623 2847 litteris
658 2813 865 2858 apostolicis
901 2813 1012 2847 Roma
1051 2814 1103 2847 18.
1132 2813 1297 2847 Octobris
1327 2814 1415 2847 1549
1452 2812 1546 2846 datis
1584 2811 1831 2852 constituerat,

71 2880 134 2910 „ne
168 2868 248 2913 quis
274 2868 355 2913 post
381 2866 512 2900 emissa
539 2869 622 2900 vota
643 2893 650 2900 .
670 2893 676 2900 .
698 2894 704 2900 .
723 2866 800 2900 siue
828 2865 1029 2907 Professus,
1065 2866 1141 2900 siue
1169 2865 1360 2907 Scholaris,
1393 2866 1470 2900 siue
1498 2865 1688 2899 Coadiutor
1714 2865 1830 2899 Socie-

64 2921 171 2956 tatis“
190 2923 296 2962 esset,
319 2921 383 2963 „ad
402 2920 566 2964 quemuis
583 2919 692 2953 alium
707 2919 866 2953 ordinem
882 2946 888 2953 .
906 2946 912 2952 .
929 2946 936 2952 .
966 2918 1293 2962 (Carthusiensium
1313 2919 1502 2952 dumtaxat
1521 2919 1688 2962 excepto)
1704 2918 1771 2952 nisi
1788 2918 1830 2952 de

67 2985 239 3018 expressa
264 2974 377 3018 ipsius
404 2972 604 3017 Praepositi
630 2972 712 3006 aut“
743 2971 961 3016 apostolicae
983 2971 1105 3013 „Sedis
1132 2971 1296 3006 licentia“
1327 2972 1480 3005 transire
1507 2973 1639 3016 posset.
1685 2970 1783 3004 Idem
1811 2982 1830 3004 a

70 3027 130 3061 Pio
163 3026 224 3061 IV.
261 3026 509 3060 confirmatum
545 3027 640 3065 erat;
678 3025 721 3059 de
757 3036 827 3069 qua
862 3037 899 3058 re
936 3024 1021 3058 Pius
1052 3025 1094 3059 V.
1132 3025 1243 3058 Roma
1282 3025 1334 3058 17.
1374 3024 1526 3058 Ianuarii
1564 3024 1654 3058 1566
1690 3023 1830 3058 litteras

65 3079 282 3124 apostolicas
308 3079 454 3113 dederat
485 3079 657 3121 (Litterae
683 3078 899 3123 apostolicae
926 3080 993 3112 etc.
1020 3078 1063 3111 41
1093 3078 1286 3121 99-101).

185 3133 198 3152 ⁵
234 3133 271 3165 In
311 3132 460 3174 collegio
502 3131 686 3175 dilingano
729 3134 872 3176 praeter
914 3131 952 3165 P.
993 3130 1252 3165 Theodoricum
1296 3131 1477 3166 Canisium
1521 3132 1694 3165 rectorem
1738 3142 1829 3164 unus

66 3187 203 3219 tantum
231 3185 397 3228 degebat,
423 3185 481 3229 qui
510 3185 768 3229 professionem
794 3184 1002 3219 sollemnem
1030 3185 1184 3218 fecerat:
1214 3184 1251 3218 P.
1281 3185 1521 3229 Hieronymus
1547 3184 1744 3219 Torrensis.
