2045 3471
294 207 389 240 Mon.
407 206 606 241 652-—654
631 206 709 240 sive
736 217 816 249 aug.
839 205 875 247 (b
895 205 1034 249 9)—('b
1060 204 1128 248 11).
1173 204 1296 238 [aa.
1316 204 1449 248 Aprilis
1475 203 1575 237 1565.
1738 205 1821 245 557

58 323 163 360 652
189 324 268 358 sive
294 332 418 368 aug.
447 321 503 368 (b
524 322 600 367 9).
675 322 698 358 l.
719 322 858 370 Aprilis
885 321 979 358 1565.

175 395 231 430 Ex
257 396 431 430 contionis
462 395 726 435 commentario,
762 406 782 428 a
809 393 951 428 Canisio
986 393 1181 436 recognito.
1233 390 1316 425 Cod.
1344 391 1470 434 otting.
1501 391 1558 433 „L.
1587 391 1646 426 O.“
1676 391 1701 424 f.
1730 390 1824 425 1562.

179 466 344 500 Canisz'us
370 468 552 510 Auyastae
585 467 621 498 in
656 466 797 499 ecclesia
833 464 1039 507 cathedrali,
1075 463 1246 506 quomodo
1281 462 1338 495 lea·
1371 463 1500 495 ieiunii
1530 462 1704 495 servanda
1730 462 1822 494 etin

56 532 96 554 ea
122 521 397 563 dispensandum
425 521 480 562 sit,
507 520 670 562 explicat.

181 585 358 628 Canisius,
394 595 470 617 own
501 587 531 618 1.
559 584 699 626 Aprilis
727 584 817 616 1565
845 582 966 623 (Dom.
994 582 1017 614 Ι
1022 582 1059 614 V.
1089 581 1245 622 Quadr.)
1274 582 1456 622 A-nqustae
1483 581 1520 612 in
1546 579 1686 612 ecclesia
1714 578 1824 611 cathe-

57 638 156 671 drali
190 638 418 681 „mandatum
456 634 669 679 episcopale“
701 635 946 678 promulyaret
982 638 1012 667 et
1047 635 1256 677 explicaret,
1295 633 1336 666 de
1372 633 1498 665 ieiunii
1532 638 1561 665 el
1595 632 1826 665 abstinentiae

56 691 187 735 Zeyz'bns
220 691 306 724 haec
341 692 493 724 notarit:
526 689 578 723 De
609 687 891 730 Quadragesima
926 686 1134 731 specialiter
1167 685 1396 731 praecipitur,
1432 685 1523 729 quod
1561 684 1722 729 exceptis
1757 683 1823 718 Do-

55 743 197 778 minicis
223 743 381 787 quotidie
405 743 532 777 debeat
557 741 648 786 sumj
676 741 863 786 prandium
890 742 1041 781 tautum,
1068 742 1104 773 et
1129 740 1280 783 quisque
1306 750 1344 772 se
1371 750 1391 772 a
1418 749 1528 772 coena
1554 738 1746 777 continere,
1774 737 1823 770 ita

55 802 177 831 tamen
203 797 295 840 quod
315 795 456 841 uesperj
484 795 591 829 liceat
617 794 751 838 aliquid
778 805 919 828 sumere
946 794 990 827 ad
1016 793 1247 827 refectionem
1268 791 1403 826 edendo
1421 791 1480 825 uel
1505 790 1667 824 bibendo.
1703 790 1735 824 3.
1756 789 1823 823 dis—

56 849 276 895 pensandum
314 860 392 883 esse
427 860 508 883 cum
544 848 704 886 infirmis
740 847 910 890 grauidis,
947 846 1132 891 puerperis
1158 848 1193 879 et
1219 844 1300 889 alijs
1325 857 1395 878 non
1421 844 1627 888 potentibus
1654 843 1823 883 ieiunare,

55 903 159 937 modo
185 902 219 936 id
246 902 309 936 fiat
336 913 414 936 cum
442 901 617 935 facultate
644 900 799 944 pastoris
826 902 861 933 et
887 899 1027 944 medicj.

176 956 229 990 De
255 955 322 989 hac
353 955 559 998 „utriusque
585 953 734 987 medici⁸⁴
756 953 930 987 facultate
956 953 1110 997 petenda
1137 952 1230 993 vide,
1258 963 1349 995 quae
1375 951 1497 984 notavi
1522 951 1607 984 Can.
1626 949 1678 983 ΙΙΙ
1705 950 1775 984 76¹.

57 1071 162 1108 653
189 1072 266 1106 sive
293 1080 415 1114 aug.
444 1069 500 1115 (b
519 1068 627 1112 10).
702 1068 726 1103 l.
745 1067 886 1114 Aprilis
912 1067 1006 1103 1565.

174 1142 230 1176 Ex
256 1141 429 1176 contionis
456 1140 720 1181 commentario,
757 1151 777 1173 a
804 1139 946 1173 Canisio
981 1138 1176 1182 recognito.
1229 1136 1312 1172 Cod.
1340 1136 1467 1180 otting.
1499 1136 1556 1178 „L.
1585 1136 1642 1169 Cf
1672 1135 1698 1169 f.
1728 1135 1821 1169 155b.

179 1213 344 1246 Canisins
362 1214 542 1254 Auynstae
568 1223 610 1245 ea·
626 1221 730 1244 sacro
747 1214 908 1253 snogyesta
934 1210 1050 1251 fideles
1075 1209 1288 1242 vehementer
1312 1212 1436 1249 monet,
1466 1212 1501 1239 nt
1527 1218 1548 1239 a
1575 1207 1677 1240 libris
1698 1207 1825 1249 pravis

59 1271 213 1301 caveant.

179 1338 391 1390 Camsius,
415 1352 507 1378 cum
531 1339 568 1379 1.
594 1337 758 1391 Aprilis
782 1337 898 1377 1565
919 1336 1137 1389 Auqustae
1159 1335 1203 1374 in
1228 1334 1393 1375 ecclesia
1419 1333 1656 1373 cathedrali
1680 1346 1823 1384 „man-

58 1404 205 1445 (laium
246 1402 498 1457 episcopale“
540 1402 839 1456 ])2·0»zztlyai·el,
884 1401 941 1441 asl
984 1404 1107 1454 caput
1146 1399 1267 1450 illud,
1313 1412 1390 1453 quo
1429 1398 1572 1450 fideles
1615 1412 1640 1438 a
1677 1398 1825 1449 „libris

56 1467 270 1510 sectariis“
310 1469 486 1522 aliisque
527 1466 648 1508 libris
692 1471 726 1507 et
769 1465 1022 1520 imayinibus
1061 1465 1209 1518 pravis
1244 1477 1387 1504 cavere
1418 1462 1683 1514 iubebantur,
1726 1462 1827 1503 llaec

57 1534 237 1574 notavit:
277 1531 376 1573 Non
417 1533 563 1585 potest
594 1529 745 1583 negarj
789 1529 902 1582 quod
934 1530 1045 1570 sicut
1077 1527 1305 1570 curiositas
1338 1526 1507 1581 decepit
1540 1527 1721 1576 Euam1,
1765 1526 1825 1567 sic

56 1611 169 1639 nunc
201 1597 332 1640 etiam
365 1596 525 1639 multos
548 1595 748 1649 decipiat,
784 1595 882 1636 dum
916 1594 1219 1636 attendunt
1252 1592 1553 1646 spiritibus
1587 1591 1826 1633 erroris2

58 1666 102 1705 et
134 1662 257 1704 dulce
289 1675 500 1703 uenenum
534 1664 694 1714 sugunt
724 1674 778 1701 ex
802 1659 924 1701 nouis
956 1659 1075 1700 libris
1109 1659 1179 1711 qui
1213 1660 1313 1699 sunt
1345 1656 1665 1711 pestilentiores
1698 1670 1825 1709 quam

59 1726 236 1780 quaeuis
278 1728 412 1780 lepra,
456 1726 594 1779 quiuis
637 1739 790 1767 cancer
823 1728 866 1766 et
898 1724 1161 1778 pestilentia,
1204 1737 1282 1764 nec
1315 1726 1460 1776 potest
1493 1721 1688 1763 doctrina.
1720 1735 1827 1763 sana

57 1792 248 1846 retineri,
282 1793 352 1846 ubj
386 1805 471 1833 non
505 1794 714 1833 cauentur
746 1790 842 1843 librj
875 1790 1000 1831 huius
1022 1788 1231 1842 temporis
1254 1788 1367 1841 pleni
1392 1787 1587 1828 omnibus
1610 1786 1826 1828 erroribus

60 1860 105 1900 et
137 1871 162 1899 a
196 1857 430 1899 centesimo
463 1870 547 1897 non
579 1855 896 1907 intelliguntur.

61 1988 168 2026 654
193 1990 271 2024 sive
299 1998 422 2033 aug.
451 1987 506 2033 (b
528 1987 626 2032 11).
702 1987 734 2022 ⁶2.
753 1985 895 2033 Aprilis
922 1984 1015 2020 1565.

178 2060 232 2094 Ex
257 2059 431 2094 contionis
454 2057 726 2097 commentario:
755 2057 999 2092 commentarii
1026 2058 1175 2100 partem,
1204 2067 1309 2099 quam
1329 2056 1420 2088 infra
1448 2067 1549 2099 pono,
1578 2054 1742 2088 Canisius
1760 2065 1824 2087 sua

59 2125 167 2148 manu
192 2113 348 2157 scripsit.
400 2112 483 2147 Cod.
511 2113 639 2155 otting.
672 2112 728 2154 „L.
758 2111 816 2145 C.“
846 2112 869 2144 f.
901 2111 983 2144 158¹¹
1012 2110 1104 2143 159³.

183 2184 349 2236 Canis-ius
374 2184 416 2215 ob
442 2185 617 2216 contiones
644 2184 825 2225 Auyustae
851 2183 891 2214 ole
917 2182 1094 2214 adulterio
1120 2181 1258 2213 habitas
1284 2181 1327 2213 ab
1353 2181 1436 2213 aliis
1461 2180 1644 2221 laudatar,
1672 2179 1715 2212 ab
1742 2180 1826 2213 aliis

59 2239 294 2281 vituperatur.
331 2238 506 2270 Adversus
533 2247 619 2280 qnos
635 2247 670 2269 se
687 2237 852 2278 defendit.
888 2236 1069 2268 Neminem
1088 2236 1303 2267 misci-[orem
1324 2233 1625 2267 contionatoribus
1643 2244 1710 2265 esse
1728 2233 1822 2265 dicit.

182 2308 382 2350 Canisius
407 2323 496 2349 cam
531 2323 654 2350 saera
681 2309 1019 2362 Quaclrayesima
1054 2322 1092 2350 a.
1118 2309 1232 2348 1565
1256 2308 1473 2360 Auqnstae
1504 2309 1663 2346 sextum
1690 2304 1825 2346 Deca-

61 2376 142 2429 loyi
169 2378 452 2428 praeceptum,
491 2379 662 2427 praeter
703 2375 805 2425 alia,
850 2373 1144 2427 explicandam
1178 2373 1422 2425 suscepisset
1466 2375 1500 2410 et
1533 2371 1584 2410 cle
1617 2369 1826 2411 adulterio

62 2440 310 2494 aliquotiens
351 2439 611 2479 contionatus
654 2443 766 2491 esset,
813 2438 929 2490 feria
961 2437 1020 2479 ΙΙ.
1048 2442 1144 2492 post
1178 2437 1297 2477 Dom.
1332 2436 1405 2477 IV.
1442 2435 1605 2486 Quaclr.
1640 2436 1724 2475 sive
1761 2434 1828 2475 elie

60 2506 101 2546 2.
125 2504 290 2558 Aprilis
324 2505 511 2544 ultimam
553 2503 603 2544 de
636 2504 846 2544 (adulterio
879 2504 1104 2544 contionem
1139 2502 1363 2542 habiturus
1397 2501 1613 2540 auditores
1646 2501 1829 2540 monuit:

63 2568 207 2610 Facile
241 2568 436 2620 cogitare
468 2581 643 2621 possum
675 2581 758 2608 non
792 2580 940 2608 omnes
963 2566 1034 2619 qui
1056 2579 1124 2607 me
1148 2565 1340 2613 audiunt,
1375 2570 1483 2605 nona
1516 2564 1640 2605 unius
1672 2563 1829 2605 mentis

63 2646 158 2674 esse
183 2667 190 2675 .
215 2632 388 2686 quidam
430 2632 610 2674 laudant
651 2631 764 2684 quod
806 2631 858 2672 de
898 2633 1079 2684 peccato
1121 2629 1322 2681 adulterij
1356 2628 1538 2670 materia
1571 2628 1718 2669 sedulo
1753 2641 1829 2669 ex-

63 2697 259 2752 plicetur.
327 2697 487 2739 Putant
528 2696 639 2749 quod
681 2710 780 2737 raro
813 2696 920 2737 haec
952 2697 1197 2737 tractentur
1230 2697 1274 2736 et
1306 2698 1451 2736 tamen
1484 2692 1631 2735 multis
1663 2693 1830 2746 prosint

64 2776 143 2804 nec
189 2762 326 2803 solum
377 2761 641 2803 confitentib.
688 2761 761 2802 sed
808 2763 852 2802 et
896 2759 1174 2801 confessorib.
1223 2761 1246 2799 2
1294 2758 1406 2811 quod
1452 2757 1594 2799 nullus
1642 2758 1830 2811 prudens

65 2826 221 2869 offendi
263 2826 400 2880 possit
440 2826 622 2880 proponi
663 2825 854 2867 remedia
896 2827 1044 2866 contra
1089 2824 1261 2865 morbos
1302 2836 1460 2876 graues
1493 2823 1828 2864 adulterantium

66 2894 91 2934 3
125 2892 236 2945 quod
269 2892 337 2933 hic
369 2892 553 2933 mundus
586 2904 697 2931 nunc
740 2890 935 2943 plenus
977 2888 1279 2941 adulterij3
1320 2902 1403 2929 non
1446 2887 1553 2929 satis
1585 2887 1723 2941 possit
1755 2888 1830 2930 ad-

66 2956 243 3010 monerj,
277 2958 321 2998 et
343 2957 481 3010 arguj‚
517 2969 610 2997 cum
634 2955 771 2996 honor
794 2953 953 2996 domini
975 2953 1036 2994 sic
1059 2953 1349 3002 imminuatur,
1385 2956 1429 2995 et
1452 2954 1656 3005 coniuges
1678 2966 1828 3006 parum

66 3021 335 3076 perpendant
367 3023 529 3062 statum
563 3034 685 3061 suum
718 3019 960 3067 honestum,
995 3018 1065 3070 qui
1098 3018 1240 3059 factus
1269 3018 1396 3059 fouea
1419 3017 1526 3059 aller
1549 3018 1698 3060 vnfiat.
1745 3018 1829 3071 Alij

187 3101 215 3132 a)
236 3101 300 3131 Sic;
321 3101 443 3125 alterum
466 3101 517 3125 hoc
537 3106 595 3125 non
617 3099 802 3123 omittendum
823 3098 892 3129 fuit.

191 3195 198 3213 ¹
227 3193 280 3228 Cf.
308 3192 362 3228 Gn
390 3194 421 3229 3.
451 3193 550 3227 1—7.
698 3192 710 3212 ‘²
739 3193 753 3225 1
785 3191 862 3224 Tim
890 3193 921 3228 4,
952 3192 981 3224 1.
1033 3192 1086 3226 cf.
1117 3193 1129 3225 1
1165 3191 1197 3224 [o
1224 3191 1255 3231 4,
1284 3192 1315 3225 6.
1462 3193 1473 3209 ³
1500 3191 1519 3223 ‘2
1548 3189 1633 3224 Petr
1659 3191 1691 3226 2.
1722 3192 1773 3224 14.
