2045 3471
692 186 842 220 Parisiis
869 185 924 220 24.
953 186 1038 219 Maii
1068 186 1170 220 1567.
1721 187 1804 227 477

45 304 210 346 scilicet
231 304 413 346 fratrem
436 308 631 347 nostrum
648 304 876 346 Valterum
892 306 905 331 1
929 308 1046 347 certe
1076 318 1159 346 non
1192 303 1425 358 petiuimus
1457 303 1532 345 sed
1555 317 1650 345 cum
1683 305 1810 357 pater

45 369 222 411 noster2
253 382 329 423 per
360 368 484 410 binas
507 371 583 411 aut
605 372 753 411 ternas
780 369 952 412 litteras
984 371 1294 423 percunctatus
1328 371 1444 410 esset
1475 382 1578 409 num
1610 381 1707 409 eum
1739 366 1807 409 hic

43 436 192 476 tenere
224 447 447 487 possemus
471 447 596 486 quem
621 433 684 476 R.
704 434 757 476 V.
782 433 998 475 scribebat
1021 433 1148 476 isthic
1179 433 1292 474 male
1324 433 1545 474 valentem
1577 435 1622 474 et
1654 431 1807 473 melius

43 498 112 540 hic
154 512 250 540 cum
292 512 367 539 suo
409 498 561 548 fratre,
603 501 752 540 nostro
792 499 978 541 Rectore
1003 533 1011 540 .
1035 498 1190 552 spiritu
1231 500 1275 540 et
1317 511 1495 551 corpore
1522 531 1530 539 .
1554 496 1806 539 valiturum.

44 562 264 617 Rescripsi
306 576 384 604 nos
426 563 623 616 quamuis
666 577 988 617 praemeremur
1019 576 1178 616 magna
1211 576 1308 604 cum
1340 562 1423 604 loci
1455 562 1658 614 angustia
1690 564 1807 604 tuma

44 642 240 670 annonae
273 627 479 670 caritate:
523 641 618 669 esse
657 628 830 670 tamenb
871 627 1169 682 paratissimos
1200 627 1255 669 ad
1287 626 1622 668 succurrendum
1656 626 1805 668 fratris

44 693 182 735 nostri
222 692 494 742 necessitati,
544 693 656 745 quod
699 707 794 734 cum
836 692 1147 746 significassem
1193 694 1343 734 nostro
1385 691 1433 733 P.
1477 691 1552 733 D.c
1593 691 1804 733 Emundo.

43 758 130 800 Jlle
163 758 215 800 de
246 772 297 800 eo
329 760 482 812 postea
515 757 569 799 ad
601 757 654 800 V.
679 758 728 800 R.
763 759 839 799 aut
872 757 1003 799 alium
1036 758 1223 810 aliquem
1256 757 1430 811 scripsit
1462 759 1511 797 vt
1542 755 1803 798 mitteretur.

45 822 90 865 Si
129 822 195 865 his
239 823 291 865 de
335 822 476 864 causis
520 822 753 864 debeamus
798 836 945 864 eorum
990 823 1239 877 persoluere
1284 821 1445 864 viatica
1490 823 1534 862 et
1577 833 1804 874 pauperes,

43 890 217 929 vestros
263 900 424 939 augere
470 885 712 929 thesauros,
781 886 955 928 Judicet
996 887 1042 929 P.
1084 887 1134 929 D.
1179 885 1386 928 Canisius.
1450 884 1705 927 Caeterumd
1752 885 1803 926 de

44 952 96 996 D.
119 952 283 993 Thoma
316 951 438 993 vobis
477 965 502 993 a
535 951 635 992 sede
677 951 939 1005 apostolicae
972 951 1117 993 ablato
1151 953 1195 992 et
1228 951 1282 992 ad
1314 964 1391 992 nos
1423 949 1680 992 transmisso
1714 949 1802 991 dixi

44 1016 165 1059 Patri
195 1016 346 1059 Natali
378 1015 531 1057 mallef
566 1030 643 1057 1105
676 1016 860 1058 mediam
892 1018 1060 1070 partem
1094 1016 1264 1057 soluere
1297 1029 1424 1068 quam
1459 1029 1552 1056 cum
1587 1028 1799 1068 quoquam

44 1082 96 1124 de
137 1082 329 1136 pecunijs
371 1081 555 1135 amplius
597 1081 831 1134 disputare.
897 1081 954 1123 Et
995 1081 1190 1135 profecto
1231 1080 1313 1122 nisi
1355 1083 1445 1122 tam
1488 1079 1625 1121 exiles
1657 1082 1803 1122 essent

43 1147 182 1189 nostri
222 1160 389 1195 census,
439 1160 541 1188 cara
578 1145 625 1199 jn
667 1145 733 1187 his
775 1146 935 1188 nostris
977 1146 1167 1199 exordijs
1209 1145 1364 1195 onmia,
1408 1148 1539 1197 atque
1580 1145 1718 1186 multa
1760 1147 1804 1187 et

42 1211 245 1265 vrgentia
268 1211 413 1253 debita
433 1245 440 1253 .
461 1211 576 1253 Vltro
599 1224 870 1252 numerarem
895 1211 1006 1263 quod
1040 1210 1216 1264 exigitis
1249 1209 1324 1251 sed
1356 1223 1509 1251 reuera
1533 1209 1607 1250 vix
1629 1213 1802 1251 tenuem

42 1279 238 1319 nostram
271 1290 498 1330 possumus
530 1278 780 1318 sustentare
813 1275 1115 1318 conditionem.

161 1341 323 1384 Petunt
355 1341 488 1384 etiam
520 1355 545 1382 a
577 1340 700 1382 nobis
722 1340 908 1382 Romani
930 1343 1236 1394 procuratores
1250 1340 1265 1366 3
1288 1339 1374 1381 alia
1397 1339 1608 1392 quaedam
1630 1338 1804 1382 viatica.

40 1406 265 1460 Jmprimis
297 1406 427 1448 trium
462 1406 533 1458 qui
565 1419 733 1447 mecum
759 1404 1013 1459 OEniponto
1044 1407 1146 1447 ante
1178 1408 1270 1447 tres
1302 1418 1439 1446 annos
1471 1403 1657 1458 profecti
1689 1406 1804 1446 sunt.

42 1471 231 1521 Quorum
275 1471 381 1521 duo,
427 1471 614 1513 Michael
656 1470 979 1513 Cameracensis
1024 1474 1068 1513 et
1112 1470 1305 1512 <Ioannes
1351 1469 1472 1511 halet
1517 1468 1806 1510 Hanoniensis

41 1538 250 1590 perpetuo
284 1537 432 1578 dolore
455 1570 463 1578 .
489 1550 540 1578 ac
572 1535 846 1589 aegritudine
870 1570 878 1578 .
904 1534 1141 1577 conflictati
1165 1569 1173 1577 .
1193 1537 1243 1576 vt
1283 1533 1526 1576 mutatione
1559 1533 1672 1575 aeris
1705 1547 1805 1574 con-

42 1601 317 1644 ualescerent
357 1600 462 1643 mihi
503 1600 607 1654 socij
646 1600 818 1654 J'tineris
861 1600 1052 1642 adiuncti
1093 1603 1194 1642 sunt
1225 1613 1311 1641 non
1343 1599 1473 1640 aliam
1507 1598 1559 1639 ob
1593 1611 1802 1640 causam.

40 1666 200 1709 tertius
224 1666 468 1709 Ludouicus
502 1669 597 1708 erat
631 1665 801 1718 quidem
835 1666 972 1707 bonus
995 1665 1071 1707 sed
1094 1664 1243 1706 uobisg
1274 1664 1402 1718 plane
1430 1663 1730 1717 jncommodus
1763 1666 1806 1705 et

45 1731 168 1773 nobis
189 1731 265 1773 vix
288 1732 378 1774 vlla
399 1731 442 1773 in
464 1745 511 1772 re
534 1729 711 1773 1111115Η
734 1766 742 1773 .
768 1730 937 1773 dicatur
958 1733 1105 1773 tamen
1129 1729 1250 1771 nobis
1282 1729 1350 1770 1110
1372 1728 1529 1771 tertius
1551 1727 1806 1770 vtilissimus

42 1798 145 1850 quia
177 1811 307 1839 sanus
341 1799 450 1839 erat.
514 1795 600 1849 Alij
635 1810 795 1848 quaeso
829 1796 900 1848 qui
933 1809 1136 1849 magnam
1170 1796 1340 1848 partem
1375 1793 1543 1835 Galliae
1576 1796 1677 1835 sunt
1709 1807 1805 1846 per—

44 1861 196 1914 uagati
223 1863 304 1904 hac
337 1862 430 1904 sola
463 1875 594 1903 031153
618 1895 626 1903 .
650 1863 699 1903 vt
728 1860 1021 1914 jnueniremus
1055 1861 1116 1902 eis
1149 1864 1293 1901 aerem
1326 1859 1543 1900 salubrem
1577 1862 1620 1900 et
1654 1872 1804 1900 onera-

42 1931 146 1970 runt
177 1928 264 1969 tria
296 1930 372 1970 aut
398 1929 584 1980 quatuor
607 1926 792 1979 collegia
814 1926 987 1968 viaticis
1010 1928 1060 1968 vt
1082 1925 1288 1967 mutando
1312 1928 1457 1965 aerem
1480 1926 1804 1972 recrearentur,

42 1992 146 2045 quid
168 1992 291 2034 vobis
319 1992 581 2045 jncommodi
613 1991 735 2032 nobis
763 1994 909 2033 autem
932 1990 1143 2032 commodi
1167 1989 1440 2032 attulerunt?
1484 1988 1598 2030 Nam
1621 1987 1805 2029 Michael

45 2057 114 2099 hic
155 2057 248 2111 agit
290 2071 427 2111 aeque
469 2057 581 2098 male
623 2057 805 2099 affectus
838 2059 969 2110 atque
1003 2055 1245 2109 Oeneponti
1283 2054 1356 2096 vbi
1388 2054 1511 2095 vobis
1549 2054 1596 2107 jn
1637 2053 1804 2106 graecis

43 2121 127 2164 fuit
158 2125 417 2176 praeceptor
450 2124 493 2163 et
519 2120 753 2163 Monachiii
786 2123 917 2174 atque
949 2121 1057 2163 adeo
1090 2120 1275 2173 diligens
1307 2122 1564 2173 praeceptor
1596 2121 1644 2160 vt
1676 2118 1802 2171 plane

164 2203 192 2234 a)
212 2203 272 2227 Hoc
291 2211 316 2227 r.
338 2203 367 2226 ἰη
387 2210 433 2233 (ψ.
453 2209 545 2233 supra
568 2209 678 2225 cer-sum
699 2202 841 2233 scriptum
861 2204 911 2226 est.
986 2199 1016 2231 b)
1039 2204 1135 2232 Supra
1159 2208 1230 2225 cers.
1251 2201 1400 2231 scriptum.
1475 2200 1500 2229 c)
1522 2200 1555 2223 ln
1577 2207 1624 2229 (ῳ.
1645 2202 1800 2222 ιὊννει-ῐιιυι

45 2251 81 2268 est·
99 2243 132 2269 P.
205 2243 234 2275 d)
256 2245 315 2268 Hoc
337 2252 359 2268 r.
381 2244 408 2267 in
431 2251 522 2273 mccry.
543 2243 675 2267 additum
696 2246 746 2267 est.
820 2243 847 2272 0)
869 2243 1006 2274 Sequitur
1025 2242 1123 2273 uobis,
1148 2242 1353 2266 oblitteratum.
1428 2240 1456 2269 f)
1484 2239 1559 2264 male
1583 2248 1629 2270 (tp.
1707 2245 1735 2270 gl
1759 2240 1801 2263 Itu

48 2288 77 2309 ut
96 2292 132 2309 ex
151 2285 249 2315 nobis,
269 2285 342 2316 quod
364 2288 403 2309 est
426 2285 453 2308 iu
475 2292 532 2315 ap„
552 2284 728 2315 corrigantur,
749 2291 796 2308 res
815 2284 880 2315 ipsa
901 2284 1009 2315 e.1·iyit;
1037 2292 1058 2307 r.
1081 2284 1161 2314 infra
1182 2284 1250 2306 wltz.
1272 2284 1296 2307 4.
1371 2281 1400 2313 11)
1429 2282 1473 2305 Ila
1497 2282 1523 2305 iu
1546 2290 1591 2311 (tp.
1614 2288 1687 2304 corr.
1709 2284 1748 2303 rs!
1769 2288 1797 2304 ea

45 2325 229 2352 commodus.
302 2326 321 2357 i)
342 2324 380 2350 Et
399 2324 538 2350 Monac-hi
558 2333 605 2356 ap.

168 2426 179 2445 ¹
203 2425 392 2460 Valterum
418 2424 550 2459 Haium
577 2424 706 2469 (Hay),
741 2425 891 2458 fratrem
917 2424 956 2458 P.
984 2423 1161 2458 Edmundi
1188 2424 1282 2464 Haii,
1315 2422 1373 2466 qui
1401 2420 1590 2456 Societatis
1618 2419 1804 2462 collegium

44 2478 243 2524 parisiense
268 2479 436 2522 regebat3
465 2479 511 2513 cf.
542 2479 628 2513 Can.
655 2477 705 2512 IV
731 2478 799 2512 699
828 2478 1025 2518 739—740,
1054 2480 1090 2511 et
1115 2488 1225 2522 supra
1251 2488 1284 2521 p.
1312 2476 1391 2509 275.

164 2532 177 2553 ²
204 2531 237 2566 S.
265 2532 477 2566 Franciscus
503 2531 654 2575 Borgias
681 2531 905 2576 praepositus
931 2530 1121 2574 generalis.

166 2586 178 2605 ³
203 2586 243 2619 P.
270 2586 296 2619 F
300 2585 534 2619 erdinandum
560 2585 673 2619 Solier
709 2587 976 2629 procuratorem
1002 2583 1193 2618 Societatis
1219 2581 1421 2625 generalem
1450 2583 1484 2614 et
1511 2580 1549 2614 P.
1577 2580 1805 2613 Franciscum

43 2638 281 2673 Petrarcham
306 2638 504 2681 significari
532 2640 634 2683 put03
663 2638 708 2673 cf.
736 2649 845 2683 supra
871 2649 906 2682 p.
933 2637 1013 2672 436.

165 2693 179 2712 4
204 2692 397 2726 Manareus
433 2703 462 2726 a.
493 2691 594 2731 1563,
630 2703 675 2725 ex
701 2690 806 2726 Italia
832 2692 866 2725 in
896 2690 1051 2726 Galliam
1088 2690 1139 2723 ire
1166 2688 1295 2729 iussus,
1329 2699 1374 2721 111.
1403 2686 1602 2730 Septembri
1629 2685 1806 2719 Monachii

47 2744 132 2788 egit,
158 2744 213 2779 30.
242 2744 407 2779 Octobris
437 2744 592 2779 Parisios
627 2745 774 2779 advenit
812 2744 915 2789 (Epp.
943 2744 1066 2777 Nadal
1100 2742 1133 2775 H
1160 2741 1226 2775 377
1254 2740 1352 2783 453).
1404 2740 1553 2773 Ioannes
1590 2738 1696 2772 Halet
1730 2738 1806 2772 sive

53 2797 241 2839 „Flander“
272 2801 308 2832 et
331 2798 534 2832 Ludovicus
555 2797 680 2832 Gallus
706 2809 751 2832 m.
773 2797 919 2832 Octobri
946 2808 977 2830 a.
999 2796 1087 2830 1562
1116 2795 1228 2828 Roma
1253 2794 1288 2827 in
1315 2792 1504 2836 collegium
1532 2792 1805 2836 oenipoutanum

48 2851 148 2885 missi
174 2853 276 2885 erant
305 2851 410 2893 (Can.
438 2851 489 2884 ΙΙΙ
515 2851 622 2893 494);
658 2851 717 2885 ubi
743 2851 895 2885 Ioannes
922 2849 1028 2883 etiam
1057 2850 1210 2882 exeunte
1247 2858 1292 2880 m.
1320 2847 1483 2888 Augusto
1519 2856 1549 2879 a.
1579 2845 1669 2880 1:363
1696 2845 1806 2880 fuisse

47 2903 190 2938 videtur
217 2904 323 2949 (Epp.
350 2905 471 2938 Nadal
497 2904 530 2938 ΙΙ
557 2904 636 2938 377.
675 2905 764 2938 Can.
790 2903 840 2938 IV
867 2903 936 2937 ‘204
962 2901 1060 2944 222).
1110 2900 1264 2934 michael
1292 2898 1403 2932 Notes
1433 2899 1510 2932 sive
1538 2898 1807 2933 Cameracensis

49 2955 109 2999 (de
135 2968 204 3001 quo
231 2957 316 2991 Can.
343 2957 393 2991 IV
420 2957 519 3000 236²)
547 2957 735 2999 Augustae
762 2956 883 2990 Natali
910 2967 948 2989 se
974 2953 1134 2988 iunxisse
1170 2953 1314 2986 videtur
1353 2951 1455 2996 (Epp.
1484 2952 1604 2986 Nadaz
1639 2951 1671 2985 ΙΙ
1708 2951 1804 2995 377).

48 3008 268 3043 Ludovicum
295 3009 439 3044 Gallum
466 3009 631 3045 Canisius
665 3009 892 3053 significasse
928 3007 1089 3047 videtur,
1127 3017 1204 3040 cum
1245 3006 1298 3039 14.
1326 3004 1462 3049 Aprilis
1491 3005 1581 3039 1564
1608 3004 1651 3038 ab
1678 3005 1805 3040 Iacobo

50 3061 172 3096 Lainio
198 3062 401 3107 praeposito
427 3062 588 3106 generali
615 3062 827 3096 facultatem
854 3063 993 3105 peteret
1020 3060 1055 3093 in
1075 3058 1229 3092 Galliam
1249 3057 1413 3092 mittendi
1436 3057 1601 3099 „Gallum
1628 3058 1805 3102 quendam

49 3126 69 3148 e
94 3114 291 3149 fratribus.
313 3143 318 3149 .
341 3142 367 3156 .‚
394 3116 455 3159 qui
482 3117 627 3160 propter
653 3114 818 3148 uitiosam
846 3125 886 3147 ac
914 3113 1073 3146 natiuam
1100 3112 1197 3145 illam
1225 3111 1554 3156 pronunciationem
1590 3122 1697 3156 saepe
1724 3111 1804 3156 alijs

50 3166 161 3201 risum
188 3168 406 3202 commouet“
440 3168 545 3210 (Can.
574 3167 622 3200 IV
649 3167 746 3210 498).
