<?xml version="1.0" encoding="UTF-8"?>
<!DOCTYPE html PUBLIC "-//W3C//DTD XHTML 1.0 Transitional//EN"
    "http://www.w3.org/TR/xhtml1/DTD/xhtml1-transitional.dtd">
<html xmlns="http://www.w3.org/1999/xhtml" xml:lang="en" lang="en">
 <head>
  <title>
</title>
<meta http-equiv="Content-Type" content="text/html;charset=utf-8" />
  <meta name='ocr-system' content='tesseract 3.04.00' />
  <meta name='ocr-capabilities' content='ocr_page ocr_carea ocr_par ocr_line ocrx_word'/>
</head>
<body>
  <div class='ocr_page' id='page_1' title='image "beatipetricanisi05cani_0908.png"; bbox 0 0 2045 3471; ppageno 0'>
   <div class='ocr_carea' id='block_1_1' title="bbox 204 200 1694 261">
    <p class='ocr_par' dir='ltr' id='par_1_1' title="bbox 204 200 1694 261">
     <span class='ocr_line' id='line_1_1' title="bbox 204 200 1694 261; baseline -0.012 -10"><span class='ocrx_word' id='word_1_1' title='bbox 204 220 288 261; x_wconf 78' lang='lat'>820</span> <span class='ocrx_word' id='word_1_2' title='bbox 471 214 566 248; x_wconf 89' lang='lat' dir='ltr'>Mon.</span> <span class='ocrx_word' id='word_1_3' title='bbox 585 212 654 247; x_wconf 84' lang='lat'>873</span> <span class='ocrx_word' id='word_1_4' title='bbox 681 211 758 246; x_wconf 85' lang='lat' dir='ltr'>sive</span> <span class='ocrx_word' id='word_1_5' title='bbox 783 209 854 244; x_wconf 85' lang='lat' dir='ltr'>litt.</span> <span class='ocrx_word' id='word_1_6' title='bbox 874 208 962 253; x_wconf 79' lang='lat'>(22).</span> <span class='ocrx_word' id='word_1_7' title='bbox 1006 208 1037 242; x_wconf 94' lang='lat' dir='ltr'>A</span> <span class='ocrx_word' id='word_1_8' title='bbox 1062 218 1108 241; x_wconf 91' lang='lat' dir='ltr'>m.</span> <span class='ocrx_word' id='word_1_9' title='bbox 1129 206 1213 251; x_wconf 90' lang='lat' dir='ltr'>Apr.</span> <span class='ocrx_word' id='word_1_10' title='bbox 1235 204 1324 239; x_wconf 83' lang='lat'>1566</span> <span class='ocrx_word' id='word_1_11' title='bbox 1351 202 1395 237; x_wconf 87' lang='lat' dir='ltr'>ad</span> <span class='ocrx_word' id='word_1_12' title='bbox 1421 213 1466 236; x_wconf 87' lang='lat' dir='ltr'>m.</span> <span class='ocrx_word' id='word_1_13' title='bbox 1487 201 1572 246; x_wconf 90' lang='lat' dir='ltr'>Apr.</span> <span class='ocrx_word' id='word_1_14' title='bbox 1592 200 1694 234; x_wconf 87' lang='lat'>1567.</span> 
     </span>
    </p>
   </div>
   <div class='ocr_carea' id='block_1_2' title="bbox 204 315 1976 1333">
    <p class='ocr_par' dir='ltr' id='par_1_2' title="bbox 204 315 1970 850">
     <span class='ocr_line' id='line_1_2' title="bbox 204 315 1961 377; baseline -0.012 -8"><span class='ocrx_word' id='word_1_15' title='bbox 204 337 301 369; x_wconf 89' lang='lat' dir='ltr'>certe</span> <span class='ocrx_word' id='word_1_16' title='bbox 321 331 513 377; x_wconf 87' lang='lat' dir='ltr'>Augustini</span> <span class='ocrx_word' id='word_1_17' title='bbox 530 330 613 373; x_wconf 86' lang='lat' dir='ltr'>sint,</span> <span class='ocrx_word' id='word_1_18' title='bbox 639 329 702 370; x_wconf 85' lang='lat' dir='ltr'>uti,</span> <span class='ocrx_word' id='word_1_19' title='bbox 728 328 791 363; x_wconf 87' lang='lat' dir='ltr'>sed</span> <span class='ocrx_word' id='word_1_20' title='bbox 817 327 898 362; x_wconf 89' lang='lat' dir='ltr'>aliis</span> <span class='ocrx_word' id='word_1_21' title='bbox 917 326 1036 366; x_wconf 89' lang='lat' dir='ltr'>etiam,</span> <span class='ocrx_word' id='word_1_22' title='bbox 1062 324 1122 369; x_wconf 90' lang='lat' dir='ltr'>qui</span> <span class='ocrx_word' id='word_1_23' title='bbox 1147 322 1338 367; x_wconf 80' lang='lat' dir='ltr'>aliquibus,</span> <span class='ocrx_word' id='word_1_24' title='bbox 1365 319 1529 366; x_wconf 83' lang='lat' dir='ltr'><strong>inprimis</strong></span> <span class='ocrx_word' id='word_1_25' title='bbox 1547 319 1696 353; x_wconf 88' lang='lat' dir='ltr'>Erasmo</span> <span class='ocrx_word' id='word_1_26' title='bbox 1714 315 1961 356; x_wconf 85' lang='lat' dir='ltr'>Roterodamo,</span> 
     </span>
     <span class='ocr_line' id='line_1_3' title="bbox 206 371 1963 431; baseline -0.012 -9"><span class='ocrx_word' id='word_1_27' title='bbox 206 386 400 431; x_wconf 74' lang='lat' dir='ltr'><strong>Augustini</strong></span> <span class='ocrx_word' id='word_1_28' title='bbox 425 384 567 419; x_wconf 88' lang='lat' dir='ltr'>nomine</span> <span class='ocrx_word' id='word_1_29' title='bbox 593 393 781 429; x_wconf 81' lang='lat' dir='ltr'>perperam</span> <span class='ocrx_word' id='word_1_30' title='bbox 806 379 953 415; x_wconf 84' lang='lat' dir='ltr'><strong>inscribi</strong></span> <span class='ocrx_word' id='word_1_31' title='bbox 979 379 1181 413; x_wconf 86' lang='lat' dir='ltr'>videantur.</span> <span class='ocrx_word' id='word_1_32' title='bbox 1231 375 1356 419; x_wconf 81' lang='lat' dir='ltr'>Neque</span> <span class='ocrx_word' id='word_1_33' title='bbox 1382 376 1503 407; x_wconf 87' lang='lat' dir='ltr'>tamen</span> <span class='ocrx_word' id='word_1_34' title='bbox 1538 372 1583 406; x_wconf 88' lang='lat' dir='ltr'>ad</span> <span class='ocrx_word' id='word_1_35' title='bbox 1608 371 1749 405; x_wconf 86' lang='lat' dir='ltr'>Erasmi</span> <span class='ocrx_word' id='word_1_36' title='bbox 1775 379 1963 403; x_wconf 82' lang='lat' dir='ltr'>censuram</span> 
     </span>
     <span class='ocr_line' id='line_1_4' title="bbox 206 421 1965 482; baseline -0.012 -7"><span class='ocrx_word' id='word_1_37' title='bbox 206 440 323 475; x_wconf 86' lang='lat' dir='ltr'>omnia</span> <span class='ocrx_word' id='word_1_38' title='bbox 349 438 526 482; x_wconf 86' lang='lat' dir='ltr'>exigenda</span> <span class='ocrx_word' id='word_1_39' title='bbox 553 448 650 477; x_wconf 87' lang='lat' dir='ltr'>esse;</span> <span class='ocrx_word' id='word_1_40' title='bbox 679 446 758 469; x_wconf 89' lang='lat' dir='ltr'>eum</span> <span class='ocrx_word' id='word_1_41' title='bbox 786 434 877 468; x_wconf 90' lang='lat' dir='ltr'>enim</span> <span class='ocrx_word' id='word_1_42' title='bbox 904 432 1108 475; x_wconf 87' lang='lat' dir='ltr'>linguarum</span> <span class='ocrx_word' id='word_1_43' title='bbox 1126 429 1270 474; x_wconf 88' lang='lat' dir='ltr'>quidem</span> <span class='ocrx_word' id='word_1_44' title='bbox 1288 427 1426 473; x_wconf 86' lang='lat' dir='ltr'>peritia,</span> <span class='ocrx_word' id='word_1_45' title='bbox 1453 425 1554 460; x_wconf 84' lang='lat' dir='ltr'>varia</span> <span class='ocrx_word' id='word_1_46' title='bbox 1572 424 1735 463; x_wconf 90' lang='lat' dir='ltr'>lectione,</span> <span class='ocrx_word' id='word_1_47' title='bbox 1761 421 1965 466; x_wconf 74' lang='lat' dir='ltr'>eloquentia</span> 
     </span>
     <span class='ocr_line' id='line_1_5' title="bbox 205 477 1965 537; baseline -0.012 -9"><span class='ocrx_word' id='word_1_48' title='bbox 205 494 382 537; x_wconf 81' lang='lat' dir='ltr'><strong>insignem</strong></span> <span class='ocrx_word' id='word_1_49' title='bbox 409 492 532 531; x_wconf 87' lang='lat' dir='ltr'>fuisse,</span> <span class='ocrx_word' id='word_1_50' title='bbox 560 490 621 524; x_wconf 86' lang='lat' dir='ltr'>sed</span> <span class='ocrx_word' id='word_1_51' title='bbox 654 490 941 534; x_wconf 77' lang='lat' dir='ltr'>„praeposteram</span> <span class='ocrx_word' id='word_1_52' title='bbox 968 483 1147 519; x_wconf 88' lang='lat' dir='ltr'>iudicandi</span> <span class='ocrx_word' id='word_1_53' title='bbox 1174 481 1360 517; x_wconf 83' lang='lat' dir='ltr'>audaciam</span> <span class='ocrx_word' id='word_1_54' title='bbox 1386 482 1495 523; x_wconf 78' lang='lat' dir='ltr'>atque</span> <span class='ocrx_word' id='word_1_55' title='bbox 1520 477 1771 518; x_wconf 72' lang='lat' dir='ltr'>temeritatem,</span> <span class='ocrx_word' id='word_1_56' title='bbox 1805 486 1965 520; x_wconf 90' lang='lat' dir='ltr'>praeser-</span> 
     </span>
     <span class='ocr_line' id='line_1_6' title="bbox 205 528 1966 588; baseline -0.012 -7"><span class='ocrx_word' id='word_1_57' title='bbox 205 549 271 581; x_wconf 88' lang='lat' dir='ltr'>tim</span> <span class='ocrx_word' id='word_1_58' title='bbox 297 548 333 581; x_wconf 90' lang='lat' dir='ltr'>in</span> <span class='ocrx_word' id='word_1_59' title='bbox 359 545 492 580; x_wconf 86' lang='lat' dir='ltr'>sacris“</span> <span class='ocrx_word' id='word_1_60' title='bbox 523 545 646 588; x_wconf 86' lang='lat' dir='ltr'>aperte</span> <span class='ocrx_word' id='word_1_61' title='bbox 672 542 709 576; x_wconf 89' lang='lat' dir='ltr'>in</span> <span class='ocrx_word' id='word_1_62' title='bbox 728 553 768 575; x_wconf 88' lang='lat' dir='ltr'>eo</span> <span class='ocrx_word' id='word_1_63' title='bbox 786 539 914 574; x_wconf 89' lang='lat' dir='ltr'>notari.</span> <span class='ocrx_word' id='word_1_64' title='bbox 949 537 1080 580; x_wconf 82' lang='lat' dir='ltr'>Quodsi</span> <span class='ocrx_word' id='word_1_65' title='bbox 1101 534 1299 571; x_wconf 87' lang='lat' dir='ltr'>adversarii</span> <span class='ocrx_word' id='word_1_66' title='bbox 1326 534 1542 567; x_wconf 86' lang='lat' dir='ltr'>incertorum</span> <span class='ocrx_word' id='word_1_67' title='bbox 1560 530 1731 565; x_wconf 87' lang='lat' dir='ltr'>librorum</span> <span class='ocrx_word' id='word_1_68' title='bbox 1751 528 1966 563; x_wconf 85' lang='lat' dir='ltr'>auctoritate</span> 
     </span>
     <span class='ocr_line' id='line_1_7' title="bbox 207 581 1967 644; baseline -0.013 -9"><span class='ocrx_word' id='word_1_69' title='bbox 207 599 327 644; x_wconf 82' lang='lat' dir='ltr'>urgeri</span> <span class='ocrx_word' id='word_1_70' title='bbox 353 598 478 639; x_wconf 79' lang='lat' dir='ltr'>nolint,</span> <span class='ocrx_word' id='word_1_71' title='bbox 515 596 623 631; x_wconf 88' lang='lat' dir='ltr'>certis</span> <span class='ocrx_word' id='word_1_72' title='bbox 657 597 778 629; x_wconf 87' lang='lat' dir='ltr'>tamen</span> <span class='ocrx_word' id='word_1_73' title='bbox 815 592 964 627; x_wconf 84' lang='lat' dir='ltr'>credant</span> <span class='ocrx_word' id='word_1_74' title='bbox 989 592 1163 636; x_wconf 84' lang='lat' dir='ltr'>oportere.</span> <span class='ocrx_word' id='word_1_75' title='bbox 1218 588 1303 630; x_wconf 78' lang='lat' dir='ltr'>„Est</span> <span class='ocrx_word' id='word_1_76' title='bbox 1339 585 1482 620; x_wconf 89' lang='lat' dir='ltr'>interim</span> <span class='ocrx_word' id='word_1_77' title='bbox 1509 583 1683 618; x_wconf 88' lang='lat' dir='ltr'>moderati</span> <span class='ocrx_word' id='word_1_78' title='bbox 1709 581 1967 627; x_wconf 87' lang='lat' dir='ltr'>prudentisque</span> 
     </span>
     <span class='ocr_line' id='line_1_8' title="bbox 207 635 1967 696; baseline -0.013 -8"><span class='ocrx_word' id='word_1_79' title='bbox 207 653 288 692; x_wconf 91' lang='lat' dir='ltr'>viri,</span> <span class='ocrx_word' id='word_1_80' title='bbox 315 652 346 687; x_wconf 89' lang='lat' dir='ltr'>si</span> <span class='ocrx_word' id='word_1_81' title='bbox 371 650 545 696; x_wconf 87' lang='lat' dir='ltr'>quosdam</span> <span class='ocrx_word' id='word_1_82' title='bbox 570 649 681 683; x_wconf 90' lang='lat' dir='ltr'>libros</span> <span class='ocrx_word' id='word_1_83' title='bbox 707 650 878 691; x_wconf 78' lang='lat' dir='ltr'>tanquam</span> <span class='ocrx_word' id='word_1_84' title='bbox 899 643 1092 687; x_wconf 86' lang='lat' dir='ltr'>Augustini</span> <span class='ocrx_word' id='word_1_85' title='bbox 1120 641 1280 687; x_wconf 89' lang='lat' dir='ltr'>proprios</span> <span class='ocrx_word' id='word_1_86' title='bbox 1306 650 1376 673; x_wconf 90' lang='lat' dir='ltr'>non</span> <span class='ocrx_word' id='word_1_87' title='bbox 1402 637 1541 683; x_wconf 82' lang='lat' dir='ltr'>recipit,</span> <span class='ocrx_word' id='word_1_88' title='bbox 1569 638 1665 671; x_wconf 88' lang='lat' dir='ltr'>certe</span> <span class='ocrx_word' id='word_1_89' title='bbox 1690 635 1771 669; x_wconf 87' lang='lat' dir='ltr'>illos</span> <span class='ocrx_word' id='word_1_90' title='bbox 1796 637 1967 678; x_wconf 84' lang='lat' dir='ltr'>tanquam</span> 
     </span>
     <span class='ocr_line' id='line_1_9' title="bbox 209 686 1968 747; baseline -0.013 -6"><span class='ocrx_word' id='word_1_91' title='bbox 209 706 371 741; x_wconf 85' lang='lat' dir='ltr'>authoris</span> <span class='ocrx_word' id='word_1_92' title='bbox 396 704 549 739; x_wconf 88' lang='lat' dir='ltr'>alicuius</span> <span class='ocrx_word' id='word_1_93' title='bbox 576 702 624 747; x_wconf 84' lang='lat' dir='ltr'>pij</span> <span class='ocrx_word' id='word_1_94' title='bbox 651 704 688 736; x_wconf 87' lang='lat' dir='ltr'>et</span> <span class='ocrx_word' id='word_1_95' title='bbox 712 701 924 746; x_wconf 88' lang='lat' dir='ltr'>plerumque</span> <span class='ocrx_word' id='word_1_96' title='bbox 943 697 1078 731; x_wconf 88' lang='lat' dir='ltr'>veteris</span> <span class='ocrx_word' id='word_1_97' title='bbox 1104 707 1174 730; x_wconf 92' lang='lat' dir='ltr'>non</span> <span class='ocrx_word' id='word_1_98' title='bbox 1193 694 1362 728; x_wconf 87' lang='lat' dir='ltr'>damnare</span> <span class='ocrx_word' id='word_1_99' title='bbox 1381 694 1488 735; x_wconf 87' lang='lat' dir='ltr'>atque</span> <span class='ocrx_word' id='word_1_100' title='bbox 1507 692 1745 729; x_wconf 85' lang='lat' dir='ltr'>contemnere,</span> <span class='ocrx_word' id='word_1_101' title='bbox 1771 688 1833 722; x_wconf 89' lang='lat' dir='ltr'>sed</span> <span class='ocrx_word' id='word_1_102' title='bbox 1852 686 1968 732; x_wconf 84' lang='lat' dir='ltr'>potius</span> 
     </span>
     <span class='ocr_line' id='line_1_10' title="bbox 209 739 1970 794; baseline -0.012 0"><span class='ocrx_word' id='word_1_103' title='bbox 209 762 249 794; x_wconf 88' lang='lat' dir='ltr'>vt</span> <span class='ocrx_word' id='word_1_104' title='bbox 275 759 410 794; x_wconf 86' lang='lat' dir='ltr'>veteris</span> <span class='ocrx_word' id='word_1_105' title='bbox 435 756 620 792; x_wconf 83' lang='lat' dir='ltr'>Ecclesiae</span> <span class='ocrx_word' id='word_1_106' title='bbox 646 757 761 788; x_wconf 89' lang='lat' dir='ltr'>testes</span> <span class='ocrx_word' id='word_1_107' title='bbox 796 765 836 787; x_wconf 87' lang='lat' dir='ltr'>ac</span> <span class='ocrx_word' id='word_1_108' title='bbox 868 751 1029 789; x_wconf 87' lang='lat' dir='ltr'>nuncios,</span> <span class='ocrx_word' id='word_1_109' title='bbox 1065 761 1085 783; x_wconf 90' lang='lat' dir='ltr'>a</span> <span class='ocrx_word' id='word_1_110' title='bbox 1120 748 1244 782; x_wconf 89' lang='lat' dir='ltr'>multis</span> <span class='ocrx_word' id='word_1_111' title='bbox 1280 746 1387 780; x_wconf 88' lang='lat' dir='ltr'>etiam</span> <span class='ocrx_word' id='word_1_112' title='bbox 1423 744 1572 778; x_wconf 85' lang='lat' dir='ltr'>eruditis</span> <span class='ocrx_word' id='word_1_113' title='bbox 1607 742 1784 788; x_wconf 87' lang='lat' dir='ltr'>probatos,</span> <span class='ocrx_word' id='word_1_114' title='bbox 1819 739 1970 775; x_wconf 83' lang='lat' dir='ltr'>candide</span> 
     </span>
     <span class='ocr_line' id='line_1_11' title="bbox 210 805 1006 850; baseline -0.011 -3"><span class='ocrx_word' id='word_1_115' title='bbox 210 813 400 848; x_wconf 85' lang='lat' dir='ltr'>admittere</span> <span class='ocrx_word' id='word_1_116' title='bbox 426 823 468 845; x_wconf 84' lang='lat' dir='ltr'>ac</span> <span class='ocrx_word' id='word_1_117' title='bbox 493 808 668 844; x_wconf 80' lang='lat' dir='ltr'>1·etinere“</span> <span class='ocrx_word' id='word_1_118' title='bbox 701 807 741 850; x_wconf 88' lang='lat' dir='ltr'>(f.</span> <span class='ocrx_word' id='word_1_119' title='bbox 768 818 792 850; x_wconf 87' lang='lat' dir='ltr'>g</span> <span class='ocrx_word' id='word_1_120' title='bbox 809 806 920 848; x_wconf 73' lang='lat' dir='ltr'>2b—g</span> <span class='ocrx_word' id='word_1_121' title='bbox 938 805 1006 847; x_wconf 70' lang='lat'>4¹³).</span> 
     </span>
    </p>

    <p class='ocr_par' dir='ltr' id='par_1_3' title="bbox 212 847 1972 1015">
     <span class='ocr_line' id='line_1_12' title="bbox 306 847 1971 904; baseline -0.013 -4"><span class='ocrx_word' id='word_1_122' title='bbox 306 866 382 899; x_wconf 89' lang='lat' dir='ltr'>Hoc</span> <span class='ocrx_word' id='word_1_123' title='bbox 407 865 471 898; x_wconf 84' lang='lat' dir='ltr'>vix</span> <span class='ocrx_word' id='word_1_124' title='bbox 507 863 651 897; x_wconf 84' lang='lat' dir='ltr'>dubium</span> <span class='ocrx_word' id='word_1_125' title='bbox 688 872 767 894; x_wconf 86' lang='lat' dir='ltr'>esse</span> <span class='ocrx_word' id='word_1_126' title='bbox 802 860 942 904; x_wconf 88' lang='lat' dir='ltr'>potest:</span> <span class='ocrx_word' id='word_1_127' title='bbox 979 856 1154 895; x_wconf 87' lang='lat' dir='ltr'>Canisius,</span> <span class='ocrx_word' id='word_1_128' title='bbox 1190 864 1260 898; x_wconf 89' lang='lat' dir='ltr'>qua</span> <span class='ocrx_word' id='word_1_129' title='bbox 1287 853 1364 886; x_wconf 89' lang='lat' dir='ltr'>erat</span> <span class='ocrx_word' id='word_1_130' title='bbox 1390 851 1425 885; x_wconf 89' lang='lat' dir='ltr'>in</span> <span class='ocrx_word' id='word_1_131' title='bbox 1451 852 1598 885; x_wconf 89' lang='lat' dir='ltr'>sanctos</span> <span class='ocrx_word' id='word_1_132' title='bbox 1624 849 1751 882; x_wconf 86' lang='lat' dir='ltr'>Patres</span> <span class='ocrx_word' id='word_1_133' title='bbox 1777 847 1910 892; x_wconf 88' lang='lat' dir='ltr'>pietate</span> <span class='ocrx_word' id='word_1_134' title='bbox 1935 848 1971 880; x_wconf 91' lang='lat' dir='ltr'>et</span> 
     </span>
     <span class='ocr_line' id='line_1_13' title="bbox 212 901 1972 964; baseline -0.013 -10"><span class='ocrx_word' id='word_1_135' title='bbox 212 931 280 964; x_wconf 88' lang='lat' dir='ltr'>quo</span> <span class='ocrx_word' id='word_1_136' title='bbox 320 918 500 961; x_wconf 83' lang='lat' dir='ltr'>flagrabat</span> <span class='ocrx_word' id='word_1_137' title='bbox 542 914 740 950; x_wconf 87' lang='lat' dir='ltr'>catholicae</span> <span class='ocrx_word' id='word_1_138' title='bbox 779 911 945 947; x_wconf 85' lang='lat' dir='ltr'>veritatis</span> <span class='ocrx_word' id='word_1_139' title='bbox 983 907 1218 943; x_wconf 77' lang='lat' dir='ltr'>vindicandae</span> <span class='ocrx_word' id='word_1_140' title='bbox 1261 905 1396 945; x_wconf 77' lang='lat' dir='ltr'>studio,</span> <span class='ocrx_word' id='word_1_141' title='bbox 1440 907 1515 938; x_wconf 87' lang='lat' dir='ltr'>tum</span> <span class='ocrx_word' id='word_1_142' title='bbox 1558 901 1706 937; x_wconf 88' lang='lat' dir='ltr'>consilio</span> <span class='ocrx_word' id='word_1_143' title='bbox 1747 904 1822 935; x_wconf 90' lang='lat' dir='ltr'>tum</span> <span class='ocrx_word' id='word_1_144' title='bbox 1865 909 1972 944; x_wconf 87' lang='lat' dir='ltr'>opera</span> 
     </span>
     <span class='ocr_line' id='line_1_14' title="bbox 213 959 1392 1015; baseline -0.014 -8"><span class='ocrx_word' id='word_1_145' title='bbox 213 974 251 1007; x_wconf 87' lang='grc' dir='ltr'>Ρ.</span> <span class='ocrx_word' id='word_1_146' title='bbox 279 973 537 1015; x_wconf 86' lang='lat' dir='ltr'>Hieronymum</span> <span class='ocrx_word' id='word_1_147' title='bbox 563 969 775 1002; x_wconf 88' lang='lat' dir='ltr'>Torrensem</span> <span class='ocrx_word' id='word_1_148' title='bbox 801 965 836 999; x_wconf 90' lang='lat' dir='ltr'>in</span> <span class='ocrx_word' id='word_1_149' title='bbox 863 965 930 999; x_wconf 90' lang='lat' dir='ltr'>hoc</span> <span class='ocrx_word' id='word_1_150' title='bbox 956 963 1045 997; x_wconf 90' lang='lat' dir='ltr'>libro</span> <span class='ocrx_word' id='word_1_151' title='bbox 1072 961 1206 996; x_wconf 90' lang='lat' dir='ltr'>edendo</span> <span class='ocrx_word' id='word_1_152' title='bbox 1233 959 1392 993; x_wconf 89' lang='lat' dir='ltr'>iuvabat.</span> 
     </span>
    </p>

    <p class='ocr_par' dir='ltr' id='par_1_4' title="bbox 215 1005 1976 1281">
     <span class='ocr_line' id='line_1_15' title="bbox 333 1005 1973 1065; baseline -0.012 -6"><span class='ocrx_word' id='word_1_153' title='bbox 333 1024 518 1060; x_wconf 83' lang='lat' dir='ltr'>Confessio</span> <span class='ocrx_word' id='word_1_154' title='bbox 547 1020 812 1065; x_wconf 84' lang='lat' dir='ltr'>Augustiniana</span> <span class='ocrx_word' id='word_1_155' title='bbox 839 1018 952 1052; x_wconf 89' lang='lat' dir='ltr'>denuo</span> <span class='ocrx_word' id='word_1_156' title='bbox 979 1027 1113 1050; x_wconf 86' lang='lat' dir='ltr'>excusa</span> <span class='ocrx_word' id='word_1_157' title='bbox 1139 1017 1195 1048; x_wconf 85' lang='lat' dir='ltr'>est</span> <span class='ocrx_word' id='word_1_158' title='bbox 1212 1013 1379 1055; x_wconf 81' lang='lat' dir='ltr'>Dilingae</span> <span class='ocrx_word' id='word_1_159' title='bbox 1406 1010 1553 1050; x_wconf 87' lang='lat' dir='ltr'>a.1569,</span> <span class='ocrx_word' id='word_1_160' title='bbox 1580 1008 1730 1042; x_wconf 84' lang='lat' dir='ltr'>Parisiis</span> <span class='ocrx_word' id='word_1_161' title='bbox 1752 1007 1850 1046; x_wconf 86' lang='lat'>1569,</span> <span class='ocrx_word' id='word_1_162' title='bbox 1872 1005 1973 1046; x_wconf 88' lang='lat'>1570,</span> 
     </span>
     <span class='ocr_line' id='line_1_16' title="bbox 216 1058 1974 1120; baseline -0.013 -6"><span class='ocrx_word' id='word_1_163' title='bbox 216 1080 317 1120; x_wconf 87' lang='lat'>1571,</span> <span class='ocrx_word' id='word_1_164' title='bbox 344 1077 512 1113; x_wconf 86' lang='lat' dir='ltr'>Coloniae</span> <span class='ocrx_word' id='word_1_165' title='bbox 541 1075 641 1116; x_wconf 80' lang='lat'>1610,</span> <span class='ocrx_word' id='word_1_166' title='bbox 671 1074 773 1113; x_wconf 86' lang='lat'>1675,</span> <span class='ocrx_word' id='word_1_167' title='bbox 792 1071 1024 1106; x_wconf 85' lang='lat' dir='ltr'>Vindobonae</span> <span class='ocrx_word' id='word_1_168' title='bbox 1047 1066 1290 1102; x_wconf 81' lang='grc'><strong>1717-1720,</strong></span> <span class='ocrx_word' id='word_1_169' title='bbox 1328 1063 1516 1098; x_wconf 89' lang='lat' dir='ltr'>Torrensis</span> <span class='ocrx_word' id='word_1_170' title='bbox 1542 1061 1747 1106; x_wconf 83' lang='lat' dir='ltr'>exemplum</span> <span class='ocrx_word' id='word_1_171' title='bbox 1772 1059 1887 1094; x_wconf 84' lang='lat' dir='ltr'>secuti</span> <span class='ocrx_word' id='word_1_172' title='bbox 1913 1058 1974 1093; x_wconf 88' lang='lat' dir='ltr'>alii</span> 
     </span>
     <span class='ocr_line' id='line_1_17' title="bbox 216 1112 1975 1170; baseline -0.013 -3"><span class='ocrx_word' id='word_1_173' title='bbox 216 1133 403 1167; x_wconf 87' lang='lat' dir='ltr'>ediderunt</span> <span class='ocrx_word' id='word_1_174' title='bbox 430 1129 681 1164; x_wconf 87' lang='lat' dir='ltr'>Confessiones</span> <span class='ocrx_word' id='word_1_175' title='bbox 716 1126 935 1170; x_wconf 80' lang='lat' dir='ltr'>cypri-anam,</span> <span class='ocrx_word' id='word_1_176' title='bbox 970 1120 1289 1166; x_wconf 83' lang='lat' dir='ltr'>hieronymianam,</span> <span class='ocrx_word' id='word_1_177' title='bbox 1328 1116 1612 1155; x_wconf 74' lang='lat' dir='ltr'>ambrosianam3</span> <span class='ocrx_word' id='word_1_178' title='bbox 1648 1126 1682 1148; x_wconf 91' lang='lat' dir='ltr'>v.</span> <span class='ocrx_word' id='word_1_179' title='bbox 1711 1112 1975 1155; x_wconf 71' lang='lat' dir='ltr'>Sommervoyel,</span> 
     </span>
     <span class='ocr_line' id='line_1_18' title="bbox 218 1165 1976 1221; baseline -0.013 -1"><span class='ocrx_word' id='word_1_180' title='bbox 218 1186 306 1220; x_wconf 85' lang='lat' dir='ltr'>Bibl.</span> <span class='ocrx_word' id='word_1_181' title='bbox 335 1184 419 1218; x_wconf 86' lang='lat' dir='ltr'>VIII</span> <span class='ocrx_word' id='word_1_182' title='bbox 449 1181 653 1221; x_wconf 80' lang='lat'>127—128;</span> <span class='ocrx_word' id='word_1_183' title='bbox 690 1180 739 1213; x_wconf 88' lang='lat' dir='ltr'>IX</span> <span class='ocrx_word' id='word_1_184' title='bbox 766 1179 853 1217; x_wconf 82' lang='grc'><strong>877;</strong></span> <span class='ocrx_word' id='word_1_185' title='bbox 887 1178 933 1211; x_wconf 90' lang='lat' dir='ltr'>H.</span> <span class='ocrx_word' id='word_1_186' title='bbox 961 1177 1099 1210; x_wconf 75' lang='lat' dir='ltr'>Hurter</span> <span class='ocrx_word' id='word_1_187' title='bbox 1126 1173 1159 1208; x_wconf 87' lang='lat' dir='ltr'>S.</span> <span class='ocrx_word' id='word_1_188' title='bbox 1186 1173 1231 1215; x_wconf 62' lang='lat' dir='ltr'>J„</span> <span class='ocrx_word' id='word_1_189' title='bbox 1266 1170 1521 1205; x_wconf 90' lang='lat' dir='ltr'>Nomenclator</span> <span class='ocrx_word' id='word_1_190' title='bbox 1555 1167 1737 1202; x_wconf 78' lang='lat' dir='ltr'>literarius</span> <span class='ocrx_word' id='word_1_191' title='bbox 1768 1165 1976 1200; x_wconf 83' lang='lat' dir='ltr'>recentioris</span> 
     </span>
     <span class='ocr_line' id='line_1_19' title="bbox 215 1224 1415 1281; baseline -0.013 -8"><span class='ocrx_word' id='word_1_192' title='bbox 215 1238 416 1281; x_wconf 83' lang='lat' dir='ltr'>theologiae</span> <span class='ocrx_word' id='word_1_193' title='bbox 442 1235 640 1270; x_wconf 88' lang='lat' dir='ltr'>catholicae</span> <span class='ocrx_word' id='word_1_194' title='bbox 667 1234 692 1273; x_wconf 91' lang='lat' dir='ltr'>I,</span> <span class='ocrx_word' id='word_1_195' title='bbox 719 1232 772 1266; x_wconf 88' lang='lat' dir='ltr'>ed.</span> <span class='ocrx_word' id='word_1_196' title='bbox 800 1232 831 1272; x_wconf 76' lang='lat'>2,</span> <span class='ocrx_word' id='word_1_197' title='bbox 860 1229 1059 1274; x_wconf 85' lang='lat' dir='ltr'>Oeniponte</span> <span class='ocrx_word' id='word_1_198' title='bbox 1088 1227 1189 1267; x_wconf 77' lang='lat'>1892,</span> <span class='ocrx_word' id='word_1_199' title='bbox 1219 1224 1415 1259; x_wconf 76' lang='lat'>152—153.</span> 
     </span>
    </p>

    <p class='ocr_par' dir='ltr' id='par_1_5' title="bbox 335 1271 1976 1333">
     <span class='ocr_line' id='line_1_20' title="bbox 335 1271 1976 1333; baseline -0.012 -8"><span class='ocrx_word' id='word_1_200' title='bbox 335 1290 511 1326; x_wconf 81' lang='lat' dir='ltr'>Editionis</span> <span class='ocrx_word' id='word_1_201' title='bbox 538 1287 707 1333; x_wconf 86' lang='lat' dir='ltr'>principis</span> <span class='ocrx_word' id='word_1_202' title='bbox 734 1284 936 1329; x_wconf 83' lang='lat' dir='ltr'>exemplum</span> <span class='ocrx_word' id='word_1_203' title='bbox 964 1282 1036 1316; x_wconf 88' lang='lat' dir='ltr'>vidi</span> <span class='ocrx_word' id='word_1_204' title='bbox 1054 1279 1299 1321; x_wconf 83' lang='lat' dir='ltr'>Luxemburgi</span> <span class='ocrx_word' id='word_1_205' title='bbox 1325 1278 1360 1311; x_wconf 90' lang='lat' dir='ltr'>in</span> <span class='ocrx_word' id='word_1_206' title='bbox 1378 1276 1594 1311; x_wconf 86' lang='lat' dir='ltr'>bibliotheca</span> <span class='ocrx_word' id='word_1_207' title='bbox 1618 1273 1761 1319; x_wconf 85' lang='lat' dir='ltr'>publica</span> <span class='ocrx_word' id='word_1_208' title='bbox 1787 1272 1835 1316; x_wconf 88' lang='lat' dir='ltr'>(n.</span> <span class='ocrx_word' id='word_1_209' title='bbox 1854 1271 1976 1315; x_wconf 77' lang='lat'>2331).</span> 
     </span>
    </p>
   </div>
   <div class='ocr_carea' id='block_1_3' title="bbox 222 1380 1593 1438">
    <p class='ocr_par' dir='ltr' id='par_1_6' title="bbox 222 1380 1593 1438">
     <span class='ocr_line' id='line_1_21' title="bbox 222 1380 1593 1438; baseline -0.014 -5"><span class='ocrx_word' id='word_1_210' title='bbox 222 1396 326 1433; x_wconf 72' lang='lat'>873</span> <span class='ocrx_word' id='word_1_211' title='bbox 353 1397 431 1431; x_wconf 70' lang='lat' dir='ltr'>sive</span> <span class='ocrx_word' id='word_1_212' title='bbox 457 1393 567 1430; x_wconf 83' lang='lat' dir='ltr'>litt.</span> <span class='ocrx_word' id='word_1_213' title='bbox 588 1391 724 1438; x_wconf 70' lang='lat'>(22).</span> <span class='ocrx_word' id='word_1_214' title='bbox 799 1388 827 1424; x_wconf 89' lang='lat' dir='ltr'>A</span> <span class='ocrx_word' id='word_1_215' title='bbox 854 1397 900 1423; x_wconf 74' lang='grc' dir='ltr'>ιιι.</span> <span class='ocrx_word' id='word_1_216' title='bbox 919 1385 1039 1433; x_wconf 80' lang='lat' dir='ltr'>Aprili</span> <span class='ocrx_word' id='word_1_217' title='bbox 1064 1383 1147 1420; x_wconf 84' lang='lat'>1566</span> <span class='ocrx_word' id='word_1_218' title='bbox 1174 1382 1219 1419; x_wconf 72' lang='lat' dir='ltr'>aa</span> <span class='ocrx_word' id='word_1_219' title='bbox 1246 1392 1292 1418; x_wconf 85' lang='lat' dir='ltr'>m.</span> <span class='ocrx_word' id='word_1_220' title='bbox 1311 1381 1474 1428; x_wconf 78' lang='lat' dir='ltr'>Aprilem</span> <span class='ocrx_word' id='word_1_221' title='bbox 1500 1380 1593 1416; x_wconf 79' lang='lat'>1567.</span> 
     </span>
    </p>
   </div>
   <div class='ocr_carea' id='block_1_4' title="bbox 223 1446 1980 1564">
    <p class='ocr_par' dir='ltr' id='par_1_7' title="bbox 223 1446 1980 1564">
     <span class='ocr_line' id='line_1_22' title="bbox 340 1446 1980 1509; baseline -0.013 -8"><span class='ocrx_word' id='word_1_222' title='bbox 340 1467 395 1501; x_wconf 77' lang='lat' dir='ltr'>Ex</span> <span class='ocrx_word' id='word_1_223' title='bbox 422 1464 640 1509; x_wconf 85' lang='lat' dir='ltr'>archetypis,</span> <span class='ocrx_word' id='word_1_224' title='bbox 675 1472 768 1506; x_wconf 89' lang='lat' dir='ltr'>quae</span> <span class='ocrx_word' id='word_1_225' title='bbox 801 1460 947 1493; x_wconf 84' lang='lat' dir='ltr'>exstant</span> <span class='ocrx_word' id='word_1_226' title='bbox 980 1457 1016 1491; x_wconf 92' lang='lat' dir='ltr'>in</span> <span class='ocrx_word' id='word_1_227' title='bbox 1042 1455 1151 1490; x_wconf 90' lang='lat' dir='ltr'>Codd.</span> <span class='ocrx_word' id='word_1_228' title='bbox 1182 1454 1284 1497; x_wconf 78' lang='lat' dir='ltr'>„EN“</span> <span class='ocrx_word' id='word_1_229' title='bbox 1314 1465 1349 1487; x_wconf 86' lang='lat' dir='ltr'>n.</span> <span class='ocrx_word' id='word_1_230' title='bbox 1371 1453 1435 1486; x_wconf 85' lang='grc'>126</span> <span class='ocrx_word' id='word_1_231' title='bbox 1464 1452 1529 1486; x_wconf 92' lang='grc'>167</span> <span class='ocrx_word' id='word_1_232' title='bbox 1559 1450 1625 1485; x_wconf 87' lang='grc'><strong>178</strong></span> <span class='ocrx_word' id='word_1_233' title='bbox 1652 1452 1688 1483; x_wconf 89' lang='lat' dir='ltr'>et</span> <span class='ocrx_word' id='word_1_234' title='bbox 1718 1448 1817 1491; x_wconf 79' lang='lat' dir='ltr'>,EB“</span> <span class='ocrx_word' id='word_1_235' title='bbox 1847 1446 1980 1481; x_wconf 81' lang='lat' dir='ltr'>n.194.</span> 
     </span>
     <span class='ocr_line' id='line_1_23' title="bbox 223 1502 1752 1564; baseline -0.013 -8"><span class='ocrx_word' id='word_1_236' title='bbox 223 1521 341 1556; x_wconf 86' lang='lat' dir='ltr'>Etiam</span> <span class='ocrx_word' id='word_1_237' title='bbox 370 1521 433 1564; x_wconf 79' lang='lat' dir='ltr'>(ex</span> <span class='ocrx_word' id='word_1_238' title='bbox 459 1518 584 1552; x_wconf 85' lang='lat' dir='ltr'>iisdem</span> <span class='ocrx_word' id='word_1_239' title='bbox 612 1513 836 1559; x_wconf 87' lang='lat' dir='ltr'>archetypis)</span> <span class='ocrx_word' id='word_1_240' title='bbox 864 1512 898 1546; x_wconf 92' lang='lat' dir='ltr'>in</span> <span class='ocrx_word' id='word_1_241' title='bbox 926 1511 1015 1555; x_wconf 92' lang='lat' dir='ltr'>Epp.</span> <span class='ocrx_word' id='word_1_242' title='bbox 1042 1510 1164 1544; x_wconf 82' lang='lat' dir='ltr'>Nadal</span> <span class='ocrx_word' id='word_1_243' title='bbox 1192 1508 1241 1541; x_wconf 88' lang='lat' dir='ltr'>III</span> <span class='ocrx_word' id='word_1_244' title='bbox 1270 1507 1336 1541; x_wconf 81' lang='lat'>123</span> <span class='ocrx_word' id='word_1_245' title='bbox 1363 1505 1550 1540; x_wconf 78' lang='lat'>356—357</span> <span class='ocrx_word' id='word_1_246' title='bbox 1577 1503 1647 1538; x_wconf 88' lang='lat'>400</span> <span class='ocrx_word' id='word_1_247' title='bbox 1671 1502 1752 1536; x_wconf 86' lang='lat'>435.</span> 
     </span>
    </p>
   </div>
   <div class='ocr_carea' id='block_1_5' title="bbox 225 1571 1986 2053">
    <p class='ocr_par' dir='ltr' id='par_1_8' title="bbox 225 1571 1986 2053">
     <span class='ocr_line' id='line_1_24' title="bbox 342 1571 1983 1625; baseline -0.013 -1"><span class='ocrx_word' id='word_1_248' title='bbox 342 1591 485 1625; x_wconf 78' lang='lat' dir='ltr'>Natalis</span> <span class='ocrx_word' id='word_1_249' title='bbox 510 1589 671 1621; x_wconf 73' lang='lat' dir='ltr'>visitator</span> <span class='ocrx_word' id='word_1_250' title='bbox 698 1588 850 1619; x_wconf 70' lang='lat' dir='ltr'>instante</span> <span class='ocrx_word' id='word_1_251' title='bbox 876 1582 1137 1624; x_wconf 74' lang='lat' dir='ltr'>archiepiscopo</span> <span class='ocrx_word' id='word_1_252' title='bbox 1164 1578 1401 1612; x_wconf 76' lang='lat' dir='ltr'>cameracensi</span> <span class='ocrx_word' id='word_1_253' title='bbox 1435 1581 1464 1609; x_wconf 79' lang='lat' dir='ltr'>et</span> <span class='ocrx_word' id='word_1_254' title='bbox 1490 1575 1658 1609; x_wconf 78' lang='lat' dir='ltr'>consultis</span> <span class='ocrx_word' id='word_1_255' title='bbox 1685 1574 1753 1607; x_wconf 89' lang='grc' dir='ltr'>ΡΡ.</span> <span class='ocrx_word' id='word_1_256' title='bbox 1782 1571 1927 1606; x_wconf 74' lang='grc' dir='ltr'><em>Οαηίεἰο</em></span> <span class='ocrx_word' id='word_1_257' title='bbox 1953 1573 1983 1602; x_wconf 72' lang='lat' dir='ltr'>et</span> 
     </span>
     <span class='ocr_line' id='line_1_25' title="bbox 225 1625 1982 1685; baseline -0.014 -5"><span class='ocrx_word' id='word_1_258' title='bbox 225 1647 394 1681; x_wconf 78' lang='lat' dir='ltr'>Ledesma</span> <span class='ocrx_word' id='word_1_259' title='bbox 423 1645 460 1677; x_wconf 87' lang='lat' dir='ltr'>P.</span> <span class='ocrx_word' id='word_1_260' title='bbox 481 1642 663 1685; x_wconf 73' lang='lat' dir='ltr'>Alphonso</span> <span class='ocrx_word' id='word_1_261' title='bbox 682 1640 814 1672; x_wconf 80' lang='lat' dir='ltr'>Pisano</span> <span class='ocrx_word' id='word_1_262' title='bbox 841 1636 999 1677; x_wconf 78' lang='lat' dir='ltr'>mandat,</span> <span class='ocrx_word' id='word_1_263' title='bbox 1026 1639 1063 1667; x_wconf 84' lang='lat' dir='ltr'>ut</span> <span class='ocrx_word' id='word_1_264' title='bbox 1090 1633 1258 1666; x_wconf 76' lang='lat' dir='ltr'>adversus</span> <span class='ocrx_word' id='word_1_265' title='bbox 1276 1632 1433 1665; x_wconf 73' lang='lat' dir='ltr'>Martini</span> <span class='ocrx_word' id='word_1_266' title='bbox 1453 1629 1641 1663; x_wconf 62' lang='lat' dir='ltr'>Chemnitizss</span> <span class='ocrx_word' id='word_1_267' title='bbox 1661 1627 1839 1671; x_wconf 69' lang='lat' dir='ltr'>„Eoeamen</span> <span class='ocrx_word' id='word_1_268' title='bbox 1868 1625 1982 1657; x_wconf 79' lang='lat' dir='ltr'>decre-</span> 
     </span>
     <span class='ocr_line' id='line_1_26' title="bbox 225 1677 1983 1733; baseline -0.014 0"><span class='ocrx_word' id='word_1_269' title='bbox 225 1705 341 1733; x_wconf 78' lang='lat' dir='ltr'>torum</span> <span class='ocrx_word' id='word_1_270' title='bbox 370 1697 521 1731; x_wconf 71' lang='lat' dir='ltr'>Concilii</span> <span class='ocrx_word' id='word_1_271' title='bbox 552 1690 789 1733; x_wconf 57' lang='lat' dir='ltr'>Tridentinffl,</span> <span class='ocrx_word' id='word_1_272' title='bbox 825 1691 906 1722; x_wconf 79' lang='lat' dir='ltr'>dnm</span> <span class='ocrx_word' id='word_1_273' title='bbox 936 1688 1098 1722; x_wconf 67' lang='lat' dir='ltr'>Didacus</span> <span class='ocrx_word' id='word_1_274' title='bbox 1123 1687 1243 1728; x_wconf 67' lang='lat' dir='ltr'>Payva</span> <span class='ocrx_word' id='word_1_275' title='bbox 1280 1685 1454 1727; x_wconf 66' lang='lat' dir='ltr'>copiosam</span> <span class='ocrx_word' id='word_1_276' title='bbox 1489 1683 1735 1724; x_wconf 74' lang='lat' dir='ltr'>refutationem</span> <span class='ocrx_word' id='word_1_277' title='bbox 1758 1682 1874 1722; x_wconf 73' lang='lat' dir='ltr'>paret,</span> <span class='ocrx_word' id='word_1_278' title='bbox 1909 1677 1983 1720; x_wconf 74' lang='lat' dir='ltr'>ipse</span> 
     </span>
     <span class='ocr_line' id='line_1_27' title="bbox 225 1730 1984 1792; baseline -0.014 -6"><span class='ocrx_word' id='word_1_279' title='bbox 225 1755 343 1786; x_wconf 77' lang='lat' dir='ltr'>statim</span> <span class='ocrx_word' id='word_1_280' title='bbox 379 1751 512 1784; x_wconf 72' lang='lat' dir='ltr'>brevem</span> <span class='ocrx_word' id='word_1_281' title='bbox 549 1742 829 1792; x_wconf 59' lang='lat' dir='ltr'>„Prodrommffl</span> <span class='ocrx_word' id='word_1_282' title='bbox 867 1745 1062 1785; x_wconf 72' lang='lat' dir='ltr'>componat.</span> <span class='ocrx_word' id='word_1_283' title='bbox 1113 1739 1241 1773; x_wconf 73' lang='lat' dir='ltr'>Pisani</span> <span class='ocrx_word' id='word_1_284' title='bbox 1278 1738 1415 1771; x_wconf 73' lang='lat' dir='ltr'>libellus</span> <span class='ocrx_word' id='word_1_285' title='bbox 1446 1737 1563 1779; x_wconf 76' lang='lat' dir='ltr'>placet</span> <span class='ocrx_word' id='word_1_286' title='bbox 1597 1734 1723 1768; x_wconf 75' lang='lat' dir='ltr'>Natali</span> <span class='ocrx_word' id='word_1_287' title='bbox 1732 1745 1745 1775; x_wconf 85' lang='lat'>,·</span> <span class='ocrx_word' id='word_1_288' title='bbox 1781 1741 1891 1775; x_wconf 80' lang='lat' dir='ltr'>quare</span> <span class='ocrx_word' id='word_1_289' title='bbox 1927 1730 1984 1762; x_wconf 81' lang='lat' dir='ltr'>hic</span> 
     </span>
     <span class='ocr_line' id='line_1_28' title="bbox 230 1784 1985 1839; baseline -0.014 0"><span class='ocrx_word' id='word_1_290' title='bbox 230 1806 414 1839; x_wconf 68' lang='lat' dir='ltr'>Cani-sium</span> <span class='ocrx_word' id='word_1_291' title='bbox 449 1802 593 1836; x_wconf 77' lang='lat' dir='ltr'>eundem</span> <span class='ocrx_word' id='word_1_292' title='bbox 632 1800 785 1832; x_wconf 71' lang='lat' dir='ltr'>libellum</span> <span class='ocrx_word' id='word_1_293' title='bbox 822 1805 1063 1839; x_wconf 69' lang='lat' dir='ltr'>recoynoscere</span> <span class='ocrx_word' id='word_1_294' title='bbox 1101 1794 1148 1826; x_wconf 77' lang='lat' dir='ltr'>acl</span> <span class='ocrx_word' id='word_1_295' title='bbox 1183 1802 1328 1834; x_wconf 75' lang='lat' dir='ltr'>eumque</span> <span class='ocrx_word' id='word_1_296' title='bbox 1365 1789 1605 1823; x_wconf 77' lang='lat' dir='ltr'>excudendum</span> <span class='ocrx_word' id='word_1_297' title='bbox 1644 1797 1784 1830; x_wconf 77' lang='lat' dir='ltr'>operam</span> <span class='ocrx_word' id='word_1_298' title='bbox 1824 1784 1985 1825; x_wconf 80' lang='lat' dir='ltr'>conferre</span> 
     </span>
     <span class='ocr_line' id='line_1_29' title="bbox 227 1838 1984 1892; baseline -0.015 1"><span class='ocrx_word' id='word_1_299' title='bbox 227 1859 329 1892; x_wconf 79' lang='lat' dir='ltr'>iubet.</span> <span class='ocrx_word' id='word_1_300' title='bbox 374 1857 441 1890; x_wconf 78' lang='lat' dir='ltr'>Sed</span> <span class='ocrx_word' id='word_1_301' title='bbox 469 1855 637 1889; x_wconf 61' lang='grc' dir='ltr'>ΟαηίειίωἸ</span> <span class='ocrx_word' id='word_1_302' title='bbox 663 1852 815 1885; x_wconf 72' lang='lat' dir='ltr'>libellum</span> <span class='ocrx_word' id='word_1_303' title='bbox 844 1849 1020 1892; x_wconf 78' lang='lat' dir='ltr'>improbat</span> <span class='ocrx_word' id='word_1_304' title='bbox 1045 1857 1154 1890; x_wconf 75' lang='lat' dir='ltr'>neque</span> <span class='ocrx_word' id='word_1_305' title='bbox 1180 1844 1420 1878; x_wconf 67' lang='lat' dir='ltr'>excudendum</span> <span class='ocrx_word' id='word_1_306' title='bbox 1446 1845 1560 1875; x_wconf 73' lang='lat' dir='ltr'>curat.</span> <span class='ocrx_word' id='word_1_307' title='bbox 1598 1842 1716 1882; x_wconf 75' lang='lat' dir='ltr'>Quare</span> <span class='ocrx_word' id='word_1_308' title='bbox 1741 1838 1883 1873; x_wconf 75' lang='lat' dir='ltr'>Natalis</span> <span class='ocrx_word' id='word_1_309' title='bbox 1908 1846 1984 1869; x_wconf 74' lang='lat' dir='ltr'>eunt</span> 
     </span>
     <span class='ocr_line' id='line_1_30' title="bbox 228 1891 1986 1950; baseline -0.014 -5"><span class='ocrx_word' id='word_1_310' title='bbox 228 1913 376 1945; x_wconf 82' lang='lat' dir='ltr'>Romam</span> <span class='ocrx_word' id='word_1_311' title='bbox 402 1910 449 1942; x_wconf 86' lang='lat' dir='ltr'>ad</span> <span class='ocrx_word' id='word_1_312' title='bbox 475 1909 645 1950; x_wconf 72' lang='lat' dir='ltr'>Boryiam</span> <span class='ocrx_word' id='word_1_313' title='bbox 671 1906 776 1938; x_wconf 75' lang='lat' dir='ltr'>mittit</span> <span class='ocrx_word' id='word_1_314' title='bbox 801 1913 945 1946; x_wconf 68' lang='lat' dir='ltr'>royans,</span> <span class='ocrx_word' id='word_1_315' title='bbox 970 1901 1095 1943; x_wconf 75' lang='lat' dir='ltr'>videat,</span> <span class='ocrx_word' id='word_1_316' title='bbox 1129 1904 1168 1932; x_wconf 76' lang='lat' dir='ltr'>ut</span> <span class='ocrx_word' id='word_1_317' title='bbox 1194 1898 1330 1931; x_wconf 72' lang='lat' dir='ltr'>libellus</span> <span class='ocrx_word' id='word_1_318' title='bbox 1352 1907 1419 1939; x_wconf 78' lang='lat' dir='ltr'>per</span> <span class='ocrx_word' id='word_1_319' title='bbox 1445 1896 1482 1928; x_wconf 90' lang='lat' dir='ltr'>P.</span> <span class='ocrx_word' id='word_1_320' title='bbox 1502 1895 1737 1928; x_wconf 72' lang='lat' dir='ltr'>Franciscnm</span> <span class='ocrx_word' id='word_1_321' title='bbox 1760 1891 1986 1924; x_wconf 76' lang='lat' dir='ltr'>Turrz‘anum</span> 
     </span>
     <span class='ocr_line' id='line_1_31' title="bbox 230 1946 1986 2007; baseline -0.014 -8"><span class='ocrx_word' id='word_1_322' title='bbox 230 1967 299 2007; x_wconf 84' lang='lat' dir='ltr'>(vel</span> <span class='ocrx_word' id='word_1_323' title='bbox 324 1964 434 2004; x_wconf 69' lang='lat' dir='ltr'>alios)</span> <span class='ocrx_word' id='word_1_324' title='bbox 460 1961 660 2004; x_wconf 66' lang='lat' dir='ltr'>reaoqnicus</span> <span class='ocrx_word' id='word_1_325' title='bbox 686 1958 736 1991; x_wconf 71' lang='lat' dir='ltr'>vel</span> <span class='ocrx_word' id='word_1_326' title='bbox 761 1958 808 1990; x_wconf 83' lang='lat' dir='ltr'>ad</span> <span class='ocrx_word' id='word_1_327' title='bbox 834 1968 869 1990; x_wconf 78' lang='lat' dir='ltr'>se</span> <span class='ocrx_word' id='word_1_328' title='bbox 894 1956 944 1988; x_wconf 69' lang='lat' dir='ltr'>vel</span> <span class='ocrx_word' id='word_1_329' title='bbox 970 1955 1017 1987; x_wconf 79' lang='lat' dir='ltr'>ad</span> <span class='ocrx_word' id='word_1_330' title='bbox 1045 1954 1230 1987; x_wconf 71' lang='lat' dir='ltr'>Canisium</span> <span class='ocrx_word' id='word_1_331' title='bbox 1257 1952 1459 1984; x_wconf 77' lang='lat' dir='ltr'>remittatur</span> <span class='ocrx_word' id='word_1_332' title='bbox 1469 1961 1482 1990; x_wconf 86' lang='lat'>,·</span> <span class='ocrx_word' id='word_1_333' title='bbox 1510 1950 1601 1990; x_wconf 72' lang='lat' dir='ltr'>ipsos</span> <span class='ocrx_word' id='word_1_334' title='bbox 1627 1950 1818 1980; x_wconf 71' lang='lat' dir='ltr'>curaturos</span> <span class='ocrx_word' id='word_1_335' title='bbox 1842 1954 1922 1985; x_wconf 79' lang='lat' dir='ltr'>esse,</span> <span class='ocrx_word' id='word_1_336' title='bbox 1948 1946 1986 1975; x_wconf 53' lang='lat' dir='ltr'>‘uf</span> 
     </span>
     <span class='ocr_line' id='line_1_32' title="bbox 229 2007 1193 2053; baseline -0.016 0"><span class='ocrx_word' id='word_1_337' title='bbox 229 2030 305 2053; x_wconf 78' lang='lat' dir='ltr'>cum</span> <span class='ocrx_word' id='word_1_338' title='bbox 333 2018 470 2051; x_wconf 74' lang='lat' dir='ltr'>externi</span> <span class='ocrx_word' id='word_1_339' title='bbox 495 2014 651 2048; x_wconf 72' lang='lat' dir='ltr'>alicuius</span> <span class='ocrx_word' id='word_1_340' title='bbox 678 2012 816 2045; x_wconf 83' lang='lat' dir='ltr'>nomine</span> <span class='ocrx_word' id='word_1_341' title='bbox 842 2010 935 2052; x_wconf 72' lang='lat' dir='ltr'>typis</span> <span class='ocrx_word' id='word_1_342' title='bbox 960 2007 1193 2040; x_wconf 57' lang='lat' dir='ltr'>ascribatur.</span> 
     </span>
    </p>
   </div>
   <div class='ocr_carea' id='block_1_6' title="bbox 232 2061 2004 3180">
    <p class='ocr_par' dir='ltr' id='par_1_9' title="bbox 232 2061 2004 3180">
     <span class='ocr_line' id='line_1_33' title="bbox 349 2061 1988 2120; baseline -0.013 -5"><span class='ocrx_word' id='word_1_343' title='bbox 349 2082 436 2116; x_wconf 88' lang='lat' dir='ltr'>Cum</span> <span class='ocrx_word' id='word_1_344' title='bbox 467 2081 626 2115; x_wconf 57' lang='lat' dir='ltr'>Didae-us</span> <span class='ocrx_word' id='word_1_345' title='bbox 651 2078 771 2120; x_wconf 70' lang='lat' dir='ltr'>Payva</span> <span class='ocrx_word' id='word_1_346' title='bbox 797 2076 838 2107; x_wconf 77' lang='lat' dir='ltr'>de</span> <span class='ocrx_word' id='word_1_347' title='bbox 864 2073 1043 2107; x_wconf 79' lang='lat' dir='ltr'>Andrada</span> <span class='ocrx_word' id='word_1_348' title='bbox 1070 2069 1260 2112; x_wconf 85' lang='lat' dir='ltr'>theologus</span> <span class='ocrx_word' id='word_1_349' title='bbox 1285 2067 1463 2102; x_wconf 85' lang='lat' dir='ltr'>lusitanus</span> <span class='ocrx_word' id='word_1_350' title='bbox 1489 2065 1664 2099; x_wconf 75' lang='lat' dir='ltr'>adversus</span> <span class='ocrx_word' id='word_1_351' title='bbox 1690 2062 1845 2097; x_wconf 76' lang='lat' dir='ltr'>Martini</span> <span class='ocrx_word' id='word_1_352' title='bbox 1869 2061 1988 2094; x_wconf 85' lang='lat' dir='ltr'>Chem—</span> 
     </span>
     <span class='ocr_line' id='line_1_34' title="bbox 232 2112 1986 2174; baseline -0.014 -3"><span class='ocrx_word' id='word_1_353' title='bbox 232 2137 314 2171; x_wconf 69' lang='lat' dir='ltr'>nita·</span> <span class='ocrx_word' id='word_1_354' title='bbox 348 2132 529 2169; x_wconf 86' lang='lat' dir='ltr'>lutherani</span> <span class='ocrx_word' id='word_1_355' title='bbox 560 2129 796 2174; x_wconf 82' lang='lat' dir='ltr'>„Theologiae</span> <span class='ocrx_word' id='word_1_356' title='bbox 827 2126 1065 2160; x_wconf 87' lang='lat' dir='ltr'>Iesvvitarum</span> <span class='ocrx_word' id='word_1_357' title='bbox 1101 2122 1294 2168; x_wconf 86' lang='lat' dir='ltr'>praecipua</span> <span class='ocrx_word' id='word_1_358' title='bbox 1329 2119 1467 2164; x_wconf 84' lang='lat' dir='ltr'>capita“</span> <span class='ocrx_word' id='word_1_359' title='bbox 1504 2118 1554 2161; x_wconf 87' lang='lat' dir='ltr'>(v.</span> <span class='ocrx_word' id='word_1_360' title='bbox 1585 2118 1672 2151; x_wconf 83' lang='lat' dir='ltr'>Can.</span> <span class='ocrx_word' id='word_1_361' title='bbox 1698 2116 1747 2150; x_wconf 92' lang='lat' dir='ltr'>III</span> <span class='ocrx_word' id='word_1_362' title='bbox 1783 2112 1986 2155; x_wconf 46' lang='lat'>809‘814)</span> 
     </span>
     <span class='ocr_line' id='line_1_35' title="bbox 233 2166 1990 2225; baseline -0.014 -1"><span class='ocrx_word' id='word_1_363' title='bbox 233 2203 263 2225; x_wconf 91' lang='lat' dir='ltr'>a.</span> <span class='ocrx_word' id='word_1_364' title='bbox 286 2189 376 2224; x_wconf 82' lang='lat'>1564</span> <span class='ocrx_word' id='word_1_365' title='bbox 393 2185 556 2221; x_wconf 82' lang='lat' dir='ltr'>Venetiis</span> <span class='ocrx_word' id='word_1_366' title='bbox 582 2186 616 2217; x_wconf 88' lang='lat' dir='ltr'>et</span> <span class='ocrx_word' id='word_1_367' title='bbox 644 2182 810 2217; x_wconf 87' lang='lat' dir='ltr'>Coloniae</span> <span class='ocrx_word' id='word_1_368' title='bbox 842 2178 1151 2221; x_wconf 80' lang='lat' dir='ltr'>„Orthodoxarum</span> <span class='ocrx_word' id='word_1_369' title='bbox 1179 2173 1468 2219; x_wconf 79' lang='lat' dir='ltr'>Explicationum</span> <span class='ocrx_word' id='word_1_370' title='bbox 1496 2171 1622 2205; x_wconf 90' lang='lat' dir='ltr'>Libros</span> <span class='ocrx_word' id='word_1_371' title='bbox 1648 2169 1789 2203; x_wconf 82' lang='lat' dir='ltr'>decem“</span> <span class='ocrx_word' id='word_1_372' title='bbox 1820 2166 1990 2201; x_wconf 87' lang='lat' dir='ltr'>edidisset</span> 
     </span>
     <span class='ocr_line' id='line_1_36' title="bbox 234 2218 1990 2286; baseline -0.014 -9"><span class='ocrx_word' id='word_1_373' title='bbox 234 2246 289 2286; x_wconf 88' lang='lat' dir='ltr'>(v.</span> <span class='ocrx_word' id='word_1_374' title='bbox 320 2243 406 2276; x_wconf 83' lang='lat' dir='ltr'>Can.</span> <span class='ocrx_word' id='word_1_375' title='bbox 433 2239 482 2273; x_wconf 91' lang='lat' dir='ltr'>IV</span> <span class='ocrx_word' id='word_1_376' title='bbox 519 2235 779 2276; x_wconf 66' lang='lat' dir='ltr'>lom—1014),</span> <span class='ocrx_word' id='word_1_377' title='bbox 819 2233 1036 2267; x_wconf 75' lang='lat' dir='ltr'>Clzenmitius</span> <span class='ocrx_word' id='word_1_378' title='bbox 1071 2229 1103 2263; x_wconf 92' lang='lat' dir='ltr'>ei</span> <span class='ocrx_word' id='word_1_379' title='bbox 1138 2227 1323 2273; x_wconf 87' lang='lat' dir='ltr'>respondit</span> <span class='ocrx_word' id='word_1_380' title='bbox 1357 2225 1495 2260; x_wconf 86' lang='lat' dir='ltr'>duabus</span> <span class='ocrx_word' id='word_1_381' title='bbox 1531 2223 1694 2268; x_wconf 86' lang='lat' dir='ltr'>partibus</span> <span class='ocrx_word' id='word_1_382' title='bbox 1729 2220 1862 2266; x_wconf 90' lang='lat' dir='ltr'>operis,</span> <span class='ocrx_word' id='word_1_383' title='bbox 1897 2218 1990 2263; x_wconf 88' lang='lat' dir='ltr'>quod</span> 
     </span>
     <span class='ocr_line' id='line_1_37' title="bbox 238 2271 1991 2338; baseline -0.014 -8"><span class='ocrx_word' id='word_1_384' title='bbox 238 2297 418 2338; x_wconf 78' lang='lat' dir='ltr'>„Examen</span> <span class='ocrx_word' id='word_1_385' title='bbox 453 2293 677 2326; x_wconf 85' lang='lat' dir='ltr'>decretorum</span> <span class='ocrx_word' id='word_1_386' title='bbox 712 2286 861 2321; x_wconf 90' lang='lat' dir='ltr'>Concilii</span> <span class='ocrx_word' id='word_1_387' title='bbox 896 2283 1115 2318; x_wconf 87' lang='lat' dir='ltr'>Tridentini“</span> <span class='ocrx_word' id='word_1_388' title='bbox 1154 2280 1407 2325; x_wconf 88' lang='lat' dir='ltr'>inscripserat,</span> <span class='ocrx_word' id='word_1_389' title='bbox 1443 2289 1473 2311; x_wconf 87' lang='lat' dir='ltr'>a.</span> <span class='ocrx_word' id='word_1_390' title='bbox 1499 2276 1652 2318; x_wconf 55' lang='lat' dir='ltr'>1565]ssss</span> <span class='ocrx_word' id='word_1_391' title='bbox 1687 2273 1913 2308; x_wconf 87' lang='lat' dir='ltr'>Francofurti</span> <span class='ocrx_word' id='word_1_392' title='bbox 1947 2271 1991 2305; x_wconf 85' lang='lat' dir='ltr'>ad</span> 
     </span>
     <span class='ocr_line' id='line_1_38' title="bbox 235 2327 1992 2387; baseline -0.015 -4"><span class='ocrx_word' id='word_1_393' title='bbox 235 2350 402 2383; x_wconf 87' lang='lat' dir='ltr'>Moenum</span> <span class='ocrx_word' id='word_1_394' title='bbox 428 2345 589 2387; x_wconf 81' lang='lat' dir='ltr'>vulgatis</span> <span class='ocrx_word' id='word_1_395' title='bbox 619 2341 793 2385; x_wconf 89' lang='lat' dir='ltr'>(reliquas</span> <span class='ocrx_word' id='word_1_396' title='bbox 820 2340 909 2373; x_wconf 89' lang='lat' dir='ltr'>duas</span> <span class='ocrx_word' id='word_1_397' title='bbox 937 2349 967 2371; x_wconf 90' lang='lat' dir='ltr'>a.</span> <span class='ocrx_word' id='word_1_398' title='bbox 990 2336 1078 2371; x_wconf 85' lang='lat'>1573</span> <span class='ocrx_word' id='word_1_399' title='bbox 1098 2333 1296 2377; x_wconf 81' lang='lat' dir='ltr'>vulgavit).</span> <span class='ocrx_word' id='word_1_400' title='bbox 1324 2330 1390 2373; x_wconf 84' lang='lat' dir='ltr'>Qui</span> <span class='ocrx_word' id='word_1_401' title='bbox 1417 2331 1506 2364; x_wconf 86' lang='lat' dir='ltr'>liber</span> <span class='ocrx_word' id='word_1_402' title='bbox 1532 2341 1612 2363; x_wconf 88' lang='lat' dir='ltr'>cum</span> <span class='ocrx_word' id='word_1_403' title='bbox 1639 2340 1683 2362; x_wconf 83' lang='lat' dir='ltr'>ex</span> <span class='ocrx_word' id='word_1_404' title='bbox 1708 2327 1878 2361; x_wconf 88' lang='lat' dir='ltr'>librorum</span> <span class='ocrx_word' id='word_1_405' title='bbox 1905 2335 1992 2358; x_wconf 91' lang='lat' dir='ltr'>nun-</span> 
     </span>
     <span class='ocr_line' id='line_1_39' title="bbox 237 2377 1992 2435; baseline -0.015 1"><span class='ocrx_word' id='word_1_406' title='bbox 237 2402 330 2435; x_wconf 87' lang='lat' dir='ltr'>dinis</span> <span class='ocrx_word' id='word_1_407' title='bbox 354 2395 704 2434; x_wconf 84' lang='lat' dir='ltr'>francofurtensibus</span> <span class='ocrx_word' id='word_1_408' title='bbox 731 2394 932 2435; x_wconf 86' lang='lat' dir='ltr'>Augustam</span> <span class='ocrx_word' id='word_1_409' title='bbox 970 2390 1013 2424; x_wconf 90' lang='lat' dir='ltr'>ad</span> <span class='ocrx_word' id='word_1_410' title='bbox 1040 2389 1080 2423; x_wconf 90' lang='lat' dir='ltr'>P.</span> <span class='ocrx_word' id='word_1_411' title='bbox 1108 2389 1365 2430; x_wconf 69' lang='lat' dir='ltr'>Hieronymum</span> <span class='ocrx_word' id='word_1_412' title='bbox 1393 2384 1567 2422; x_wconf 80' lang='lat' dir='ltr'>Natalem,</span> <span class='ocrx_word' id='word_1_413' title='bbox 1602 2382 1637 2415; x_wconf 93' lang='lat' dir='ltr'>in</span> <span class='ocrx_word' id='word_1_414' title='bbox 1673 2380 1829 2415; x_wconf 85' lang='lat' dir='ltr'>comitiis</span> <span class='ocrx_word' id='word_1_415' title='bbox 1854 2377 1992 2422; x_wconf 90' lang='lat' dir='ltr'>imperii</span> 
     </span>
     <span class='ocr_line' id='line_1_40' title="bbox 238 2431 1994 2488; baseline -0.014 0"><span class='ocrx_word' id='word_1_416' title='bbox 238 2466 307 2488; x_wconf 87' lang='lat' dir='ltr'>una</span> <span class='ocrx_word' id='word_1_417' title='bbox 334 2464 412 2487; x_wconf 88' lang='lat' dir='ltr'>cum</span> <span class='ocrx_word' id='word_1_418' title='bbox 441 2451 511 2485; x_wconf 84' lang='grc' dir='ltr'>ΡΡ.</span> <span class='ocrx_word' id='word_1_419' title='bbox 532 2450 636 2483; x_wconf 87' lang='lat' dir='ltr'>Petro</span> <span class='ocrx_word' id='word_1_420' title='bbox 664 2446 807 2481; x_wconf 88' lang='lat' dir='ltr'>Canisio</span> <span class='ocrx_word' id='word_1_421' title='bbox 833 2447 870 2478; x_wconf 90' lang='lat' dir='ltr'>et</span> <span class='ocrx_word' id='word_1_422' title='bbox 895 2444 1022 2477; x_wconf 89' lang='lat' dir='ltr'>Iacobo</span> <span class='ocrx_word' id='word_1_423' title='bbox 1044 2441 1217 2476; x_wconf 89' lang='lat' dir='ltr'>Ledesma</span> <span class='ocrx_word' id='word_1_424' title='bbox 1244 2440 1461 2477; x_wconf 87' lang='lat' dir='ltr'>versantem,</span> <span class='ocrx_word' id='word_1_425' title='bbox 1489 2436 1544 2470; x_wconf 85' lang='grc'><strong>26.</strong></span> <span class='ocrx_word' id='word_1_426' title='bbox 1564 2434 1698 2479; x_wconf 88' lang='lat' dir='ltr'>Aprilis</span> <span class='ocrx_word' id='word_1_427' title='bbox 1719 2433 1808 2467; x_wconf 88' lang='lat'>1566</span> <span class='ocrx_word' id='word_1_428' title='bbox 1834 2431 1994 2476; x_wconf 86' lang='lat' dir='ltr'>perlatus</span> 
     </span>
     <span class='ocr_line' id='line_1_41' title="bbox 238 2485 1994 2548; baseline -0.014 -7"><span class='ocrx_word' id='word_1_429' title='bbox 238 2509 345 2548; x_wconf 89' lang='lat' dir='ltr'>esset,</span> <span class='ocrx_word' id='word_1_430' title='bbox 370 2504 512 2539; x_wconf 85' lang='lat' dir='ltr'>Natalis</span> <span class='ocrx_word' id='word_1_431' title='bbox 538 2502 682 2536; x_wconf 86' lang='lat' dir='ltr'>efficere</span> <span class='ocrx_word' id='word_1_432' title='bbox 709 2498 846 2538; x_wconf 89' lang='lat' dir='ltr'>statuit,</span> <span class='ocrx_word' id='word_1_433' title='bbox 873 2500 913 2531; x_wconf 90' lang='lat' dir='ltr'>ut</span> <span class='ocrx_word' id='word_1_434' title='bbox 938 2496 1028 2530; x_wconf 91' lang='lat' dir='ltr'>liber</span> <span class='ocrx_word' id='word_1_435' title='bbox 1054 2495 1177 2529; x_wconf 88' lang='lat' dir='ltr'>statim</span> <span class='ocrx_word' id='word_1_436' title='bbox 1204 2491 1405 2535; x_wconf 87' lang='lat' dir='ltr'>Antverpia</span> <span class='ocrx_word' id='word_1_437' title='bbox 1430 2490 1466 2523; x_wconf 90' lang='lat' dir='ltr'>in</span> <span class='ocrx_word' id='word_1_438' title='bbox 1486 2487 1706 2523; x_wconf 86' lang='lat' dir='ltr'>Lusitaniam</span> <span class='ocrx_word' id='word_1_439' title='bbox 1733 2487 1777 2520; x_wconf 90' lang='lat' dir='ltr'>ad</span> <span class='ocrx_word' id='word_1_440' title='bbox 1801 2485 1994 2519; x_wconf 87' lang='lat' dir='ltr'>Henricum</span> 
     </span>
     <span class='ocr_line' id='line_1_42' title="bbox 240 2539 1996 2594; baseline -0.014 0"><span class='ocrx_word' id='word_1_441' title='bbox 240 2559 455 2594; x_wconf 86' lang='lat' dir='ltr'>cardinalem</span> <span class='ocrx_word' id='word_1_442' title='bbox 483 2556 662 2590; x_wconf 84' lang='lat' dir='ltr'>Infantem</span> <span class='ocrx_word' id='word_1_443' title='bbox 689 2550 942 2594; x_wconf 85' lang='lat' dir='ltr'>Portugalliae,</span> <span class='ocrx_word' id='word_1_444' title='bbox 978 2558 1185 2593; x_wconf 89' lang='lat' dir='ltr'>supremum</span> <span class='ocrx_word' id='word_1_445' title='bbox 1221 2546 1256 2579; x_wconf 92' lang='lat' dir='ltr'>in</span> <span class='ocrx_word' id='word_1_446' title='bbox 1287 2556 1327 2579; x_wconf 93' lang='lat' dir='ltr'>eo</span> <span class='ocrx_word' id='word_1_447' title='bbox 1353 2555 1462 2586; x_wconf 85' lang='lat' dir='ltr'>regno</span> <span class='ocrx_word' id='word_1_448' title='bbox 1488 2540 1748 2586; x_wconf 86' lang='lat' dir='ltr'>inquisitorem,</span> <span class='ocrx_word' id='word_1_449' title='bbox 1783 2539 1996 2576; x_wconf 86' lang='lat' dir='ltr'>mitteretur,</span> 
     </span>
     <span class='ocr_line' id='line_1_43' title="bbox 242 2589 1996 2654; baseline -0.014 -8"><span class='ocrx_word' id='word_1_450' title='bbox 242 2616 281 2646; x_wconf 91' lang='lat' dir='ltr'>ut</span> <span class='ocrx_word' id='word_1_451' title='bbox 307 2614 346 2650; x_wconf 83' lang='lat' dir='ltr'>is,</span> <span class='ocrx_word' id='word_1_452' title='bbox 372 2611 403 2645; x_wconf 88' lang='lat' dir='ltr'>si</span> <span class='ocrx_word' id='word_1_453' title='bbox 428 2610 496 2654; x_wconf 90' lang='lat' dir='ltr'>ipsi</span> <span class='ocrx_word' id='word_1_454' title='bbox 516 2609 631 2642; x_wconf 89' lang='lat' dir='ltr'>visum</span> <span class='ocrx_word' id='word_1_455' title='bbox 652 2607 758 2644; x_wconf 89' lang='lat' dir='ltr'>esset,</span> <span class='ocrx_word' id='word_1_456' title='bbox 784 2604 885 2638; x_wconf 87' lang='lat' dir='ltr'>illum</span> <span class='ocrx_word' id='word_1_457' title='bbox 908 2603 1053 2647; x_wconf 87' lang='lat' dir='ltr'>Payvae</span> <span class='ocrx_word' id='word_1_458' title='bbox 1071 2600 1232 2634; x_wconf 86' lang='lat' dir='ltr'>traderet</span> <span class='ocrx_word' id='word_1_459' title='bbox 1250 2596 1478 2631; x_wconf 87' lang='lat' dir='ltr'>refutandum</span> <span class='ocrx_word' id='word_1_460' title='bbox 1502 2595 1606 2639; x_wconf 90' lang='lat' dir='ltr'>(Epp.</span> <span class='ocrx_word' id='word_1_461' title='bbox 1622 2589 1996 2632; x_wconf 74' lang='lat' dir='ltr'>Nadal11183—84).</span> 
     </span>
     <span class='ocr_line' id='line_1_44' title="bbox 243 2643 1997 2700; baseline -0.014 0"><span class='ocrx_word' id='word_1_462' title='bbox 243 2666 379 2700; x_wconf 88' lang='lat' dir='ltr'>Deinde</span> <span class='ocrx_word' id='word_1_463' title='bbox 414 2664 446 2697; x_wconf 88' lang='lat' dir='ltr'>d.</span> <span class='ocrx_word' id='word_1_464' title='bbox 476 2663 528 2696; x_wconf 84' lang='lat'>11.</span> <span class='ocrx_word' id='word_1_465' title='bbox 556 2660 642 2694; x_wconf 89' lang='lat' dir='ltr'>Maii</span> <span class='ocrx_word' id='word_1_466' title='bbox 671 2659 761 2693; x_wconf 89' lang='grc'><strong>1566</strong></span> <span class='ocrx_word' id='word_1_467' title='bbox 788 2658 931 2691; x_wconf 72' lang='lat' dir='ltr'>Natalis</span> <span class='ocrx_word' id='word_1_468' title='bbox 958 2656 1124 2697; x_wconf 84' lang='lat' dir='ltr'>Augusta</span> <span class='ocrx_word' id='word_1_469' title='bbox 1160 2652 1202 2686; x_wconf 87' lang='lat' dir='ltr'>de</span> <span class='ocrx_word' id='word_1_470' title='bbox 1229 2650 1477 2685; x_wconf 82' lang='lat' dir='ltr'>Maximiliano</span> <span class='ocrx_word' id='word_1_471' title='bbox 1513 2659 1533 2681; x_wconf 89' lang='lat' dir='ltr'>a</span> <span class='ocrx_word' id='word_1_472' title='bbox 1570 2646 1696 2689; x_wconf 81' lang='lat' dir='ltr'>Bergis</span> <span class='ocrx_word' id='word_1_473' title='bbox 1730 2643 1997 2688; x_wconf 87' lang='lat' dir='ltr'>archiepiscopo</span> 
     </span>
     <span class='ocr_line' id='line_1_45' title="bbox 246 2695 1998 2758; baseline -0.014 -6"><span class='ocrx_word' id='word_1_474' title='bbox 246 2716 497 2754; x_wconf 75' lang='lat' dir='ltr'>cameracensi,</span> <span class='ocrx_word' id='word_1_475' title='bbox 524 2715 584 2758; x_wconf 89' lang='lat' dir='ltr'>qui</span> <span class='ocrx_word' id='word_1_476' title='bbox 610 2716 647 2746; x_wconf 90' lang='lat' dir='ltr'>et</span> <span class='ocrx_word' id='word_1_477' title='bbox 672 2713 748 2756; x_wconf 88' lang='lat' dir='ltr'>ipse</span> <span class='ocrx_word' id='word_1_478' title='bbox 775 2709 929 2744; x_wconf 87' lang='lat' dir='ltr'>comitiis</span> <span class='ocrx_word' id='word_1_479' title='bbox 955 2708 1138 2746; x_wconf 80' lang='lat' dir='ltr'>intererat,</span> <span class='ocrx_word' id='word_1_480' title='bbox 1165 2705 1318 2748; x_wconf 86' lang='lat' dir='ltr'>Borgiae</span> <span class='ocrx_word' id='word_1_481' title='bbox 1336 2702 1498 2747; x_wconf 87' lang='lat' dir='ltr'>scripsit:</span> <span class='ocrx_word' id='word_1_482' title='bbox 1530 2700 1585 2743; x_wconf 81' lang='lat' dir='ltr'>„Jl</span> <span class='ocrx_word' id='word_1_483' title='bbox 1604 2697 1915 2733; x_wconf 77' lang='lat' dir='ltr'>Reuerendissimo</span> <span class='ocrx_word' id='word_1_484' title='bbox 1934 2695 1998 2729; x_wconf 89' lang='lat' dir='ltr'>Ca-</span> 
     </span>
     <span class='ocr_line' id='line_1_46' title="bbox 246 2749 1998 2805; baseline -0.014 0"><span class='ocrx_word' id='word_1_485' title='bbox 246 2781 451 2805; x_wconf 78' lang='lat' dir='ltr'>nieracense</span> <span class='ocrx_word' id='word_1_486' title='bbox 477 2768 507 2802; x_wconf 92' lang='lat' dir='ltr'>ci</span> <span class='ocrx_word' id='word_1_487' title='bbox 534 2768 579 2800; x_wconf 79' lang='lat' dir='ltr'>ha</span> <span class='ocrx_word' id='word_1_488' title='bbox 604 2767 696 2799; x_wconf 86' lang='lat' dir='ltr'>fatto</span> <span class='ocrx_word' id='word_1_489' title='bbox 722 2765 885 2798; x_wconf 85' lang='lat' dir='ltr'>instanza</span> <span class='ocrx_word' id='word_1_490' title='bbox 912 2761 977 2795; x_wconf 92' lang='lat' dir='ltr'>che</span> <span class='ocrx_word' id='word_1_491' title='bbox 1003 2772 1065 2805; x_wconf 90' lang='lat' dir='ltr'>per</span> <span class='ocrx_word' id='word_1_492' title='bbox 1088 2761 1215 2803; x_wconf 89' lang='lat' dir='ltr'>questo</span> <span class='ocrx_word' id='word_1_493' title='bbox 1234 2757 1376 2791; x_wconf 89' lang='lat' dir='ltr'>interim</span> <span class='ocrx_word' id='word_1_494' title='bbox 1395 2755 1460 2789; x_wconf 91' lang='lat' dir='ltr'>che</span> <span class='ocrx_word' id='word_1_495' title='bbox 1480 2754 1590 2787; x_wconf 86' lang='lat' dir='ltr'>Paiua</span> <span class='ocrx_word' id='word_1_496' title='bbox 1607 2751 1772 2797; x_wconf 87' lang='lat' dir='ltr'>risponde</span> <span class='ocrx_word' id='word_1_497' title='bbox 1791 2750 1834 2783; x_wconf 89' lang='lat' dir='ltr'>ad</span> <span class='ocrx_word' id='word_1_498' title='bbox 1852 2749 1998 2791; x_wconf 83' lang='lat' dir='ltr'>longum</span> 
     </span>
     <span class='ocr_line' id='line_1_47' title="bbox 246 2800 1999 2864; baseline -0.013 -7"><span class='ocrx_word' id='word_1_499' title='bbox 246 2825 420 2858; x_wconf 81' lang='lat' dir='ltr'>facciamo</span> <span class='ocrx_word' id='word_1_500' title='bbox 447 2820 597 2864; x_wconf 88' lang='lat' dir='ltr'>qualche</span> <span class='ocrx_word' id='word_1_501' title='bbox 623 2819 730 2852; x_wconf 90' lang='lat' dir='ltr'>breue</span> <span class='ocrx_word' id='word_1_502' title='bbox 756 2816 912 2860; x_wconf 86' lang='lat' dir='ltr'>risposta</span> <span class='ocrx_word' id='word_1_503' title='bbox 938 2813 1121 2859; x_wconf 87' lang='lat' dir='ltr'>pigliando</span> <span class='ocrx_word' id='word_1_504' title='bbox 1147 2809 1291 2855; x_wconf 84' lang='lat' dir='ltr'>alchunj</span> <span class='ocrx_word' id='word_1_505' title='bbox 1318 2808 1424 2853; x_wconf 85' lang='lat' dir='ltr'>buonj</span> <span class='ocrx_word' id='word_1_506' title='bbox 1451 2806 1564 2852; x_wconf 89' lang='lat' dir='ltr'>punti,</span> <span class='ocrx_word' id='word_1_507' title='bbox 1590 2808 1626 2839; x_wconf 87' lang='lat' dir='ltr'>et</span> <span class='ocrx_word' id='word_1_508' title='bbox 1650 2816 1719 2838; x_wconf 90' lang='lat' dir='ltr'>non</span> <span class='ocrx_word' id='word_1_509' title='bbox 1746 2802 1922 2848; x_wconf 88' lang='lat' dir='ltr'>puotendo</span> <span class='ocrx_word' id='word_1_510' title='bbox 1949 2800 1999 2844; x_wconf 80' lang='lat' dir='ltr'>gli</span> 
     </span>
     <span class='ocr_line' id='line_1_48' title="bbox 248 2854 1995 2917; baseline -0.014 -7"><span class='ocrx_word' id='word_1_511' title='bbox 248 2877 282 2911; x_wconf 91' lang='lat' dir='ltr'>lo</span> <span class='ocrx_word' id='word_1_512' title='bbox 307 2876 441 2917; x_wconf 86' lang='lat' dir='ltr'>negar&#39;,</span> <span class='ocrx_word' id='word_1_513' title='bbox 466 2873 655 2907; x_wconf 82' lang='lat' dir='ltr'>habbiamo</span> <span class='ocrx_word' id='word_1_514' title='bbox 682 2870 918 2904; x_wconf 84' lang='lat' dir='ltr'>determinato</span> <span class='ocrx_word' id='word_1_515' title='bbox 945 2867 979 2900; x_wconf 91' lang='lat' dir='ltr'>di</span> <span class='ocrx_word' id='word_1_516' title='bbox 1005 2864 1189 2900; x_wconf 87' lang='lat' dir='ltr'>mandarlo</span> <span class='ocrx_word' id='word_1_517' title='bbox 1216 2863 1250 2897; x_wconf 88' lang='lat' dir='ltr'>al</span> <span class='ocrx_word' id='word_1_518' title='bbox 1276 2862 1391 2896; x_wconf 89' lang='lat' dir='ltr'>Padre</span> <span class='ocrx_word' id='word_1_519' title='bbox 1418 2861 1502 2894; x_wconf 88' lang='lat' dir='ltr'>Pisa</span> <span class='ocrx_word' id='word_1_520' title='bbox 1529 2859 1594 2893; x_wconf 92' lang='lat' dir='ltr'>che</span> <span class='ocrx_word' id='word_1_521' title='bbox 1629 2857 1717 2902; x_wconf 81' lang='lat' dir='ltr'>pigli</span> <span class='ocrx_word' id='word_1_522' title='bbox 1743 2856 1765 2890; x_wconf 82' lang='lat' dir='ltr'>I‘</span> <span class='ocrx_word' id='word_1_523' title='bbox 1781 2854 1995 2899; x_wconf 79' lang='lat' dir='ltr'>assumpto.“</span> 
     </span>
     <span class='ocr_line' id='line_1_49' title="bbox 249 2905 2000 2967; baseline -0.013 -5"><span class='ocrx_word' id='word_1_524' title='bbox 249 2928 413 2962; x_wconf 87' lang='lat' dir='ltr'>Dubitari</span> <span class='ocrx_word' id='word_1_525' title='bbox 439 2929 559 2960; x_wconf 88' lang='lat' dir='ltr'>autem</span> <span class='ocrx_word' id='word_1_526' title='bbox 586 2925 649 2957; x_wconf 80' lang='lat' dir='ltr'>vix</span> <span class='ocrx_word' id='word_1_527' title='bbox 674 2925 803 2967; x_wconf 87' lang='lat' dir='ltr'>potest,</span> <span class='ocrx_word' id='word_1_528' title='bbox 831 2922 916 2965; x_wconf 92' lang='lat' dir='ltr'>quin</span> <span class='ocrx_word' id='word_1_529' title='bbox 943 2919 1084 2954; x_wconf 88' lang='lat' dir='ltr'>Natalis</span> <span class='ocrx_word' id='word_1_530' title='bbox 1110 2918 1150 2952; x_wconf 91' lang='lat' dir='ltr'>P.</span> <span class='ocrx_word' id='word_1_531' title='bbox 1169 2916 1352 2961; x_wconf 91' lang='lat' dir='ltr'>Alphonso</span> <span class='ocrx_word' id='word_1_532' title='bbox 1379 2914 1509 2948; x_wconf 89' lang='lat' dir='ltr'>Pisano</span> <span class='ocrx_word' id='word_1_533' title='bbox 1534 2910 1737 2953; x_wconf 83' lang='lat' dir='ltr'>theologiae</span> <span class='ocrx_word' id='word_1_534' title='bbox 1766 2909 1802 2942; x_wconf 90' lang='lat' dir='ltr'>in</span> <span class='ocrx_word' id='word_1_535' title='bbox 1828 2905 2000 2941; x_wconf 86' lang='lat' dir='ltr'>universi-</span> 
     </span>
     <span class='ocr_line' id='line_1_50' title="bbox 251 2958 2003 3022; baseline -0.013 -8"><span class='ocrx_word' id='word_1_536' title='bbox 251 2984 325 3014; x_wconf 87' lang='lat' dir='ltr'>tate</span> <span class='ocrx_word' id='word_1_537' title='bbox 352 2977 623 3022; x_wconf 82' lang='lat' dir='ltr'>ingolstadiensi</span> <span class='ocrx_word' id='word_1_538' title='bbox 650 2975 844 3020; x_wconf 85' lang='lat' dir='ltr'>professori</span> <span class='ocrx_word' id='word_1_539' title='bbox 871 2974 965 3006; x_wconf 89' lang='lat' dir='ltr'>hunc</span> <span class='ocrx_word' id='word_1_540' title='bbox 991 2972 1149 3005; x_wconf 88' lang='lat' dir='ltr'>laborem</span> <span class='ocrx_word' id='word_1_541' title='bbox 1175 2967 1394 3004; x_wconf 89' lang='lat' dir='ltr'>commiserit</span> <span class='ocrx_word' id='word_1_542' title='bbox 1412 2966 1554 3000; x_wconf 87' lang='lat' dir='ltr'>Canisio</span> <span class='ocrx_word' id='word_1_543' title='bbox 1572 2962 1774 3009; x_wconf 87' lang='lat' dir='ltr'>praeposito</span> <span class='ocrx_word' id='word_1_544' title='bbox 1792 2958 2003 3006; x_wconf 85' lang='lat' dir='ltr'>provinciali</span> 
     </span>
     <span class='ocr_line' id='line_1_51' title="bbox 254 3011 2003 3068; baseline -0.013 -2"><span class='ocrx_word' id='word_1_545' title='bbox 254 3045 295 3066; x_wconf 87' lang='lat' dir='ltr'>ea</span> <span class='ocrx_word' id='word_1_546' title='bbox 321 3033 362 3066; x_wconf 88' lang='lat' dir='ltr'>de</span> <span class='ocrx_word' id='word_1_547' title='bbox 389 3044 426 3065; x_wconf 89' lang='lat' dir='ltr'>re</span> <span class='ocrx_word' id='word_1_548' title='bbox 453 3030 613 3064; x_wconf 88' lang='lat' dir='ltr'>consulto</span> <span class='ocrx_word' id='word_1_549' title='bbox 641 3032 676 3061; x_wconf 91' lang='lat' dir='ltr'>et</span> <span class='ocrx_word' id='word_1_550' title='bbox 701 3026 842 3060; x_wconf 89' lang='lat' dir='ltr'>Natalis</span> <span class='ocrx_word' id='word_1_551' title='bbox 869 3025 1056 3059; x_wconf 89' lang='lat' dir='ltr'>consilium</span> <span class='ocrx_word' id='word_1_552' title='bbox 1091 3023 1275 3068; x_wconf 88' lang='lat' dir='ltr'>probante.</span> <span class='ocrx_word' id='word_1_553' title='bbox 1326 3021 1457 3054; x_wconf 87' lang='lat' dir='ltr'>Postea</span> <span class='ocrx_word' id='word_1_554' title='bbox 1492 3022 1612 3052; x_wconf 88' lang='lat' dir='ltr'>tamen</span> <span class='ocrx_word' id='word_1_555' title='bbox 1639 3015 1802 3049; x_wconf 88' lang='lat' dir='ltr'>Canisius</span> <span class='ocrx_word' id='word_1_556' title='bbox 1828 3025 1848 3047; x_wconf 88' lang='lat' dir='ltr'>a</span> <span class='ocrx_word' id='word_1_557' title='bbox 1873 3011 2003 3046; x_wconf 86' lang='lat' dir='ltr'>Natale</span> 
     </span>
     <span class='ocr_line' id='line_1_52' title="bbox 256 3064 2002 3126; baseline -0.012 -8"><span class='ocrx_word' id='word_1_558' title='bbox 256 3085 444 3118; x_wconf 87' lang='lat' dir='ltr'>dissentire</span> <span class='ocrx_word' id='word_1_559' title='bbox 470 3083 597 3126; x_wconf 84' lang='lat' dir='ltr'>coepit.</span> <span class='ocrx_word' id='word_1_560' title='bbox 636 3081 690 3114; x_wconf 88' lang='lat' dir='ltr'>Ita</span> <span class='ocrx_word' id='word_1_561' title='bbox 717 3079 810 3112; x_wconf 89' lang='lat' dir='ltr'>enim</span> <span class='ocrx_word' id='word_1_562' title='bbox 830 3080 972 3112; x_wconf 75' lang='lat' dir='ltr'>Natalis</span> <span class='ocrx_word' id='word_1_563' title='bbox 992 3077 1095 3121; x_wconf 86' lang='lat' dir='ltr'>Spira</span> <span class='ocrx_word' id='word_1_564' title='bbox 1122 3076 1176 3110; x_wconf 91' lang='lat'>16.</span> <span class='ocrx_word' id='word_1_565' title='bbox 1195 3073 1404 3108; x_wconf 86' lang='lat' dir='ltr'>Decembris</span> <span class='ocrx_word' id='word_1_566' title='bbox 1424 3071 1513 3106; x_wconf 88' lang='lat'>1566</span> <span class='ocrx_word' id='word_1_567' title='bbox 1534 3069 1684 3112; x_wconf 84' lang='lat' dir='ltr'>Borgiae</span> <span class='ocrx_word' id='word_1_568' title='bbox 1702 3066 1865 3111; x_wconf 86' lang='lat' dir='ltr'>scripsit:</span> <span class='ocrx_word' id='word_1_569' title='bbox 1896 3064 1965 3107; x_wconf 78' lang='lat' dir='ltr'>„Mi</span> <span class='ocrx_word' id='word_1_570' title='bbox 1984 3066 2002 3097; x_wconf 77' lang='lat' dir='ltr'>e</span> 
     </span>
     <span class='ocr_line' id='line_1_53' title="bbox 257 3116 2004 3180; baseline -0.012 -9"><span class='ocrx_word' id='word_1_571' title='bbox 257 3148 398 3171; x_wconf 78' lang='lat' dir='ltr'>occorso</span> <span class='ocrx_word' id='word_1_572' title='bbox 424 3136 532 3180; x_wconf 89' lang='lat' dir='ltr'>padre</span> <span class='ocrx_word' id='word_1_573' title='bbox 559 3146 606 3167; x_wconf 87' lang='lat' dir='ltr'>vn</span> <span class='ocrx_word' id='word_1_574' title='bbox 633 3131 774 3175; x_wconf 87' lang='lat' dir='ltr'>negotio</span> <span class='ocrx_word' id='word_1_575' title='bbox 802 3130 878 3165; x_wconf 87' lang='lat' dir='ltr'>co&#39;l</span> <span class='ocrx_word' id='word_1_576' title='bbox 904 3129 1031 3164; x_wconf 84' lang='lat' dir='ltr'>dottor&#39;</span> <span class='ocrx_word' id='word_1_577' title='bbox 1048 3129 1183 3163; x_wconf 75' lang='lat' dir='ltr'>Paiua³</span> <span class='ocrx_word' id='word_1_578' title='bbox 1209 3127 1242 3161; x_wconf 78' lang='lat' dir='ltr'>al</span> <span class='ocrx_word' id='word_1_579' title='bbox 1270 3126 1374 3170; x_wconf 88' lang='lat' dir='ltr'>quale</span> <span class='ocrx_word' id='word_1_580' title='bbox 1401 3137 1439 3159; x_wconf 89' lang='lat' dir='ltr'>so</span> <span class='ocrx_word' id='word_1_581' title='bbox 1465 3136 1528 3169; x_wconf 87' lang='lat' dir='ltr'>per</span> <span class='ocrx_word' id='word_1_582' title='bbox 1553 3123 1682 3156; x_wconf 87' lang='lat' dir='ltr'>lettera</span> <span class='ocrx_word' id='word_1_583' title='bbox 1708 3119 1765 3154; x_wconf 91' lang='lat' dir='ltr'>del</span> <span class='ocrx_word' id='word_1_584' title='bbox 1790 3120 1921 3153; x_wconf 87' lang='lat' dir='ltr'>fattore</span> <span class='ocrx_word' id='word_1_585' title='bbox 1947 3116 2004 3150; x_wconf 90' lang='lat' dir='ltr'>del</span> 
     </span>
    </p>
   </div>
   <div class='ocr_carea' id='block_1_7' title="bbox 377 3203 644 3236">
    <p class='ocr_par' dir='ltr' id='par_1_10' title="bbox 377 3203 644 3236">
     <span class='ocr_line' id='line_1_54' title="bbox 377 3203 644 3236; baseline -0.015 -6"><span class='ocrx_word' id='word_1_586' title='bbox 377 3206 404 3236; x_wconf 86' lang='lat' dir='ltr'>a)</span> <span class='ocrx_word' id='word_1_587' title='bbox 425 3203 517 3229; x_wconf 84' lang='lat' dir='ltr'>Pania</span> <span class='ocrx_word' id='word_1_588' title='bbox 537 3204 644 3228; x_wconf 65' lang='lat' dir='ltr'>archer.</span> 
     </span>
    </p>
   </div>
  </div>
 </body>
</html>
