2077 3461
252 199 333 239 162
401 195 502 229 1276.
530 194 614 229 Can.
643 193 790 228 Senatui
815 194 1016 239 populoque
1042 193 1259 238 reipublicae
1286 192 1509 227 coloniensis.
1551 191 1698 226 Colonia
1717 191 1953 226 6.Ian.1566.

249 314 284 356 si
325 328 431 368 opus
472 314 552 355 1100
592 313 875 367 recognitum,
918 315 966 354 ut
1007 312 1107 362 dixi,
1149 311 1381 364 multisque
1422 310 1465 351 in
1506 310 1611 352 locis
1648 310 1961 363 locupletatum
1975 311 2003 360 1,

249 379 360 432 quod
392 381 644 420 reuerenter
675 392 701 420 a
732 392 800 419 me
832 377 992 419 nomini
1024 379 1171 418 uestro
1203 378 1489 429 nuncupatur,
1530 374 1655 427 aequi
1686 374 1871 427 bonique
1904 388 2004 416 con-

247 443 413 486 sulatis,
467 442 619 495 Neque
652 457 754 484 uero
780 442 883 483 mihi
907 443 1063 483 desunt
1085 454 1241 482 causae
1270 440 1394 481 huius
1417 439 1759 493 nuncupationis.
1813 438 2003 480 Primum

248 508 358 549 enim
392 507 614 561 cupiebam
638 507 941 549 obseruantiae
963 520 1014 548 ac
1037 505 1316 558 gratitudinis
1339 518 1444 558 erga
1466 518 1543 545 uos
1565 517 1687 545 meae
1709 502 2004 545 testimonium

247 572 419 625 aliquod
451 572 666 621 exhibere,
700 574 748 614 ut
781 571 852 624 qui
883 571 1030 612 multis
1063 570 1216 611 annis2
1247 569 1290 610 in
1317 571 1518 623 spectata
1540 568 1703 622 Repub.
1727 570 1875 609 uestra
1906 581 2004 609 uer·-

247 640 380 687 satus,
415 651 508 679 cum
542 636 783 678 liberalium
817 635 988 685 artium,
1020 637 1113 676 tum
1136 648 1287 676 sacrae
1310 633 1572 686 Theologiae
1605 633 1758 686 studijs
1791 632 1904 686 apud
1925 646 2004 673 uos

247 716 421 756 operam
469 701 671 743 dederim.
746 701 921 742 Adhaec
969 699 1234 742 Catholicum
1282 713 1388 753 opus
1435 698 1643 740 eiusmodi
1687 697 1887 739 Patronis
1933 697 2004 738 uel

246 767 434 808 maxime
475 766 857 808 commendandum
899 767 1007 815 erat,
1050 764 1121 818 qui
1163 764 1214 805 de
1254 778 1302 805 re
1334 763 1553 805 Catholica
1590 763 1813 817 praeclare
1846 762 2003 813 meriti,

245 831 464 884 ingentem
505 845 608 872 suae
653 830 828 884 pietatis
873 844 923 871 ac
968 829 1172 871 defensae
1215 828 1437 881 religionis
1480 827 1663 881 gloriam
1708 829 1854 868 essent
1902 840 2003 867 con-

246 896 394 939 secuti.
460 895 541 937 Vbi
586 909 671 936 non
718 894 999 948 praedicabo,
1048 896 1097 936 ut
1143 907 1247 935 sane
1293 907 1487 947 possem,
1536 892 1745 946 Rempub.
1794 893 2001 942 uestram,

246 975 355 1013 quae
387 975 471 1002 non
503 960 668 1001 frustra
700 961 766 1001 tot
798 959 954 1001 seculis
976 959 1056 1000 hoc
1079 958 1311 1012 insignitur
1333 957 1485 1010 elogio,
1519 961 1568 999 ut
1589 957 1701 998 inter
1726 956 2003 998 Germanicas

246 1039 391 1066 omnes
431 1025 523 1066 iure
564 1025 749 1077 quodam
791 1038 868 1065 suo
911 1024 1101 1074 dicatur,
1145 1026 1189 1065 et
1230 1023 1287 1065 sit
1326 1022 1497 1064 FELIX
1529 1021 1771 1075 Agrippina
1812 1020 2000 1070 Colonia,

245 1092 421 1131 sanctae
454 1089 675 1130 Romanae
707 1088 915 1130 ecclesiae
947 1088 1085 1130 fidelis
1115 1088 1205 1129 filia
1217 1089 1245 1130 3.
1308 1088 1467 1129 Parum
1505 1086 1574 1137 sit,
1616 1086 1779 1127 Vrbem
1811 1087 2001 1127 uestram

244 1155 285 1196 in
327 1155 521 1196 Romano
565 1153 743 1207 imperio
788 1154 892 1195 nulli
934 1153 1180 1202 secundam,
1223 1155 1472 1194 sanctorum
1505 1151 1748 1204 Martyrum
1790 1150 2001 1203 sanguine

243 1219 419 1261 mirifice
453 1222 762 1268 consecratam,
796 1218 981 1261 fortunis
1004 1232 1054 1260 ac
1078 1218 1228 1272 opibus
1251 1217 1541 1259 abundantem
1565 1230 1754 1257 cernere.
1790 1215 2003 1257 Mirentur

243 1284 315 1337 alij
348 1288 474 1326 uetus
507 1284 619 1338 apud
652 1298 729 1325 uos
761 1283 1034 1337 gymnasium
1047 1284 1076 1333 4,
1111 1286 1156 1325 et
1188 1283 1357 1324 celebre
1389 1281 1639 1335 emporium.
1698 1281 1790 1334 Ego
1823 1294 1925 1322 uero
1957 1280 2000 1320 in

243 1349 391 1403 primis
422 1349 501 1390 1100
524 1349 694 1391 nomine
717 1349 839 1390 uobis
861 1348 1181 1402 gratulandum,
1215 1360 1490 1399 summasque
1522 1360 1687 1387 summo
1711 1346 1801 1387 Deo
1834 1345 2001 1398 gratias

243 1415 434 1467 agendas
466 1427 561 1456 esse
594 1414 714 1463 duco,
749 1414 861 1466 quod
892 1413 1143 1467 Apostolico
1177 1412 1406 1466 praeconio
1438 1412 1524 1453 iam
1556 1410 1657 1452 011111
1690 1410 1894 1452 Romanis
1927 1410 2000 1451 de-

243 1479 331 1520 lato
370 1493 446 1520 uos
488 1492 656 1532 quoque
698 1478 849 1531 dignos
890 1478 1092 1528 redditis,
1136 1480 1184 1519 ut
1224 1477 1373 1518 fides
1414 1479 1605 1519 uestra
1646 1475 1697 1516 in
1738 1475 1999 1516 uniuerso

243 1544 434 1593 mundo
479 1543 892 1588 annuntietur5.
956 1542 1116 1596 Igitur,
1162 1545 1210 1584 ut
1254 1542 1440 1592 auitam,
1486 1544 1649 1583 certam
1696 1542 1741 1582 et
1783 1540 1997 1593 integram

243 1608 493 1661 religionem
528 1608 807 1659 conseruetis,
850 1622 933 1661 quo
966 1607 1071 1648 nihil
1102 1606 1271 1648 habetis
1303 1608 1380 1648 aut
1412 1605 1616 1653 sanctius,
1660 1607 1735 1647 aut
1766 1604 1998 1657 antiquius,

242 1672 383 1727 impijs
428 1673 597 1726 quidem
641 1673 945 1715 nouationibus
990 1687 1040 1714 ac
1083 1670 1497 1726 prophanationibus
1541 1670 1703 1711 nullum
1747 1669 1791 1710 in
1834 1669 1998 1723 Repub.

243 1740 391 1780 uestra
422 1739 562 1779 locum
594 1738 851 1791 relinquitis,
885 1737 1095 1780 sectarios
1121 1739 1265 1778 autem
1298 1736 1534 1788 horumque
1558 1738 1750 1785 conatus,
1785 1734 1857 1787 qui
1879 1734 2000 1775 uobis

243 1816 372 1856 saepe
394 1802 663 1853 insidiantur,
699 1817 781 1844 non
809 1803 949 1844 minus
980 1802 1215 1856 prudenter
1247 1815 1375 1853 quam
1409 1800 1581 1842 fortiter
1612 1799 1874 1853 profligatis:
1907 1802 1998 1841 tum

242 1867 464 1920 praeclaro
498 1871 669 1910 uestrae
706 1867 883 1921 pietatis
915 1867 1007 1909 zelo
1039 1867 1082 1908 id
1114 1865 1335 1920 perficitis,
1377 1869 1426 1907 ut
1458 1879 1552 1906 cum
1586 1864 1687 1906 alibi
1719 1863 1880 1918 passim
1913 1863 1998 1905 dis-

242 1934 385 1974 tracta
417 1932 504 1974 sint
535 1932 755 1984 religionis
787 1932 943 1982 studia,
978 1934 1022 1973 et
1050 1933 1196 1973 sectae
1218 1930 1330 1972 inter
1353 1944 1399 1972 se
1431 1944 1608 1984 prorsus
1631 1929 1842 1970 dissectae
1864 1928 1999 1982 pesti-

241 1997 382 2039 lenter
403 1997 592 2050 uigeant,
626 2000 773 2039 tamen
795 1997 908 2051 apud
932 1997 1020 2038 Vos
1053 2011 1144 2038 cor
1176 2010 1332 2037 unum
1367 1997 1419 2036 et
1451 1994 1630 2036 anima
1662 1994 1806 2043 una⁶‚
1842 2007 1997 2034 unum

242 2061 372 2102 etiam
411 2061 557 2103 ouile
598 2062 675 2102 sub
716 2075 816 2102 uno
858 2061 1115 2115 pastore7
1156 2074 1291 2113 usque
1323 2063 1585 2114 perseueret.
1649 2059 1716 2101 Ita
1750 2058 1918 2100 demum
1950 2072 1998 2100 re

241 2126 335 2180 ipsa
367 2126 611 2176 declaratis,
654 2126 768 2167 haud
808 2128 972 2168 temere
1006 2126 1166 2168 dictum
1205 2139 1312 2175 esse,
1356 2125 1468 2177 quod
1500 2124 1656 2166 author
1697 2125 1907 2173 uetustus,
1953 2126 1997 2165 et

242 2191 440 2233 ueritatis
463 2191 806 2245 comprobandae
838 2191 990 2243 magis,
1026 2205 1152 2243 quam
1180 2190 1269 2233 stili
1302 2189 1481 2231 ornandi
1515 2188 1732 2231 studiosus
1765 2187 1997 2229 memoriae

241 2256 449 2309 prodidit,
497 2269 592 2297 cum
625 2255 785 2297 Vrbem
829 2258 1020 2297 uestram
1061 2255 1127 2296 his
1168 2254 1311 2297 uerbis
1351 2254 1437 2295 iam
1478 2253 1521 2295 in
1562 2253 1782 2295 Ecclesiae
1823 2255 1996 2294 uestrae

241 2334 363 2362 usum
404 2320 611 2374 receptis,
658 2320 996 2362 commendauit:
1045 2319 1354 2368 POSTQVAM
1396 2319 1524 2361 fidem
1566 2317 1792 2371 suscepisti
1834 2317 1996 2359 Ciuitas

240 2385 514 2438 praenobilis,
548 2385 739 2427 recidiua
771 2399 855 2426 non
887 2384 1021 2434 fuisti,
1056 2385 1132 2425 sed
1163 2384 1206 2425 in
1237 2385 1321 2426 fide
1354 2383 1563 2426 stabilisS.
1625 2382 1853 2424 Inuideant
1884 2381 1995 2424 hanc

362 2486 371 2504 ¹
396 2479 491 2518 Vide
513 2485 606 2518 infra
632 2495 785 2517 monum.
812 2483 882 2517 litt.
913 2483 1001 2526 (14).

359 2537 371 2557 ‘²
396 2538 438 2572 A.
460 2538 710 2577 1536—1546;
738 2536 820 2570 vide
850 2536 937 2569 Can.
964 2535 979 2568 I
1006 2535 1168 2569 68—229
1196 2535 1393 2569 657—677.

359 2592 371 2610 ³
397 2590 561 2624 Dubitari
587 2589 650 2623 vix
674 2591 803 2634 potest,
830 2590 916 2633 quin
935 2588 1100 2622 Canisius
1126 2588 1182 2621 his
1207 2588 1328 2621 verbis
1354 2587 1474 2631 sigilla
1499 2587 1633 2620 maiora
1659 2584 1756 2618 urbis
1782 2584 1995 2619 coloniensis

240 2642 428 2684 significet.
479 2643 614 2676 Horum
642 2643 735 2676 enim
761 2645 837 2676 tum
864 2640 1067 2686 exemplum
1093 2640 1393 2684 antiquissimum,
1424 2641 1529 2684 idque
1554 2641 1625 2673 iam
1651 2637 1793 2672 saeculo
1819 2636 1897 2670 ΧΠ.
1923 2638 1993 2671 usi-

240 2698 365 2736 tatum,
391 2699 466 2730 tum
493 2696 682 2737 recentius,
707 2695 814 2739 idque
833 2695 876 2728 ab
903 2706 934 2728 a.
954 2694 1096 2728 circiter
1116 2693 1206 2728 1270
1225 2705 1287 2738 per
1306 2696 1475 2737 quattuor
1492 2703 1604 2737 paene
1622 2690 1765 2725 saecula
1784 2690 1993 2731 adhibitum,

241 2748 408 2782 Sanctum
436 2749 582 2782 Petrum
600 2748 798 2793 apostolum
819 2747 989 2781 exhibent
1004 2759 1084 2781 cum
1111 2746 1177 2780 hae
1203 2747 1376 2790 marginis
1398 2745 1648 2790 inscriptione:
1680 2742 1830 2784 ,Sancta
1848 2742 1993 2777 Colonia

240 2800 305 2834 Dei
330 2801 445 2843 gratia
473 2801 625 2844 (gracia)
653 2801 833 2834 Romanae
860 2800 1049 2843 (Romane)
1079 2799 1261 2833 Ecclesiae
1283 2798 1474 2840 (Ecclesie)
1495 2797 1609 2832 fidelis
1635 2796 1728 2830 filia“
1754 2795 1900 2837 (Bm-nh.
1920 2797 1990 2829 En-

241 2854 371 2896 drzdat,
390 2853 724 2888 Niederrheinische
743 2853 983 2897 Stadtesiegel
1001 2853 1063 2887 des
1083 2852 1170 2886 12ῐεέῃ
1189 2852 1242 2886 bis
1263 2853 1348 2886 16ῑθῐι
1366 2851 1640 2890 Jahrhunderts,
1659 2848 1873 2882 Diisseldorf
1891 2849 1991 2889 Issa,

242 2906 389 2939 31—33.
433 2906 471 2939 T.
489 2905 532 2947 X,
558 2918 591 2940 n.
614 2908 629 2940 1
659 2907 689 2941 2.
741 2907 865 2949 Aequi.
889 2907 1064 2948 Gelenius,
1090 2904 1143 2938 De
1169 2904 1388 2940 admiranda,
1423 2914 1527 2937 sacra
1553 2904 1588 2935 et
1621 2900 1717 2935 civili
1744 2901 1990 2943 magnitudine

243 2956 416 2998 Coloniae,
444 2958 608 2992 Coloniae
630 2959 729 2999 1645,
756 2959 806 3001 3).
851 2959 1016 2993 Ceterum
1044 2957 1189 2991 Colonia
1215 2969 1322 3002 saepe
1342 2958 1449 2990 etiam
1471 2954 1596 2998 „felix“
1620 2953 1833 2993 vocabatur;
1860 2953 1905 2987 cf.
1928 2955 1990 2987 Ge-

240 3011 369 3042 Zem'um
394 3010 418 3042 1.
437 3021 467 3043 0.
485 3010 516 3051 8,
543 3013 579 3044 et
604 3011 699 3044 infra
725 3011 805 3044 adn.
833 3012 865 3045 8.

359 3063 371 3081 4
398 3061 689 3098 Universitatem.
833 3065 846 3083 ⁵
871 3063 961 3097 Rom
990 3064 1019 3104 1,
1047 3063 1078 3097 8.
1223 3063 1236 3082 ⁶
1262 3063 1332 3096 Act
1356 3062 1388 3103 4,
1416 3060 1471 3094 32.
1616 3060 1628 3079 ⁷
1654 3059 1690 3092 10
1720 3058 1771 3099 10,
1802 3059 1855 3092 16-

360 3114 372 3133 ⁸
397 3114 495 3147 Haec
521 3115 675 3148 secunda
701 3118 755 3149 est
782 3116 928 3160 stropha
958 3115 1129 3157 „Prosae‘
1160 3116 1237 3149 sive
1267 3112 1535 3157 „Sequentiae“,
1566 3111 1610 3145 ab
1636 3111 1757 3154 ignoto
1783 3114 1927 3145 auctore
1954 3111 1988 3144 in

241 3166 408 3200 honorem
435 3166 644 3199 Sanctorum
671 3168 768 3201 urbis
796 3168 1006 3202 coloniensis
1032 3170 1260 3212 patronorum
1288 3165 1514 3210 compositae,
1542 3175 1632 3207 quae
1659 3164 1801 3208 incipit:
1832 3163 1988 3205 ,Gaude,
