<?xml version="1.0" encoding="UTF-8"?>
<!DOCTYPE html PUBLIC "-//W3C//DTD XHTML 1.0 Transitional//EN"
    "http://www.w3.org/TR/xhtml1/DTD/xhtml1-transitional.dtd">
<html xmlns="http://www.w3.org/1999/xhtml" xml:lang="en" lang="en">
 <head>
  <title>
</title>
<meta http-equiv="Content-Type" content="text/html;charset=utf-8" />
  <meta name='ocr-system' content='tesseract 3.04.00' />
  <meta name='ocr-capabilities' content='ocr_page ocr_carea ocr_par ocr_line ocrx_word'/>
</head>
<body>
  <div class='ocr_page' id='page_1' title='image "beatipetricanisi05cani_0917.png"; bbox 0 0 2045 3471; ppageno 0'>
   <div class='ocr_carea' id='block_1_1' title="bbox 439 192 1839 241">
    <p class='ocr_par' dir='ltr' id='par_1_1' title="bbox 439 192 1839 241">
     <span class='ocr_line' id='line_1_1' title="bbox 439 192 1839 241; baseline -0.005 -9"><span class='ocrx_word' id='word_1_1' title='bbox 439 198 534 232; x_wconf 91' lang='lat' dir='ltr'><em>Mon.</em></span> <span class='ocrx_word' id='word_1_2' title='bbox 553 197 620 232; x_wconf 82' lang='lat'><em>885</em></span> <span class='ocrx_word' id='word_1_3' title='bbox 646 197 724 232; x_wconf 83' lang='lat' dir='ltr'><em>sive</em></span> <span class='ocrx_word' id='word_1_4' title='bbox 750 208 827 231; x_wconf 83' lang='lat' dir='ltr'><em>var.</em></span> <span class='ocrx_word' id='word_1_5' title='bbox 849 196 914 241; x_wconf 81' lang='lat'>(5).</span> <span class='ocrx_word' id='word_1_6' title='bbox 956 196 1080 229; x_wconf 87' lang='lat' dir='ltr'><em>Mense</em></span> <span class='ocrx_word' id='word_1_7' title='bbox 1105 194 1201 229; x_wconf 87' lang='lat' dir='ltr'><em>Maio</em></span> <span class='ocrx_word' id='word_1_8' title='bbox 1229 192 1360 237; x_wconf 87' lang='lat' dir='ltr'><em>(Iunio)</em></span> <span class='ocrx_word' id='word_1_9' title='bbox 1383 193 1483 227; x_wconf 81' lang='lat'>1565.</span> <span class='ocrx_word' id='word_1_10' title='bbox 1755 192 1839 234; x_wconf 79' lang='lat'><em>829</em></span> 
     </span>
    </p>
   </div>
   <div class='ocr_carea' id='block_1_2' title="bbox 84 308 1845 573">
    <p class='ocr_par' dir='ltr' id='par_1_2' title="bbox 84 308 1845 573">
     <span class='ocr_line' id='line_1_2' title="bbox 84 308 1844 361; baseline -0.006 -8"><span class='ocrx_word' id='word_1_11' title='bbox 84 318 177 354; x_wconf 80' lang='lat' dir='ltr'><em>tanti</em></span> <span class='ocrx_word' id='word_1_12' title='bbox 204 329 267 352; x_wconf 86' lang='grc'>0011</span> <span class='ocrx_word' id='word_1_13' title='bbox 294 318 395 351; x_wconf 79' lang='lat' dir='ltr'><em>tante</em></span> <span class='ocrx_word' id='word_1_14' title='bbox 421 327 525 361; x_wconf 83' lang='lat' dir='ltr'>spese</span> <span class='ocrx_word' id='word_1_15' title='bbox 560 317 596 349; x_wconf 86' lang='lat' dir='ltr'><em>et</em></span> <span class='ocrx_word' id='word_1_16' title='bbox 622 313 896 353; x_wconf 85' lang='lat' dir='ltr'><em>inconuenienti,</em></span> <span class='ocrx_word' id='word_1_17' title='bbox 932 315 968 347; x_wconf 88' lang='lat' dir='ltr'><em>et</em></span> <span class='ocrx_word' id='word_1_18' title='bbox 993 312 1076 346; x_wconf 83' lang='lat' dir='ltr'><em>altri</em></span> <span class='ocrx_word' id='word_1_19' title='bbox 1103 311 1167 346; x_wconf 88' lang='lat' dir='ltr'><em>che</em></span> <span class='ocrx_word' id='word_1_20' title='bbox 1194 311 1402 355; x_wconf 84' lang='lat' dir='ltr'><em>rimangono</em></span> <span class='ocrx_word' id='word_1_21' title='bbox 1428 309 1524 344; x_wconf 87' lang='lat' dir='ltr'><em>nella</em></span> <span class='ocrx_word' id='word_1_22' title='bbox 1550 308 1733 354; x_wconf 86' lang='lat' dir='ltr'><em>prouincia</em></span> <span class='ocrx_word' id='word_1_23' title='bbox 1759 308 1844 343; x_wconf 77' lang='lat' dir='ltr'><em>fatti</em></span> 
     </span>
     <span class='ocr_line' id='line_1_3' title="bbox 86 361 1844 416; baseline -0.006 -10"><span class='ocrx_word' id='word_1_24' title='bbox 86 371 191 416; x_wconf 84' lang='lat' dir='ltr'>quasi</span> <span class='ocrx_word' id='word_1_25' title='bbox 217 369 273 404; x_wconf 87' lang='lat' dir='ltr'><em>del</em></span> <span class='ocrx_word' id='word_1_26' title='bbox 297 372 393 405; x_wconf 84' lang='lat' dir='ltr'><em>tutto</em></span> <span class='ocrx_word' id='word_1_27' title='bbox 418 369 563 403; x_wconf 80' lang='lat' dir='ltr'><em>inutili.</em></span> <span class='ocrx_word' id='word_1_28' title='bbox 582 379 644 413; x_wconf 89' lang='lat' dir='ltr'><em>per</em></span> <span class='ocrx_word' id='word_1_29' title='bbox 670 370 824 402; x_wconf 80' lang='lat' dir='ltr'><em>ventura</em></span> <span class='ocrx_word' id='word_1_30' title='bbox 859 378 927 400; x_wconf 89' lang='lat' dir='ltr'><em>non</em></span> <span class='ocrx_word' id='word_1_31' title='bbox 963 367 1059 400; x_wconf 82' lang='lat' dir='ltr'><em>saria</em></span> <span class='ocrx_word' id='word_1_32' title='bbox 1084 365 1178 399; x_wconf 90' lang='lat' dir='ltr'><em>malo</em></span> <span class='ocrx_word' id='word_1_33' title='bbox 1203 376 1242 399; x_wconf 89' lang='lat' dir='ltr'><em>se</em></span> <span class='ocrx_word' id='word_1_34' title='bbox 1268 365 1298 399; x_wconf 86' lang='lat' dir='ltr'><em>si</em></span> <span class='ocrx_word' id='word_1_35' title='bbox 1324 366 1483 398; x_wconf 80' lang='lat' dir='ltr'><em>mutasse</em></span> <span class='ocrx_word' id='word_1_36' title='bbox 1509 362 1534 396; x_wconf 88' lang='lat' dir='ltr'><em>il</em></span> <span class='ocrx_word' id='word_1_37' title='bbox 1566 373 1722 406; x_wconf 88' lang='lat' dir='ltr'><em>gouerno</em></span> <span class='ocrx_word' id='word_1_38' title='bbox 1749 361 1844 396; x_wconf 87' lang='lat' dir='ltr'><em>della</em></span> 
     </span>
     <span class='ocr_line' id='line_1_4' title="bbox 86 414 1845 470; baseline -0.006 -12"><span class='ocrx_word' id='word_1_39' title='bbox 86 423 280 470; x_wconf 86' lang='lat' dir='ltr'><em>prouincia,</em></span> <span class='ocrx_word' id='word_1_40' title='bbox 313 423 388 457; x_wconf 88' lang='lat' dir='ltr'><em>cioe</em></span> <span class='ocrx_word' id='word_1_41' title='bbox 424 422 490 456; x_wconf 88' lang='lat' dir='ltr'><em>che</em></span> <span class='ocrx_word' id='word_1_42' title='bbox 524 421 692 455; x_wconf 85' lang='lat' dir='ltr'><em>restando</em></span> <span class='ocrx_word' id='word_1_43' title='bbox 726 420 750 454; x_wconf 92' lang='lat' dir='ltr'><em>il</em></span> <span class='ocrx_word' id='word_1_44' title='bbox 779 420 893 454; x_wconf 83' lang='lat' dir='ltr'><em>Padre</em></span> <span class='ocrx_word' id='word_1_45' title='bbox 921 419 1062 453; x_wconf 82' lang='lat' dir='ltr'><em>Canisio</em></span> <span class='ocrx_word' id='word_1_46' title='bbox 1089 418 1359 453; x_wconf 62' lang='grc' dir='ltr'><em>0011111116611110ι</em></span> <span class='ocrx_word' id='word_1_47' title='bbox 1386 417 1418 451; x_wconf 83' lang='grc'><em>(11</em></span> <span class='ocrx_word' id='word_1_48' title='bbox 1446 415 1567 460; x_wconf 86' lang='lat' dir='ltr'><em>quella</em></span> <span class='ocrx_word' id='word_1_49' title='bbox 1594 414 1777 460; x_wconf 85' lang='lat' dir='ltr'><em>prouincia</em></span> <span class='ocrx_word' id='word_1_50' title='bbox 1807 417 1845 449; x_wconf 80' lang='lat' dir='ltr'><em>et</em></span> 
     </span>
     <span class='ocr_line' id='line_1_5' title="bbox 87 467 1840 516; baseline -0.006 -5"><span class='ocrx_word' id='word_1_51' title='bbox 87 478 130 512; x_wconf 89' lang='lat' dir='ltr'><em>de</em></span> <span class='ocrx_word' id='word_1_52' title='bbox 156 477 305 510; x_wconf 84' lang='lat' dir='ltr'><em>Austria</em></span> <span class='ocrx_word' id='word_1_53' title='bbox 339 478 375 510; x_wconf 80' lang='lat' dir='ltr'><em>et</em></span> <span class='ocrx_word' id='word_1_54' title='bbox 399 475 564 510; x_wconf 82' lang='lat' dir='ltr'>bohemia</span> <span class='ocrx_word' id='word_1_55' title='bbox 599 476 635 507; x_wconf 88' lang='lat' dir='ltr'><em>et</em></span> <span class='ocrx_word' id='word_1_56' title='bbox 661 474 859 516; x_wconf 82' lang='lat' dir='ltr'><em>Hungaria,</em></span> <span class='ocrx_word' id='word_1_57' title='bbox 894 476 924 506; x_wconf 87' lang='lat' dir='ltr'><em>si</em></span> <span class='ocrx_word' id='word_1_58' title='bbox 960 472 1099 506; x_wconf 83' lang='lat' dir='ltr'>facesse</span> <span class='ocrx_word' id='word_1_59' title='bbox 1134 471 1228 505; x_wconf 85' lang='lat' dir='ltr'><em>altro</em></span> <span class='ocrx_word' id='word_1_60' title='bbox 1254 469 1483 515; x_wconf 89' lang='lat' dir='ltr'><em>prouinciale‚</em></span> <span class='ocrx_word' id='word_1_61' title='bbox 1520 480 1538 502; x_wconf 93' lang='grc'><em>0</em></span> <span class='ocrx_word' id='word_1_62' title='bbox 1566 470 1650 502; x_wconf 77' lang='lat' dir='ltr'><em>vero</em></span> <span class='ocrx_word' id='word_1_63' title='bbox 1683 467 1739 502; x_wconf 91' lang='lat' dir='ltr'><em>doi</em></span> <span class='ocrx_word' id='word_1_64' title='bbox 1766 479 1840 512; x_wconf 87' lang='lat' dir='ltr'><em>pro-</em></span> 
     </span>
     <span class='ocr_line' id='line_1_6' title="bbox 86 520 1776 573; baseline -0.006 -9"><span class='ocrx_word' id='word_1_65' title='bbox 86 529 232 565; x_wconf 85' lang='lat' dir='ltr'><em>uinciali</em></span> <span class='ocrx_word' id='word_1_66' title='bbox 259 529 301 563; x_wconf 83' lang='lat' dir='ltr'><em>de</em></span> <span class='ocrx_word' id='word_1_67' title='bbox 327 529 337 563; x_wconf 89' lang='lat' dir='ltr'><em>i</em></span> <span class='ocrx_word' id='word_1_68' title='bbox 364 528 461 573; x_wconf 88' lang='lat' dir='ltr'><em>quali</em></span> <span class='ocrx_word' id='word_1_69' title='bbox 487 528 508 561; x_wconf 83' lang='lat' dir='ltr'><em>l&#39;</em></span> <span class='ocrx_word' id='word_1_70' title='bbox 527 539 597 561; x_wconf 87' lang='lat' dir='ltr'><em>vno</em></span> <span class='ocrx_word' id='word_1_71' title='bbox 623 527 721 561; x_wconf 85' lang='lat' dir='ltr'><em>fusse</em></span> <span class='ocrx_word' id='word_1_72' title='bbox 748 525 966 571; x_wconf 84' lang='lat' dir='ltr'><em>prouinciale</em></span> <span class='ocrx_word' id='word_1_73' title='bbox 993 525 1027 559; x_wconf 83' lang='lat' dir='ltr'><em>di</em></span> <span class='ocrx_word' id='word_1_74' title='bbox 1053 525 1210 565; x_wconf 86' lang='lat' dir='ltr'><em>bauiera,</em></span> <span class='ocrx_word' id='word_1_75' title='bbox 1237 524 1259 558; x_wconf 72' lang='lat'><em>1&#39;</em></span> <span class='ocrx_word' id='word_1_76' title='bbox 1279 523 1370 557; x_wconf 85' lang='lat' dir='ltr'><em>altro</em></span> <span class='ocrx_word' id='word_1_77' title='bbox 1398 523 1431 557; x_wconf 89' lang='lat' dir='ltr'><em>di</em></span> <span class='ocrx_word' id='word_1_78' title='bbox 1458 521 1588 556; x_wconf 84' lang='lat' dir='ltr'><em>Sueuia</em></span> <span class='ocrx_word' id='word_1_79' title='bbox 1615 523 1651 555; x_wconf 86' lang='lat' dir='ltr'><em>et</em></span> <span class='ocrx_word' id='word_1_80' title='bbox 1669 520 1776 555; x_wconf 89' lang='lat' dir='ltr'><em>Tirol.</em></span> 
     </span>
    </p>
   </div>
   <div class='ocr_carea' id='block_1_3' title="bbox 89 627 1150 677">
    <p class='ocr_par' dir='ltr' id='par_1_3' title="bbox 89 627 1150 677">
     <span class='ocr_line' id='line_1_7' title="bbox 89 627 1150 677; baseline -0.006 -9"><span class='ocrx_word' id='word_1_81' title='bbox 89 632 197 669; x_wconf 80' lang='lat'><em>885</em></span> <span class='ocrx_word' id='word_1_82' title='bbox 225 634 302 667; x_wconf 85' lang='lat' dir='ltr'><em>sive</em></span> <span class='ocrx_word' id='word_1_83' title='bbox 328 641 443 668; x_wconf 79' lang='lat' dir='ltr'><em>var.</em></span> <span class='ocrx_word' id='word_1_84' title='bbox 464 631 564 677; x_wconf 85' lang='lat'>(5).</span> <span class='ocrx_word' id='word_1_85' title='bbox 638 630 757 666; x_wconf 81' lang='lat' dir='ltr'><em>Mense</em></span> <span class='ocrx_word' id='word_1_86' title='bbox 781 628 873 665; x_wconf 78' lang='lat' dir='ltr'><em>Maio</em></span> <span class='ocrx_word' id='word_1_87' title='bbox 900 627 1030 673; x_wconf 85' lang='lat' dir='ltr'><em>(Iunio)</em></span> <span class='ocrx_word' id='word_1_88' title='bbox 1057 627 1150 663; x_wconf 84' lang='lat'>1565.</span> 
     </span>
    </p>
   </div>
   <div class='ocr_carea' id='block_1_4' title="bbox 89 694 1847 854">
    <p class='ocr_par' dir='ltr' id='par_1_4' title="bbox 89 694 1847 854">
     <span class='ocr_line' id='line_1_8' title="bbox 208 694 1846 747; baseline -0.006 -9"><span class='ocrx_word' id='word_1_89' title='bbox 208 703 263 738; x_wconf 82' lang='lat' dir='ltr'><em>Ex</em></span> <span class='ocrx_word' id='word_1_90' title='bbox 298 703 399 744; x_wconf 86' lang='lat' dir='ltr'><em>libro,</em></span> <span class='ocrx_word' id='word_1_91' title='bbox 436 704 496 747; x_wconf 83' lang='lat' dir='ltr'><em>qui</em></span> <span class='ocrx_word' id='word_1_92' title='bbox 527 702 724 747; x_wconf 84' lang='lat' dir='ltr'><em>inscriptus</em></span> <span class='ocrx_word' id='word_1_93' title='bbox 750 703 825 735; x_wconf 88' lang='lat' dir='ltr'><em>est:</em></span> <span class='ocrx_word' id='word_1_94' title='bbox 864 700 931 743; x_wconf 84' lang='lat' dir='ltr'><em>„M.</em></span> <span class='ocrx_word' id='word_1_95' title='bbox 960 699 1084 734; x_wconf 62' lang='grc' dir='ltr'><em>ι11100111</em></span> <span class='ocrx_word' id='word_1_96' title='bbox 1110 698 1201 733; x_wconf 86' lang='lat' dir='ltr'><em>Rabi</em></span> <span class='ocrx_word' id='word_1_97' title='bbox 1226 697 1420 738; x_wconf 87' lang='lat' dir='ltr'><em>Vlmensis,</em></span> <span class='ocrx_word' id='word_1_98' title='bbox 1455 696 1636 742; x_wconf 75' lang='lat' dir='ltr'><em>Neophyti</em></span> <span class='ocrx_word' id='word_1_99' title='bbox 1671 694 1846 741; x_wconf 85' lang='lat' dir='ltr'><strong>professio</strong></span> 
     </span>
     <span class='ocr_line' id='line_1_9' title="bbox 89 747 1847 799; baseline -0.005 -8"><span class='ocrx_word' id='word_1_100' title='bbox 89 756 285 792; x_wconf 84' lang='lat' dir='ltr'><em>Catholica.</em></span> <span class='ocrx_word' id='word_1_101' title='bbox 321 756 448 790; x_wconf 85' lang='lat' dir='ltr'><em>Ezech:</em></span> <span class='ocrx_word' id='word_1_102' title='bbox 475 755 606 790; x_wconf 82' lang='lat' dir='ltr'>XVIII.</span> <span class='ocrx_word' id='word_1_103' title='bbox 642 755 676 790; x_wconf 84' lang='lat' dir='ltr'><em>Si</em></span> <span class='ocrx_word' id='word_1_104' title='bbox 704 754 835 799; x_wconf 88' lang='lat' dir='ltr'><em>impius</em></span> <span class='ocrx_word' id='word_1_105' title='bbox 863 757 929 787; x_wconf 85' lang='lat' dir='ltr'><em>etc.</em></span> <span class='ocrx_word' id='word_1_106' title='bbox 950 751 1406 798; x_wconf 20' lang='lat' dir='ltr'><em>lngolstadijvexcudebant</em></span> <span class='ocrx_word' id='word_1_107' title='bbox 1424 750 1630 784; x_wconf 83' lang='lat' dir='ltr'><strong>Alexander</strong></span> <span class='ocrx_word' id='word_1_108' title='bbox 1649 751 1685 783; x_wconf 83' lang='lat' dir='ltr'><em>et</em></span> <span class='ocrx_word' id='word_1_109' title='bbox 1703 747 1847 783; x_wconf 86' lang='lat' dir='ltr'>Samuel</span> 
     </span>
     <span class='ocr_line' id='line_1_10' title="bbox 89 801 1847 854; baseline -0.006 -10"><span class='ocrx_word' id='word_1_110' title='bbox 89 809 382 854; x_wconf 83' lang='lat' dir='ltr'><em>Vueissenhornij</em></span> <span class='ocrx_word' id='word_1_111' title='bbox 410 809 554 843; x_wconf 84' lang='lat' dir='ltr'><em>fratres.</em></span> <span class='ocrx_word' id='word_1_112' title='bbox 596 810 698 842; x_wconf 90' lang='lat' dir='ltr'><em>Anno</em></span> <span class='ocrx_word' id='word_1_113' title='bbox 725 809 774 842; x_wconf 92' lang='lat' dir='ltr'><em>M.</em></span> <span class='ocrx_word' id='word_1_114' title='bbox 792 807 834 842; x_wconf 90' lang='lat' dir='ltr'><em>D.</em></span> <span class='ocrx_word' id='word_1_115' title='bbox 854 807 1003 841; x_wconf 68' lang='lat' dir='ltr'>LXVH²</span> <span class='ocrx_word' id='word_1_116' title='bbox 1026 806 1050 840; x_wconf 88' lang='lat' dir='ltr'><em>f.</em></span> <span class='ocrx_word' id='word_1_117' title='bbox 1071 807 1108 840; x_wconf 77' lang='lat' dir='ltr'><em>6b</em></span> <span class='ocrx_word' id='word_1_118' title='bbox 1127 806 1259 840; x_wconf 73' lang='lat' dir='ltr'><em>&#39;ib—9²².</em></span> <span class='ocrx_word' id='word_1_119' title='bbox 1303 804 1401 838; x_wconf 85' lang='lat' dir='ltr'><strong>Libri</strong></span> <span class='ocrx_word' id='word_1_120' title='bbox 1427 802 1631 848; x_wconf 81' lang='lat' dir='ltr'><em>exemplum</em></span> <span class='ocrx_word' id='word_1_121' title='bbox 1657 802 1730 836; x_wconf 85' lang='lat' dir='ltr'><em>vidi</em></span> <span class='ocrx_word' id='word_1_122' title='bbox 1758 801 1847 835; x_wconf 89' lang='lat' dir='ltr'><em>Lon-</em></span> 
     </span>
    </p>
   </div>
   <div class='ocr_carea' id='block_1_5' title="bbox 89 854 1847 904">
    <p class='ocr_par' dir='ltr' id='par_1_5' title="bbox 89 854 1847 904">
     <span class='ocr_line' id='line_1_11' title="bbox 89 854 1847 904; baseline -0.005 -7"><span class='ocrx_word' id='word_1_123' title='bbox 89 863 162 897; x_wconf 87' lang='lat' dir='ltr'><em>dini</em></span> <span class='ocrx_word' id='word_1_124' title='bbox 188 863 223 896; x_wconf 91' lang='lat' dir='ltr'><em>in</em></span> <span class='ocrx_word' id='word_1_125' title='bbox 250 862 373 896; x_wconf 89' lang='lat' dir='ltr'><em>Museo</em></span> <span class='ocrx_word' id='word_1_126' title='bbox 400 862 617 896; x_wconf 88' lang='lat' dir='ltr'><em>Britannico.</em></span> <span class='ocrx_word' id='word_1_127' title='bbox 661 863 804 896; x_wconf 87' lang='lat' dir='ltr'><em>Librum</em></span> <span class='ocrx_word' id='word_1_128' title='bbox 832 860 1036 904; x_wconf 81' lang='lat' dir='ltr'>germanice</span> <span class='ocrx_word' id='word_1_129' title='bbox 1063 870 1206 893; x_wconf 82' lang='lat' dir='ltr'><em>versum</em></span> <span class='ocrx_word' id='word_1_130' title='bbox 1233 858 1353 903; x_wconf 77' lang='lat' dir='ltr'>posuit</span> <span class='ocrx_word' id='word_1_131' title='bbox 1378 859 1471 891; x_wconf 73' lang='lat' dir='ltr'><em>Rass</em></span> <span class='ocrx_word' id='word_1_132' title='bbox 1496 856 1518 890; x_wconf 93' lang='grc'><em>1.</em></span> <span class='ocrx_word' id='word_1_133' title='bbox 1539 868 1567 890; x_wconf 84' lang='grc'><em>0.</em></span> <span class='ocrx_word' id='word_1_134' title='bbox 1595 856 1621 897; x_wconf 90' lang='grc' dir='ltr'><em>Ι,</em></span> <span class='ocrx_word' id='word_1_135' title='bbox 1648 854 1847 890; x_wconf 81' lang='grc'>502-524.</span> 
     </span>
    </p>
   </div>
   <div class='ocr_carea' id='block_1_6' title="bbox 88 926 1865 2902">
    <p class='ocr_par' dir='ltr' id='par_1_6' title="bbox 90 926 1849 1137">
     <span class='ocr_line' id='line_1_12' title="bbox 208 926 1847 976; baseline -0.006 -8"><span class='ocrx_word' id='word_1_136' title='bbox 208 934 364 968; x_wconf 85' lang='lat' dir='ltr'><em>Jacobus</em></span> <span class='ocrx_word' id='word_1_137' title='bbox 389 934 520 976; x_wconf 86' lang='lat' dir='ltr'><em>Rabus,</em></span> <span class='ocrx_word' id='word_1_138' title='bbox 547 934 721 967; x_wconf 78' lang='lat' dir='ltr'><em>Ludorici</em></span> <span class='ocrx_word' id='word_1_139' title='bbox 745 933 839 966; x_wconf 84' lang='lat' dir='ltr'><em>Rabi</em></span> <span class='ocrx_word' id='word_1_140' title='bbox 856 931 1073 965; x_wconf 82' lang='lat' dir='ltr'><em>Ulmensium</em></span> <span class='ocrx_word' id='word_1_141' title='bbox 1098 930 1370 963; x_wconf 78' lang='lat' dir='ltr'><em>lutheranorum</em></span> <span class='ocrx_word' id='word_1_142' title='bbox 1394 927 1714 971; x_wconf 77' lang='lat' dir='ltr'><em>superintendentis</em></span> <span class='ocrx_word' id='word_1_143' title='bbox 1738 926 1847 968; x_wconf 78' lang='lat' dir='ltr'><em>filius,</em></span> 
     </span>
     <span class='ocr_line' id='line_1_13' title="bbox 90 980 1848 1030; baseline -0.005 -9"><span class='ocrx_word' id='word_1_144' title='bbox 90 987 296 1021; x_wconf 78' lang='lat' dir='ltr'><em>catechismo</em></span> <span class='ocrx_word' id='word_1_145' title='bbox 326 987 464 1020; x_wconf 79' lang='lat' dir='ltr'><em>Cani-sii</em></span> <span class='ocrx_word' id='word_1_146' title='bbox 497 987 648 1030; x_wconf 82' lang='lat' dir='ltr'><em>aliisque</em></span> <span class='ocrx_word' id='word_1_147' title='bbox 683 987 785 1019; x_wconf 82' lang='lat' dir='ltr'><em>libris</em></span> <span class='ocrx_word' id='word_1_148' title='bbox 810 985 991 1018; x_wconf 79' lang='lat' dir='ltr'><em>catholicis</em></span> <span class='ocrx_word' id='word_1_149' title='bbox 1015 984 1121 1027; x_wconf 80' lang='lat' dir='ltr'><em>lectis,</em></span> <span class='ocrx_word' id='word_1_150' title='bbox 1156 983 1258 1024; x_wconf 80' lang='lat' dir='ltr'><em>fidem</em></span> <span class='ocrx_word' id='word_1_151' title='bbox 1294 982 1500 1014; x_wconf 76' lang='lat' dir='ltr'><em>catholicam</em></span> <span class='ocrx_word' id='word_1_152' title='bbox 1523 980 1690 1023; x_wconf 79' lang='lat' dir='ltr'><em>profiteri</em></span> <span class='ocrx_word' id='word_1_153' title='bbox 1714 980 1848 1012; x_wconf 80' lang='lat' dir='ltr'><em>statuit.</em></span> 
     </span>
     <span class='ocr_line' id='line_1_14' title="bbox 93 1033 1849 1084; baseline -0.005 -11"><span class='ocrx_word' id='word_1_154' title='bbox 93 1042 152 1075; x_wconf 80' lang='lat' dir='ltr'><em>Ad</em></span> <span class='ocrx_word' id='word_1_155' title='bbox 176 1051 282 1084; x_wconf 83' lang='lat' dir='ltr'><em>quam</em></span> <span class='ocrx_word' id='word_1_156' title='bbox 308 1045 345 1072; x_wconf 74' lang='lat' dir='ltr'><em>ut</em></span> <span class='ocrx_word' id='word_1_157' title='bbox 369 1041 469 1083; x_wconf 84' lang='lat' dir='ltr'><em>plene</em></span> <span class='ocrx_word' id='word_1_158' title='bbox 494 1042 715 1080; x_wconf 74' lang='lat' dir='ltr'><em>instituatur,</em></span> <span class='ocrx_word' id='word_1_159' title='bbox 743 1039 849 1073; x_wconf 84' lang='lat' dir='ltr'><em>Ulma</em></span> <span class='ocrx_word' id='word_1_160' title='bbox 877 1040 1075 1081; x_wconf 68' lang='lat' dir='ltr'><em>Auyustam</em></span> <span class='ocrx_word' id='word_1_161' title='bbox 1101 1037 1149 1069; x_wconf 87' lang='lat' dir='ltr'><em>ad</em></span> <span class='ocrx_word' id='word_1_162' title='bbox 1180 1036 1362 1069; x_wconf 82' lang='lat' dir='ltr'><em>Canisium</em></span> <span class='ocrx_word' id='word_1_163' title='bbox 1386 1034 1637 1077; x_wconf 79' lang='lat' dir='ltr'><em>proficiscitur.</em></span> <span class='ocrx_word' id='word_1_164' title='bbox 1675 1033 1750 1074; x_wconf 77' lang='lat' dir='ltr'><em>Quo</em></span> <span class='ocrx_word' id='word_1_165' title='bbox 1776 1042 1849 1065; x_wconf 82' lang='lat' dir='ltr'><em>non</em></span> 
     </span>
     <span class='ocr_line' id='line_1_15' title="bbox 91 1093 560 1137; baseline -0.002 -9"><span class='ocrx_word' id='word_1_166' title='bbox 91 1097 230 1137; x_wconf 80' lang='lat' dir='ltr'><em>reperto</em></span> <span class='ocrx_word' id='word_1_167' title='bbox 256 1093 441 1135; x_wconf 73' lang='lat' dir='ltr'><em>Dilinyam</em></span> <span class='ocrx_word' id='word_1_168' title='bbox 461 1095 560 1136; x_wconf 78' lang='lat' dir='ltr'><em>petit.</em></span> 
     </span>
    </p>

    <p class='ocr_par' dir='ltr' id='par_1_7' title="bbox 88 1157 1865 2902">
     <span class='ocr_line' id='line_1_16' title="bbox 210 1157 1848 1216; baseline -0.005 -10"><span class='ocrx_word' id='word_1_169' title='bbox 210 1164 392 1206; x_wconf 87' lang='lat' dir='ltr'><em>Ioannes</em></span> <span class='ocrx_word' id='word_1_170' title='bbox 430 1164 601 1206; x_wconf 87' lang='lat' dir='ltr'><em>Iacobus</em></span> <span class='ocrx_word' id='word_1_171' title='bbox 628 1164 775 1205; x_wconf 77' lang='lat' dir='ltr'><em>Bubus</em></span> <span class='ocrx_word' id='word_1_172' title='bbox 807 1162 980 1216; x_wconf 79' lang='lat' dir='ltr'><em>(Rabe),</em></span> <span class='ocrx_word' id='word_1_173' title='bbox 1015 1161 1299 1216; x_wconf 67' lang='lat' dir='ltr'><em>Aryentorati,</em></span> <span class='ocrx_word' id='word_1_174' title='bbox 1335 1160 1405 1201; x_wconf 82' lang='lat' dir='ltr'><em>ubi</em></span> <span class='ocrx_word' id='word_1_175' title='bbox 1437 1158 1678 1200; x_wconf 73' lang='lat' dir='ltr'><em>Ludocicus</em></span> <span class='ocrx_word' id='word_1_176' title='bbox 1701 1157 1848 1198; x_wconf 84' lang='lat' dir='ltr'><em>Rabus</em></span> 
     </span>
     <span class='ocr_line' id='line_1_17' title="bbox 88 1223 1847 1286; baseline -0.006 -14"><span class='ocrx_word' id='word_1_177' title='bbox 88 1234 212 1286; x_wconf 83' lang='lat' dir='ltr'><em>pater</em></span> <span class='ocrx_word' id='word_1_178' title='bbox 243 1231 565 1271; x_wconf 85' lang='lat' dir='ltr'><em>contionatorem</em></span> <span class='ocrx_word' id='word_1_179' title='bbox 595 1229 914 1284; x_wconf 67' lang='lat' dir='ltr'><em>protestantium</em></span> <span class='ocrx_word' id='word_1_180' title='bbox 947 1227 1105 1281; x_wconf 68' lang='lat' dir='ltr'><em>aqebat,</em></span> <span class='ocrx_word' id='word_1_181' title='bbox 1138 1226 1212 1267; x_wconf 84' lang='lat' dir='ltr'><em>sub</em></span> <span class='ocrx_word' id='word_1_182' title='bbox 1247 1240 1285 1266; x_wconf 91' lang='lat' dir='ltr'><em>a.</em></span> <span class='ocrx_word' id='word_1_183' title='bbox 1312 1225 1424 1266; x_wconf 81' lang='grc'>1544</span> <span class='ocrx_word' id='word_1_184' title='bbox 1458 1228 1583 1264; x_wconf 87' lang='lat' dir='ltr'><em>natus</em></span> <span class='ocrx_word' id='word_1_185' title='bbox 1614 1227 1650 1264; x_wconf 88' lang='lat' dir='ltr'><em>et</em></span> <span class='ocrx_word' id='word_1_186' title='bbox 1682 1223 1725 1262; x_wconf 82' lang='lat' dir='ltr'><em>in</em></span> <span class='ocrx_word' id='word_1_187' title='bbox 1756 1223 1847 1262; x_wconf 86' lang='lat' dir='ltr'><em>uni-</em></span> 
     </span>
     <span class='ocr_line' id='line_1_18' title="bbox 94 1288 1845 1349; baseline -0.005 -13"><span class='ocrx_word' id='word_1_188' title='bbox 94 1295 362 1337; x_wconf 70' lang='lat' dir='ltr'><em>versitatibus</em></span> <span class='ocrx_word' id='word_1_189' title='bbox 408 1295 722 1349; x_wconf 71' lang='lat' dir='ltr'><em>ritemberqensi</em></span> <span class='ocrx_word' id='word_1_190' title='bbox 770 1298 805 1334; x_wconf 89' lang='lat' dir='ltr'><em>et</em></span> <span class='ocrx_word' id='word_1_191' title='bbox 847 1293 1084 1346; x_wconf 67' lang='lat' dir='ltr'><em>tubinyensi</em></span> <span class='ocrx_word' id='word_1_192' title='bbox 1132 1291 1189 1331; x_wconf 88' lang='lat' dir='ltr'><em>ad</em></span> <span class='ocrx_word' id='word_1_193' title='bbox 1237 1290 1481 1344; x_wconf 73' lang='lat' dir='ltr'><em>tlieoloyiam</em></span> <span class='ocrx_word' id='word_1_194' title='bbox 1528 1288 1845 1343; x_wconf 71' lang='lat' dir='ltr'><em>protestantium</em></span> 
     </span>
     <span class='ocr_line' id='line_1_19' title="bbox 94 1352 1848 1414; baseline -0.005 -13"><span class='ocrx_word' id='word_1_195' title='bbox 94 1361 324 1411; x_wconf 81' lang='lat' dir='ltr'><em>institutus,</em></span> <span class='ocrx_word' id='word_1_196' title='bbox 366 1360 566 1414; x_wconf 71' lang='lat' dir='ltr'><em>Dilinyae-</em></span> <span class='ocrx_word' id='word_1_197' title='bbox 609 1363 778 1400; x_wconf 79' lang='lat' dir='ltr'><em>exeunte</em></span> <span class='ocrx_word' id='word_1_198' title='bbox 819 1372 858 1400; x_wconf 89' lang='lat' dir='ltr'><em>a.</em></span> <span class='ocrx_word' id='word_1_199' title='bbox 884 1360 998 1399; x_wconf 72' lang='lat'><strong><em>1565</em></strong></span> <span class='ocrx_word' id='word_1_200' title='bbox 1039 1358 1083 1397; x_wconf 88' lang='lat' dir='ltr'><em>in</em></span> <span class='ocrx_word' id='word_1_201' title='bbox 1129 1357 1336 1397; x_wconf 83' lang='lat' dir='ltr'><em>ecclesiam</em></span> <span class='ocrx_word' id='word_1_202' title='bbox 1378 1354 1645 1404; x_wconf 77' lang='lat' dir='ltr'><em>catholicam,</em></span> <span class='ocrx_word' id='word_1_203' title='bbox 1690 1352 1848 1393; x_wconf 80' lang='lat' dir='ltr'><em>Romae</em></span> 
     </span>
     <span class='ocr_line' id='line_1_20' title="bbox 95 1416 1847 1480; baseline -0.006 -14"><span class='ocrx_word' id='word_1_204' title='bbox 95 1426 215 1466; x_wconf 78' lang='lat' dir='ltr'><em>haud</em></span> <span class='ocrx_word' id='word_1_205' title='bbox 245 1427 371 1466; x_wconf 87' lang='lat' dir='ltr'><em>multo</em></span> <span class='ocrx_word' id='word_1_206' title='bbox 403 1430 493 1480; x_wconf 90' lang='lat' dir='ltr'><em>post</em></span> <span class='ocrx_word' id='word_1_207' title='bbox 525 1426 570 1466; x_wconf 85' lang='lat' dir='ltr'><em>in</em></span> <span class='ocrx_word' id='word_1_208' title='bbox 593 1425 806 1479; x_wconf 72' lang='lat' dir='ltr'><em>colleyium</em></span> <span class='ocrx_word' id='word_1_209' title='bbox 828 1423 1115 1478; x_wconf 71' lang='lat' dir='ltr'><em>yermanicum</em></span> <span class='ocrx_word' id='word_1_210' title='bbox 1137 1425 1324 1475; x_wconf 82' lang='lat' dir='ltr'><em>receptus</em></span> <span class='ocrx_word' id='word_1_211' title='bbox 1346 1424 1404 1461; x_wconf 86' lang='lat' dir='ltr'><em>est</em></span> <span class='ocrx_word' id='word_1_212' title='bbox 1425 1418 1481 1469; x_wconf 73' lang='lat' dir='ltr'><em>(a.</em></span> <span class='ocrx_word' id='word_1_213' title='bbox 1505 1431 1638 1472; x_wconf 83' lang='lat' dir='ltr'><em>supra</em></span> <span class='ocrx_word' id='word_1_214' title='bbox 1658 1431 1701 1472; x_wconf 83' lang='lat' dir='ltr'><em>p.</em></span> <span class='ocrx_word' id='word_1_215' title='bbox 1726 1416 1847 1468; x_wconf 76' lang='lat'><em>294).</em></span> 
     </span>
     <span class='ocr_line' id='line_1_21' title="bbox 96 1478 1846 1543; baseline -0.006 -11"><span class='ocrx_word' id='word_1_216' title='bbox 96 1491 212 1532; x_wconf 87' lang='lat' dir='ltr'><em>Idem</em></span> <span class='ocrx_word' id='word_1_217' title='bbox 249 1491 435 1542; x_wconf 83' lang='lat' dir='ltr'><em>„Romae</em></span> <span class='ocrx_word' id='word_1_218' title='bbox 468 1504 517 1530; x_wconf 69' lang='lat' dir='ltr'><em>ecc</em></span> <span class='ocrx_word' id='word_1_219' title='bbox 550 1490 725 1543; x_wconf 75' lang='lat' dir='ltr'><em>Colleyio</em></span> <span class='ocrx_word' id='word_1_220' title='bbox 760 1489 1023 1539; x_wconf 83' lang='lat' dir='ltr'><em>Germanico,</em></span> <span class='ocrx_word' id='word_1_221' title='bbox 1067 1486 1270 1541; x_wconf 76' lang='lat' dir='ltr'><em>Septemb:</em></span> <span class='ocrx_word' id='word_1_222' title='bbox 1312 1486 1379 1525; x_wconf 87' lang='lat' dir='ltr'><em>die</em></span> <span class='ocrx_word' id='word_1_223' title='bbox 1417 1485 1485 1526; x_wconf 89' lang='grc'><em>14.</em></span> <span class='ocrx_word' id='word_1_224' title='bbox 1548 1484 1673 1524; x_wconf 81' lang='lat' dir='ltr'><em>Anno</em></span> <span class='ocrx_word' id='word_1_225' title='bbox 1706 1478 1846 1523; x_wconf 81' lang='lat'><strong><em>1566“</em></strong></span> 
     </span>
     <span class='ocr_line' id='line_1_22' title="bbox 96 1548 1852 1610; baseline -0.006 -14"><span class='ocrx_word' id='word_1_226' title='bbox 96 1556 208 1607; x_wconf 85' lang='lat' dir='ltr'><em>libri,</em></span> <span class='ocrx_word' id='word_1_227' title='bbox 244 1569 360 1610; x_wconf 80' lang='lat' dir='ltr'><em>quem</em></span> <span class='ocrx_word' id='word_1_228' title='bbox 394 1569 526 1610; x_wconf 84' lang='lat' dir='ltr'><em>supra</em></span> <span class='ocrx_word' id='word_1_229' title='bbox 560 1555 665 1606; x_wconf 68' lang='lat' dir='ltr'><em>dixi,</em></span> <span class='ocrx_word' id='word_1_230' title='bbox 705 1555 867 1595; x_wconf 77' lang='lat' dir='ltr'><em>litteras</em></span> <span class='ocrx_word' id='word_1_231' title='bbox 900 1552 1184 1594; x_wconf 85' lang='lat' dir='ltr'><em>dedicatorias</em></span> <span class='ocrx_word' id='word_1_232' title='bbox 1215 1551 1274 1591; x_wconf 87' lang='lat' dir='ltr'><em>ad</em></span> <span class='ocrx_word' id='word_1_233' title='bbox 1305 1549 1523 1591; x_wconf 84' lang='lat' dir='ltr'><em>Albertum</em></span> <span class='ocrx_word' id='word_1_234' title='bbox 1556 1549 1601 1592; x_wconf 83' lang='lat' dir='ltr'><em>V.</em></span> <span class='ocrx_word' id='word_1_235' title='bbox 1636 1548 1852 1589; x_wconf 82' lang='lat' dir='ltr'><em>Bavariae</em></span> 
     </span>
     <span class='ocr_line' id='line_1_23' title="bbox 99 1616 1853 1674; baseline -0.005 -13"><span class='ocrx_word' id='word_1_236' title='bbox 99 1622 244 1662; x_wconf 82' lang='lat' dir='ltr'><em>ducem</em></span> <span class='ocrx_word' id='word_1_237' title='bbox 288 1620 416 1671; x_wconf 84' lang='lat' dir='ltr'><em>dedit,</em></span> <span class='ocrx_word' id='word_1_238' title='bbox 461 1621 504 1660; x_wconf 84' lang='lat' dir='ltr'><em>in</em></span> <span class='ocrx_word' id='word_1_239' title='bbox 546 1620 695 1674; x_wconf 79' lang='lat' dir='ltr'><em>quibus</em></span> <span class='ocrx_word' id='word_1_240' title='bbox 738 1620 823 1660; x_wconf 80' lang='lat' dir='ltr'><em>ait:</em></span> <span class='ocrx_word' id='word_1_241' title='bbox 863 1619 1126 1673; x_wconf 71' lang='lat' dir='ltr'><em>sparserunt</em></span> <span class='ocrx_word' id='word_1_242' title='bbox 1167 1616 1421 1667; x_wconf 85' lang='lat' dir='ltr'><em>adversarii,</em></span> <span class='ocrx_word' id='word_1_243' title='bbox 1469 1627 1556 1665; x_wconf 88' lang='lat' dir='ltr'><em>„me</em></span> <span class='ocrx_word' id='word_1_244' title='bbox 1596 1628 1671 1668; x_wconf 90' lang='lat' dir='ltr'><em>per</em></span> <span class='ocrx_word' id='word_1_245' title='bbox 1709 1616 1853 1666; x_wconf 83' lang='lat' dir='ltr'><em>patres</em></span> 
     </span>
     <span class='ocr_line' id='line_1_24' title="bbox 98 1679 1851 1738; baseline -0.006 -11"><span class='ocrx_word' id='word_1_246' title='bbox 98 1686 280 1727; x_wconf 85' lang='lat' dir='ltr'><em>Iesuitas</em></span> <span class='ocrx_word' id='word_1_247' title='bbox 301 1685 569 1738; x_wconf 65' lang='lat' dir='ltr'><em>Dilinyenses</em></span> <span class='ocrx_word' id='word_1_248' title='bbox 601 1685 828 1736; x_wconf 84' lang='lat' dir='ltr'><em>seductum,</em></span> <span class='ocrx_word' id='word_1_249' title='bbox 864 1688 899 1724; x_wconf 86' lang='lat' dir='ltr'><em>et</em></span> <span class='ocrx_word' id='word_1_250' title='bbox 929 1684 1065 1724; x_wconf 86' lang='lat' dir='ltr'><em>nescio</em></span> <span class='ocrx_word' id='word_1_251' title='bbox 1098 1682 1248 1736; x_wconf 78' lang='lat' dir='ltr'><em>quibus</em></span> <span class='ocrx_word' id='word_1_252' title='bbox 1277 1679 1648 1734; x_wconf 74' lang='lat' dir='ltr'><em>pollicitationibus</em></span> <span class='ocrx_word' id='word_1_253' title='bbox 1677 1690 1851 1732; x_wconf 86' lang='lat' dir='ltr'><em>persua-</em></span> 
     </span>
     <span class='ocr_line' id='line_1_25' title="bbox 99 1741 1852 1804; baseline -0.005 -14"><span class='ocrx_word' id='word_1_254' title='bbox 99 1749 367 1804; x_wconf 78' lang='lat' dir='ltr'><em>sionibusque</em></span> <span class='ocrx_word' id='word_1_255' title='bbox 400 1751 625 1790; x_wconf 83' lang='lat' dir='ltr'><em>inescatum</em></span> <span class='ocrx_word' id='word_1_256' title='bbox 661 1783 668 1790; x_wconf 93' lang='lat'><strong><em>.</em></strong></span> <span class='ocrx_word' id='word_1_257' title='bbox 695 1781 736 1791; x_wconf 87' lang='lat'><em>..</em></span> <span class='ocrx_word' id='word_1_258' title='bbox 772 1749 823 1789; x_wconf 88' lang='lat' dir='ltr'><em>ab</em></span> <span class='ocrx_word' id='word_1_259' title='bbox 857 1749 1023 1789; x_wconf 78' lang='lat' dir='ltr'><em>haeresi</em></span> <span class='ocrx_word' id='word_1_260' title='bbox 1055 1745 1311 1800; x_wconf 75' lang='lat' dir='ltr'><em>deflexisse“.</em></span> <span class='ocrx_word' id='word_1_261' title='bbox 1365 1744 1475 1786; x_wconf 84' lang='lat' dir='ltr'><em>Eam</em></span> <span class='ocrx_word' id='word_1_262' title='bbox 1507 1743 1588 1784; x_wconf 87' lang='lat' dir='ltr'><em>sibi</em></span> <span class='ocrx_word' id='word_1_263' title='bbox 1619 1742 1718 1784; x_wconf 82' lang='lat' dir='ltr'><em>libri</em></span> <span class='ocrx_word' id='word_1_264' title='bbox 1749 1741 1852 1782; x_wconf 86' lang='lat' dir='ltr'><em>scri-</em></span> 
     </span>
     <span class='ocr_line' id='line_1_26' title="bbox 102 1809 1853 1868; baseline -0.005 -13"><span class='ocrx_word' id='word_1_265' title='bbox 102 1814 226 1856; x_wconf 84' lang='lat' dir='ltr'><em>bendi</em></span> <span class='ocrx_word' id='word_1_266' title='bbox 258 1828 429 1855; x_wconf 87' lang='lat' dir='ltr'><em>causam</em></span> <span class='ocrx_word' id='word_1_267' title='bbox 459 1814 608 1866; x_wconf 84' lang='lat' dir='ltr'><em>fuisse.</em></span> <span class='ocrx_word' id='word_1_268' title='bbox 672 1814 721 1854; x_wconf 89' lang='lat' dir='ltr'><em>In</em></span> <span class='ocrx_word' id='word_1_269' title='bbox 757 1828 835 1868; x_wconf 78' lang='lat' dir='ltr'><em>quo</em></span> <span class='ocrx_word' id='word_1_270' title='bbox 868 1813 1021 1866; x_wconf 83' lang='lat' dir='ltr'><em>refert:</em></span> <span class='ocrx_word' id='word_1_271' title='bbox 1061 1813 1126 1865; x_wconf 77' lang='lat' dir='ltr'><em>Se,</em></span> <span class='ocrx_word' id='word_1_272' title='bbox 1169 1825 1261 1853; x_wconf 81' lang='lat' dir='ltr'><em>cuni</em></span> <span class='ocrx_word' id='word_1_273' title='bbox 1291 1809 1550 1864; x_wconf 81' lang='lat' dir='ltr'><em>professores</em></span> <span class='ocrx_word' id='word_1_274' title='bbox 1575 1811 1853 1862; x_wconf 73' lang='lat' dir='ltr'><em>protestantes</em></span> 
     </span>
     <span class='ocr_line' id='line_1_27' title="bbox 101 1871 1853 1920; baseline -0.005 0"><span class='ocrx_word' id='word_1_275' title='bbox 101 1879 312 1920; x_wconf 75' lang='lat' dir='ltr'><em>catholicis</em></span> <span class='ocrx_word' id='word_1_276' title='bbox 334 1879 591 1920; x_wconf 78' lang='lat' dir='ltr'><em>continenter</em></span> <span class='ocrx_word' id='word_1_277' title='bbox 612 1880 717 1920; x_wconf 84' lang='lat' dir='ltr'><em>male</em></span> <span class='ocrx_word' id='word_1_278' title='bbox 742 1879 879 1919; x_wconf 81' lang='lat' dir='ltr'><em>dicere</em></span> <span class='ocrx_word' id='word_1_279' title='bbox 910 1883 945 1920; x_wconf 92' lang='lat' dir='ltr'><em>et</em></span> <span class='ocrx_word' id='word_1_280' title='bbox 978 1879 1086 1919; x_wconf 80' lang='lat' dir='ltr'><em>inter</em></span> <span class='ocrx_word' id='word_1_281' title='bbox 1117 1891 1159 1918; x_wconf 87' lang='lat' dir='ltr'><em>se</em></span> <span class='ocrx_word' id='word_1_282' title='bbox 1190 1876 1309 1917; x_wconf 85' lang='lat' dir='ltr'><em>valde</em></span> <span class='ocrx_word' id='word_1_283' title='bbox 1343 1874 1550 1915; x_wconf 80' lang='lat' dir='ltr'><em>dissidere</em></span> <span class='ocrx_word' id='word_1_284' title='bbox 1582 1871 1853 1913; x_wconf 73' lang='lat' dir='ltr'><em>animadver-</em></span> 
     </span>
     <span class='ocr_line' id='line_1_28' title="bbox 102 1937 1854 1998; baseline -0.005 -14"><span class='ocrx_word' id='word_1_285' title='bbox 102 1945 228 1996; x_wconf 83' lang='lat' dir='ltr'><em>tisset,</em></span> <span class='ocrx_word' id='word_1_286' title='bbox 252 1957 301 1984; x_wconf 93' lang='lat' dir='ltr'><em>ac</em></span> <span class='ocrx_word' id='word_1_287' title='bbox 317 1957 409 1984; x_wconf 88' lang='lat' dir='ltr'><em>cum</em></span> <span class='ocrx_word' id='word_1_288' title='bbox 433 1948 466 1984; x_wconf 88' lang='lat' dir='ltr'><em>et</em></span> <span class='ocrx_word' id='word_1_289' title='bbox 486 1948 660 1984; x_wconf 85' lang='lat' dir='ltr'><em>veterum</em></span> <span class='ocrx_word' id='word_1_290' title='bbox 685 1945 947 1998; x_wconf 83' lang='lat' dir='ltr'><em>scriptorum,</em></span> <span class='ocrx_word' id='word_1_291' title='bbox 972 1943 1152 1983; x_wconf 67' lang='lat' dir='ltr'><em>maxime</em></span> <span class='ocrx_word' id='word_1_292' title='bbox 1176 1940 1429 1982; x_wconf 84' lang='lat' dir='ltr'><em>Tertulliani</em></span> <span class='ocrx_word' id='word_1_293' title='bbox 1453 1944 1486 1979; x_wconf 84' lang='lat' dir='ltr'><em>et</em></span> <span class='ocrx_word' id='word_1_294' title='bbox 1509 1939 1552 1980; x_wconf 83' lang='lat' dir='ltr'><em>S.</em></span> <span class='ocrx_word' id='word_1_295' title='bbox 1574 1937 1793 1992; x_wconf 71' lang='lat' dir='ltr'><em>Cypriani,</em></span> <span class='ocrx_word' id='word_1_296' title='bbox 1820 1941 1854 1976; x_wconf 86' lang='lat' dir='ltr'><em>et</em></span> 
     </span>
     <span class='ocr_line' id='line_1_29' title="bbox 102 2002 1851 2062; baseline -0.005 -12"><span class='ocrx_word' id='word_1_297' title='bbox 102 2009 340 2060; x_wconf 84' lang='lat' dir='ltr'><em>recentium,</em></span> <span class='ocrx_word' id='word_1_298' title='bbox 364 2013 408 2048; x_wconf 87' lang='lat' dir='ltr'><em>ut</em></span> <span class='ocrx_word' id='word_1_299' title='bbox 425 2007 561 2061; x_wconf 71' lang='lat' dir='ltr'><em>Eckii,</em></span> <span class='ocrx_word' id='word_1_300' title='bbox 584 2008 790 2062; x_wconf 65' lang='lat' dir='ltr'><em>Staplzyh,</em></span> <span class='ocrx_word' id='word_1_301' title='bbox 814 2008 930 2049; x_wconf 89' lang='lat' dir='ltr'><em>Petri</em></span> <span class='ocrx_word' id='word_1_302' title='bbox 949 2021 974 2047; x_wconf 91' lang='lat' dir='ltr'><em>a</em></span> <span class='ocrx_word' id='word_1_303' title='bbox 992 2008 1099 2059; x_wconf 79' lang='lat' dir='ltr'><em>Soto,</em></span> <span class='ocrx_word' id='word_1_304' title='bbox 1123 2007 1252 2047; x_wconf 86' lang='lat' dir='ltr'><em>libros</em></span> <span class='ocrx_word' id='word_1_305' title='bbox 1269 2005 1442 2058; x_wconf 70' lang='lat' dir='ltr'><em>leyisset,</em></span> <span class='ocrx_word' id='word_1_306' title='bbox 1468 2004 1518 2044; x_wconf 86' lang='lat' dir='ltr'><em>de</em></span> <span class='ocrx_word' id='word_1_307' title='bbox 1533 2002 1851 2057; x_wconf 78' lang='lat' dir='ltr'><em>protestantium</em></span> 
     </span>
     <span class='ocr_line' id='line_1_30' title="bbox 105 2067 1855 2126; baseline -0.004 -13"><span class='ocrx_word' id='word_1_308' title='bbox 105 2073 306 2114; x_wconf 80' lang='lat' dir='ltr'><em>doctrinis</em></span> <span class='ocrx_word' id='word_1_309' title='bbox 338 2073 594 2113; x_wconf 76' lang='lat' dir='ltr'><em>vehementer</em></span> <span class='ocrx_word' id='word_1_310' title='bbox 626 2073 821 2114; x_wconf 83' lang='lat' dir='ltr'><em>dubitare</em></span> <span class='ocrx_word' id='word_1_311' title='bbox 852 2074 1042 2126; x_wconf 84' lang='lat' dir='ltr'><em>coepisse.</em></span> <span class='ocrx_word' id='word_1_312' title='bbox 1106 2071 1248 2126; x_wconf 79' lang='lat' dir='ltr'><em>Neque</em></span> <span class='ocrx_word' id='word_1_313' title='bbox 1279 2071 1340 2110; x_wconf 80' lang='lat' dir='ltr'><em>vel</em></span> <span class='ocrx_word' id='word_1_314' title='bbox 1377 2074 1539 2123; x_wconf 87' lang='lat' dir='ltr'><em>patrem</em></span> <span class='ocrx_word' id='word_1_315' title='bbox 1574 2081 1697 2108; x_wconf 79' lang='lat' dir='ltr'><em>Suum</em></span> <span class='ocrx_word' id='word_1_316' title='bbox 1729 2091 1785 2094; x_wconf 97' lang='lat'><strong>—</strong></span> <span class='ocrx_word' id='word_1_317' title='bbox 1820 2067 1855 2107; x_wconf 80' lang='lat' dir='ltr'><em>is</em></span> 
     </span>
     <span class='ocr_line' id='line_1_31' title="bbox 105 2132 1856 2192; baseline -0.003 -15"><span class='ocrx_word' id='word_1_318' title='bbox 105 2152 144 2179; x_wconf 89' lang='lat' dir='ltr'><em>a.</em></span> <span class='ocrx_word' id='word_1_319' title='bbox 170 2140 284 2178; x_wconf 80' lang='lat'><em>1553</em></span> <span class='ocrx_word' id='word_1_320' title='bbox 315 2136 458 2178; x_wconf 86' lang='lat' dir='ltr'><em>Ulmae</em></span> <span class='ocrx_word' id='word_1_321' title='bbox 485 2138 696 2192; x_wconf 80' lang='lat' dir='ltr'><em>parochus</em></span> <span class='ocrx_word' id='word_1_322' title='bbox 731 2142 765 2178; x_wconf 89' lang='lat' dir='ltr'><em>et</em></span> <span class='ocrx_word' id='word_1_323' title='bbox 797 2137 1148 2191; x_wconf 81' lang='lat' dir='ltr'><em>superintendens</em></span> <span class='ocrx_word' id='word_1_324' title='bbox 1180 2136 1424 2176; x_wconf 84' lang='lat' dir='ltr'><em>constitutus</em></span> <span class='ocrx_word' id='word_1_325' title='bbox 1456 2137 1546 2174; x_wconf 87' lang='lat' dir='ltr'><em>erat</em></span> <span class='ocrx_word' id='word_1_326' title='bbox 1568 2155 1637 2183; x_wconf 83' lang='lat'><em>——,</em></span> <span class='ocrx_word' id='word_1_327' title='bbox 1671 2132 1730 2172; x_wconf 80' lang='lat' dir='ltr'><em>vel</em></span> <span class='ocrx_word' id='word_1_328' title='bbox 1758 2145 1856 2185; x_wconf 83' lang='lat' dir='ltr'><em>pro-</em></span> 
     </span>
     <span class='ocr_line' id='line_1_32' title="bbox 102 2197 1855 2255; baseline -0.004 -12"><span class='ocrx_word' id='word_1_329' title='bbox 102 2202 283 2255; x_wconf 87' lang='lat' dir='ltr'><em>fessores</em></span> <span class='ocrx_word' id='word_1_330' title='bbox 304 2201 567 2255; x_wconf 70' lang='lat' dir='ltr'><em>tubinyenses</em></span> <span class='ocrx_word' id='word_1_331' title='bbox 589 2203 670 2243; x_wconf 83' lang='lat' dir='ltr'><em>sibi</em></span> <span class='ocrx_word' id='word_1_332' title='bbox 694 2202 962 2255; x_wconf 78' lang='lat' dir='ltr'><em>difficultates</em></span> <span class='ocrx_word' id='word_1_333' title='bbox 992 2202 1088 2243; x_wconf 88' lang='lat' dir='ltr'><em>illas</em></span> <span class='ocrx_word' id='word_1_334' title='bbox 1115 2200 1363 2255; x_wconf 86' lang='lat' dir='ltr'><em>proponenti</em></span> <span class='ocrx_word' id='word_1_335' title='bbox 1392 2197 1640 2250; x_wconf 84' lang='lat' dir='ltr'><em>satisfacere</em></span> <span class='ocrx_word' id='word_1_336' title='bbox 1660 2199 1855 2252; x_wconf 84' lang='lat' dir='ltr'><em>potuisse.</em></span> 
     </span>
     <span class='ocr_line' id='line_1_33' title="bbox 106 2261 1857 2320; baseline -0.005 -12"><span class='ocrx_word' id='word_1_337' title='bbox 106 2267 173 2308; x_wconf 87' lang='lat' dir='ltr'><em>Ita</em></span> <span class='ocrx_word' id='word_1_338' title='bbox 202 2266 361 2319; x_wconf 87' lang='lat' dir='ltr'><em>factum</em></span> <span class='ocrx_word' id='word_1_339' title='bbox 398 2280 494 2319; x_wconf 82' lang='lat' dir='ltr'><em>esse,</em></span> <span class='ocrx_word' id='word_1_340' title='bbox 530 2272 571 2307; x_wconf 86' lang='lat' dir='ltr'><em>ut</em></span> <span class='ocrx_word' id='word_1_341' title='bbox 604 2267 830 2308; x_wconf 80' lang='lat' dir='ltr'><em>catholicae</em></span> <span class='ocrx_word' id='word_1_342' title='bbox 862 2267 1076 2320; x_wconf 68' lang='lat' dir='ltr'><em>reliyionis</em></span> <span class='ocrx_word' id='word_1_343' title='bbox 1108 2266 1317 2306; x_wconf 79' lang='lat' dir='ltr'><em>veritatem</em></span> <span class='ocrx_word' id='word_1_344' title='bbox 1352 2266 1617 2317; x_wconf 66' lang='lat' dir='ltr'><em>coquosceret.</em></span> <span class='ocrx_word' id='word_1_345' title='bbox 1673 2261 1765 2312; x_wconf 75' lang='lat' dir='ltr'><em>Qua</em></span> <span class='ocrx_word' id='word_1_346' title='bbox 1795 2274 1857 2301; x_wconf 90' lang='lat' dir='ltr'><em>co-</em></span> 
     </span>
     <span class='ocr_line' id='line_1_34' title="bbox 105 2325 1860 2387; baseline -0.004 -15"><span class='ocrx_word' id='word_1_347' title='bbox 105 2334 237 2387; x_wconf 68' lang='lat' dir='ltr'><em>quite,</em></span> <span class='ocrx_word' id='word_1_348' title='bbox 261 2345 286 2372; x_wconf 88' lang='lat' dir='ltr'><em>a</em></span> <span class='ocrx_word' id='word_1_349' title='bbox 308 2332 445 2384; x_wconf 85' lang='lat' dir='ltr'><em>patre,</em></span> <span class='ocrx_word' id='word_1_350' title='bbox 470 2331 540 2382; x_wconf 91' lang='lat' dir='ltr'><em>qui</em></span> <span class='ocrx_word' id='word_1_351' title='bbox 563 2330 804 2384; x_wconf 86' lang='lat' dir='ltr'><em>Tybingam</em></span> <span class='ocrx_word' id='word_1_352' title='bbox 828 2345 894 2372; x_wconf 90' lang='lat' dir='ltr'><em>me</em></span> <span class='ocrx_word' id='word_1_353' title='bbox 916 2343 1190 2372; x_wconf 88' lang='lat' dir='ltr'><em>reversurum</em></span> <span class='ocrx_word' id='word_1_354' title='bbox 1215 2328 1484 2382; x_wconf 79' lang='lat' dir='ltr'><em>opinabatur,</em></span> <span class='ocrx_word' id='word_1_355' title='bbox 1519 2325 1658 2367; x_wconf 87' lang='lat' dir='ltr'><em>amica</em></span> <span class='ocrx_word' id='word_1_356' title='bbox 1680 2326 1860 2378; x_wconf 88' lang='lat' dir='ltr'><em>accepta</em></span> 
     </span>
     <span class='ocr_line' id='line_1_35' title="bbox 109 2389 1861 2448; baseline -0.003 -12"><span class='ocrx_word' id='word_1_357' title='bbox 109 2395 256 2445; x_wconf 88' lang='lat' dir='ltr'><em>venia,</em></span> <span class='ocrx_word' id='word_1_358' title='bbox 298 2394 484 2445; x_wconf 81' lang='lat' dir='ltr'><em>discedo,</em></span> <span class='ocrx_word' id='word_1_359' title='bbox 526 2409 746 2448; x_wconf 86' lang='lat' dir='ltr'><em>pergoque</em></span> <span class='ocrx_word' id='word_1_360' title='bbox 789 2394 1079 2436; x_wconf 88' lang='lat' dir='ltr'><em>conscientiae</em></span> <span class='ocrx_word' id='word_1_361' title='bbox 1120 2407 1241 2435; x_wconf 85' lang='lat' dir='ltr'><em>meae</em></span> <span class='ocrx_word' id='word_1_362' title='bbox 1286 2391 1472 2434; x_wconf 88' lang='lat' dir='ltr'><em>stimulis</em></span> <span class='ocrx_word' id='word_1_363' title='bbox 1512 2391 1574 2433; x_wconf 85' lang='lat' dir='ltr'><em>ita</em></span> <span class='ocrx_word' id='word_1_364' title='bbox 1611 2389 1861 2443; x_wconf 83' lang='lat' dir='ltr'><em>jubentibus</em></span> 
     </span>
     <span class='ocr_line' id='line_1_36' title="bbox 108 2453 1860 2513; baseline -0.005 -11"><span class='ocrx_word' id='word_1_365' title='bbox 108 2461 352 2513; x_wconf 80' lang='lat' dir='ltr'><em>Augustam</em></span> <span class='ocrx_word' id='word_1_366' title='bbox 386 2459 726 2510; x_wconf 87' lang='lat' dir='ltr'><em>Vindelicorum,</em></span> <span class='ocrx_word' id='word_1_367' title='bbox 769 2459 849 2501; x_wconf 89' lang='lat' dir='ltr'><em>hoc</em></span> <span class='ocrx_word' id='word_1_368' title='bbox 890 2459 1061 2501; x_wconf 91' lang='lat' dir='ltr'><em>omnino</em></span> <span class='ocrx_word' id='word_1_369' title='bbox 1103 2458 1294 2507; x_wconf 88' lang='lat' dir='ltr'><em>consilio,</em></span> <span class='ocrx_word' id='word_1_370' title='bbox 1338 2456 1472 2509; x_wconf 89' lang='lat' dir='ltr'><em>quod,</em></span> <span class='ocrx_word' id='word_1_371' title='bbox 1516 2453 1860 2509; x_wconf 83' lang='lat' dir='ltr'><em>quandoquidem</em></span> 
     </span>
     <span class='ocr_line' id='line_1_37' title="bbox 109 2518 1862 2577; baseline -0.003 -12"><span class='ocrx_word' id='word_1_372' title='bbox 109 2524 312 2566; x_wconf 86' lang='lat' dir='ltr'><em>voluntas</em></span> <span class='ocrx_word' id='word_1_373' title='bbox 353 2537 449 2565; x_wconf 88' lang='lat' dir='ltr'><em>mea</em></span> <span class='ocrx_word' id='word_1_374' title='bbox 489 2524 542 2566; x_wconf 89' lang='lat' dir='ltr'><em>ad</em></span> <span class='ocrx_word' id='word_1_375' title='bbox 576 2524 815 2566; x_wconf 80' lang='lat' dir='ltr'><em>Ecclesiam</em></span> <span class='ocrx_word' id='word_1_376' title='bbox 857 2523 1061 2566; x_wconf 91' lang='lat' dir='ltr'><em>redeundi</em></span> <span class='ocrx_word' id='word_1_377' title='bbox 1108 2522 1278 2577; x_wconf 85' lang='lat' dir='ltr'><em>paterni</em></span> <span class='ocrx_word' id='word_1_378' title='bbox 1309 2520 1474 2563; x_wconf 88' lang='lat' dir='ltr'><em>favoris</em></span> <span class='ocrx_word' id='word_1_379' title='bbox 1509 2522 1725 2575; x_wconf 88' lang='lat' dir='ltr'><em>jacturam</em></span> <span class='ocrx_word' id='word_1_380' title='bbox 1758 2518 1862 2560; x_wconf 88' lang='grc'>1111111</span> 
     </span>
     <span class='ocr_line' id='line_1_38' title="bbox 109 2583 1862 2642; baseline -0.003 -12"><span class='ocrx_word' id='word_1_381' title='bbox 109 2588 396 2638; x_wconf 75' lang='lat' dir='ltr'><em>minitaretur,</em></span> <span class='ocrx_word' id='word_1_382' title='bbox 428 2589 655 2641; x_wconf 86' lang='lat' dir='ltr'><em>sperabam</em></span> <span class='ocrx_word' id='word_1_383' title='bbox 689 2589 794 2638; x_wconf 86' lang='lat' dir='ltr'><em>fore,</em></span> <span class='ocrx_word' id='word_1_384' title='bbox 828 2602 896 2629; x_wconf 86' lang='lat' dir='ltr'><em>me</em></span> <span class='ocrx_word' id='word_1_385' title='bbox 928 2588 1040 2642; x_wconf 88' lang='lat' dir='ltr'><em>apud</em></span> <span class='ocrx_word' id='word_1_386' title='bbox 1074 2587 1357 2629; x_wconf 88' lang='lat' dir='ltr'><em>clarissimum</em></span> <span class='ocrx_word' id='word_1_387' title='bbox 1391 2585 1575 2627; x_wconf 87' lang='lat' dir='ltr'><em>sanioris</em></span> <span class='ocrx_word' id='word_1_388' title='bbox 1601 2583 1862 2637; x_wconf 86' lang='lat' dir='ltr'><em>Theologiae</em></span> 
     </span>
     <span class='ocr_line' id='line_1_39' title="bbox 110 2650 1861 2705; baseline -0.004 -9"><span class='ocrx_word' id='word_1_389' title='bbox 110 2655 355 2702; x_wconf 90' lang='lat' dir='ltr'><em>Doctorem‚</em></span> <span class='ocrx_word' id='word_1_390' title='bbox 391 2653 439 2694; x_wconf 89' lang='lat' dir='ltr'><em>D.</em></span> <span class='ocrx_word' id='word_1_391' title='bbox 467 2653 639 2695; x_wconf 86' lang='lat' dir='ltr'><em>Petrum</em></span> <span class='ocrx_word' id='word_1_392' title='bbox 663 2653 894 2703; x_wconf 81' lang='lat' dir='ltr'><em>Canisium,</em></span> <span class='ocrx_word' id='word_1_393' title='bbox 918 2654 1038 2705; x_wconf 88' lang='lat' dir='ltr'><em>cujus</em></span> <span class='ocrx_word' id='word_1_394' title='bbox 1061 2652 1378 2695; x_wconf 87' lang='lat' dir='ltr'><em>Catechismum</em></span> <span class='ocrx_word' id='word_1_395' title='bbox 1402 2650 1633 2704; x_wconf 82' lang='lat' dir='ltr'><em>aliquando</em></span> <span class='ocrx_word' id='word_1_396' title='bbox 1657 2650 1861 2702; x_wconf 83' lang='lat' dir='ltr'><em>legeram,</em></span> 
     </span>
     <span class='ocr_line' id='line_1_40' title="bbox 110 2713 1865 2771; baseline -0.004 -10"><span class='ocrx_word' id='word_1_397' title='bbox 110 2733 196 2761; x_wconf 89' lang='lat' dir='ltr'><em>non</em></span> <span class='ocrx_word' id='word_1_398' title='bbox 227 2721 316 2760; x_wconf 89' lang='lat' dir='ltr'><em>tam</em></span> <span class='ocrx_word' id='word_1_399' title='bbox 339 2717 586 2767; x_wconf 85' lang='lat' dir='ltr'><em>subsidium,</em></span> <span class='ocrx_word' id='word_1_400' title='bbox 620 2732 746 2771; x_wconf 89' lang='lat' dir='ltr'><em>quam</em></span> <span class='ocrx_word' id='word_1_401' title='bbox 776 2717 1099 2760; x_wconf 79' lang='lat' dir='ltr'><em>instructionem</em></span> <span class='ocrx_word' id='word_1_402' title='bbox 1125 2718 1255 2759; x_wconf 87' lang='lat' dir='ltr'><em>etiam</em></span> <span class='ocrx_word' id='word_1_403' title='bbox 1280 2717 1331 2759; x_wconf 88' lang='lat' dir='ltr'><em>ad</em></span> <span class='ocrx_word' id='word_1_404' title='bbox 1357 2716 1499 2758; x_wconf 90' lang='lat' dir='ltr'><em>omnia</em></span> <span class='ocrx_word' id='word_1_405' title='bbox 1521 2718 1565 2757; x_wconf 87' lang='lat' dir='ltr'><em>et</em></span> <span class='ocrx_word' id='word_1_406' title='bbox 1594 2715 1646 2756; x_wconf 90' lang='lat' dir='ltr'><em>de</em></span> <span class='ocrx_word' id='word_1_407' title='bbox 1668 2713 1865 2756; x_wconf 85' lang='lat' dir='ltr'><em>omnibus</em></span> 
     </span>
     <span class='ocr_line' id='line_1_41' title="bbox 112 2779 1864 2832; baseline -0.003 -6"><span class='ocrx_word' id='word_1_408' title='bbox 112 2783 357 2826; x_wconf 88' lang='lat' dir='ltr'><em>habiturum</em></span> <span class='ocrx_word' id='word_1_409' title='bbox 384 2782 805 2825; x_wconf 83' lang='lat' dir='ltr'><em>sufficientissimam.</em></span> <span class='ocrx_word' id='word_1_410' title='bbox 849 2783 1009 2824; x_wconf 88' lang='lat' dir='ltr'><em>Verum</em></span> <span class='ocrx_word' id='word_1_411' title='bbox 1034 2783 1186 2824; x_wconf 85' lang='lat' dir='ltr'><em>aberat</em></span> <span class='ocrx_word' id='word_1_412' title='bbox 1208 2781 1302 2832; x_wconf 86' lang='lat' dir='ltr'><em>iste,</em></span> <span class='ocrx_word' id='word_1_413' title='bbox 1328 2782 1522 2830; x_wconf 85' lang='lat' dir='ltr'><em>Romam,</em></span> <span class='ocrx_word' id='word_1_414' title='bbox 1557 2783 1605 2822; x_wconf 91' lang='lat' dir='ltr'><em>ut</em></span> <span class='ocrx_word' id='word_1_415' title='bbox 1628 2779 1864 2828; x_wconf 84' lang='lat' dir='ltr'><em>dicebatur,</em></span> 
     </span>
     <span class='ocr_line' id='line_1_42' title="bbox 112 2842 1861 2902; baseline -0.002 -13"><span class='ocrx_word' id='word_1_416' title='bbox 112 2847 240 2902; x_wconf 89' lang='lat' dir='ltr'><em>paulo</em></span> <span class='ocrx_word' id='word_1_417' title='bbox 285 2849 387 2888; x_wconf 81' lang='lat' dir='ltr'><em>ante</em></span> <span class='ocrx_word' id='word_1_418' title='bbox 430 2847 693 2901; x_wconf 84' lang='lat' dir='ltr'><em>profectus2.</em></span> <span class='ocrx_word' id='word_1_419' title='bbox 757 2848 856 2889; x_wconf 78' lang='lat' dir='ltr'><em>Ideo</em></span> <span class='ocrx_word' id='word_1_420' title='bbox 901 2848 981 2889; x_wconf 84' lang='lat' dir='ltr'><em>sibi</em></span> <span class='ocrx_word' id='word_1_421' title='bbox 1028 2862 1081 2900; x_wconf 88' lang='lat' dir='ltr'><em>„a</em></span> <span class='ocrx_word' id='word_1_422' title='bbox 1127 2847 1352 2889; x_wconf 80' lang='lat' dir='ltr'><em>Sacerdote</em></span> <span class='ocrx_word' id='word_1_423' title='bbox 1396 2846 1575 2901; x_wconf 78' lang='lat' dir='ltr'><em>quodam</em></span> <span class='ocrx_word' id='word_1_424' title='bbox 1619 2842 1861 2898; x_wconf 68' lang='lat' dir='ltr'><em>Auyustae“</em></span> 
     </span>
    </p>
   </div>
   <div class='ocr_carea' id='block_1_7' title="bbox 115 2959 1866 3115">
    <p class='ocr_par' dir='ltr' id='par_1_8' title="bbox 115 2959 1866 3115">
     <span class='ocr_line' id='line_1_43' title="bbox 236 2959 1865 3006; baseline -0.003 -8"><span class='ocrx_word' id='word_1_425' title='bbox 236 2965 246 2985; x_wconf 89' lang='lat'>¹</span> <span class='ocrx_word' id='word_1_426' title='bbox 273 2964 383 3006; x_wconf 84' lang='lat' dir='ltr'><em>Quale</em></span> <span class='ocrx_word' id='word_1_427' title='bbox 418 2963 483 2997; x_wconf 88' lang='grc'>1100</span> <span class='ocrx_word' id='word_1_428' title='bbox 517 2963 627 2997; x_wconf 80' lang='lat' dir='ltr'><em>fuerit</em></span> <span class='ocrx_word' id='word_1_429' title='bbox 660 2963 816 2997; x_wconf 87' lang='lat' dir='ltr'><em>officium</em></span> <span class='ocrx_word' id='word_1_430' title='bbox 853 2965 888 2997; x_wconf 83' lang='lat' dir='ltr'><em>et</em></span> <span class='ocrx_word' id='word_1_431' title='bbox 914 2973 984 3006; x_wconf 86' lang='lat' dir='ltr'><em>qua</em></span> <span class='ocrx_word' id='word_1_432' title='bbox 1014 2962 1151 2996; x_wconf 82' lang='lat' dir='ltr'><em>ratione</em></span> <span class='ocrx_word' id='word_1_433' title='bbox 1186 2973 1205 2995; x_wconf 84' lang='lat' dir='ltr'><em>a</em></span> <span class='ocrx_word' id='word_1_434' title='bbox 1233 2961 1374 2995; x_wconf 80' lang='lat' dir='ltr'><em>Canisio</em></span> <span class='ocrx_word' id='word_1_435' title='bbox 1400 2972 1430 2994; x_wconf 88' lang='lat' dir='ltr'><em>a.</em></span> <span class='ocrx_word' id='word_1_436' title='bbox 1462 2960 1551 2995; x_wconf 87' lang='lat'>1563</span> <span class='ocrx_word' id='word_1_437' title='bbox 1578 2962 1781 2994; x_wconf 74' lang='lat' dir='ltr'><em>recusatum</em></span> <span class='ocrx_word' id='word_1_438' title='bbox 1809 2959 1865 3000; x_wconf 83' lang='lat' dir='ltr'><em>sit,</em></span> 
     </span>
     <span class='ocr_line' id='line_1_44' title="bbox 115 3012 1866 3060; baseline -0.002 -10"><span class='ocrx_word' id='word_1_439' title='bbox 115 3018 196 3052; x_wconf 87' lang='lat' dir='ltr'><em>vide</em></span> <span class='ocrx_word' id='word_1_440' title='bbox 226 3019 312 3051; x_wconf 84' lang='lat' dir='ltr'><em>Can.</em></span> <span class='ocrx_word' id='word_1_441' title='bbox 339 3017 388 3050; x_wconf 91' lang='lat' dir='ltr'><em>IV</em></span> <span class='ocrx_word' id='word_1_442' title='bbox 418 3016 660 3051; x_wconf 84' lang='lat'>1040—1042.</span> <span class='ocrx_word' id='word_1_443' title='bbox 711 3016 787 3050; x_wconf 90' lang='lat' dir='ltr'><em>Hoc</em></span> <span class='ocrx_word' id='word_1_444' title='bbox 822 3027 960 3060; x_wconf 84' lang='lat' dir='ltr'><em>quoque</em></span> <span class='ocrx_word' id='word_1_445' title='bbox 995 3015 1163 3056; x_wconf 84' lang='lat' dir='ltr'><em>officium,</em></span> <span class='ocrx_word' id='word_1_446' title='bbox 1199 3014 1364 3048; x_wconf 79' lang='lat' dir='ltr'><em>similiter</em></span> <span class='ocrx_word' id='word_1_447' title='bbox 1402 3025 1443 3047; x_wconf 83' lang='lat' dir='ltr'><em>ac</em></span> <span class='ocrx_word' id='word_1_448' title='bbox 1483 3012 1866 3058; x_wconf 77' lang='lat' dir='ltr'><em>„superintendentia“,</em></span> 
     </span>
     <span class='ocr_line' id='line_1_45' title="bbox 115 3066 1866 3115; baseline -0.003 -10"><span class='ocrx_word' id='word_1_449' title='bbox 115 3082 228 3115; x_wconf 83' lang='lat' dir='ltr'><em>paene</em></span> <span class='ocrx_word' id='word_1_450' title='bbox 253 3070 434 3104; x_wconf 87' lang='lat' dir='ltr'><em>sublatum</em></span> <span class='ocrx_word' id='word_1_451' title='bbox 461 3071 516 3103; x_wconf 85' lang='lat' dir='ltr'><em>est</em></span> <span class='ocrx_word' id='word_1_452' title='bbox 541 3080 572 3102; x_wconf 85' lang='lat' dir='ltr'><em>a.</em></span> <span class='ocrx_word' id='word_1_453' title='bbox 594 3070 682 3104; x_wconf 81' lang='lat'>1565</span> <span class='ocrx_word' id='word_1_454' title='bbox 713 3069 858 3112; x_wconf 82' lang='lat' dir='ltr'><em>(Congr.</em></span> <span class='ocrx_word' id='word_1_455' title='bbox 878 3080 956 3112; x_wconf 89' lang='lat' dir='ltr'><em>gen.</em></span> <span class='ocrx_word' id='word_1_456' title='bbox 977 3068 1008 3102; x_wconf 95' lang='lat' dir='ltr'><em>II</em></span> <span class='ocrx_word' id='word_1_457' title='bbox 1033 3068 1126 3102; x_wconf 86' lang='lat' dir='ltr'><em>decr.</em></span> <span class='ocrx_word' id='word_1_458' title='bbox 1148 3069 1186 3102; x_wconf 89' lang='lat'><em>11</em></span> <span class='ocrx_word' id='word_1_459' title='bbox 1209 3069 1300 3112; x_wconf 83' lang='lat' dir='ltr'><em>post.</em></span> <span class='ocrx_word' id='word_1_460' title='bbox 1328 3066 1372 3100; x_wconf 91' lang='lat' dir='ltr'><em>el.</em></span> <span class='ocrx_word' id='word_1_461' title='bbox 1392 3068 1593 3100; x_wconf 73' lang='lat' dir='ltr'><em>Ins-titutum</em></span> <span class='ocrx_word' id='word_1_462' title='bbox 1614 3066 1648 3101; x_wconf 87' lang='lat' dir='ltr'><em>S.</em></span> <span class='ocrx_word' id='word_1_463' title='bbox 1664 3067 1696 3101; x_wconf 87' lang='lat' dir='ltr'><em>J.</em></span> <span class='ocrx_word' id='word_1_464' title='bbox 1717 3067 1749 3100; x_wconf 90' lang='lat' dir='ltr'><em>II</em></span> <span class='ocrx_word' id='word_1_465' title='bbox 1771 3066 1866 3107; x_wconf 88' lang='lat'>196).</span> 
     </span>
    </p>
   </div>
   <div class='ocr_carea' id='block_1_8' title="bbox 117 3119 1867 3220">
    <p class='ocr_par' dir='ltr' id='par_1_9' title="bbox 117 3119 1867 3220">
     <span class='ocr_line' id='line_1_46' title="bbox 234 3119 1867 3166; baseline -0.002 -10"><span class='ocrx_word' id='word_1_466' title='bbox 234 3123 247 3143; x_wconf 77' lang='lat'><strong>²</strong></span> <span class='ocrx_word' id='word_1_467' title='bbox 275 3123 438 3157; x_wconf 78' lang='lat' dir='ltr'><em>Exeunte</em></span> <span class='ocrx_word' id='word_1_468' title='bbox 463 3134 509 3156; x_wconf 91' lang='lat' dir='ltr'><em>m.</em></span> <span class='ocrx_word' id='word_1_469' title='bbox 529 3122 642 3166; x_wconf 83' lang='lat' dir='ltr'><em>Aprili</em></span> <span class='ocrx_word' id='word_1_470' title='bbox 661 3122 810 3156; x_wconf 80' lang='lat' dir='ltr'><em>Romam</em></span> <span class='ocrx_word' id='word_1_471' title='bbox 836 3122 879 3156; x_wconf 83' lang='lat' dir='ltr'><em>ad</em></span> <span class='ocrx_word' id='word_1_472' title='bbox 899 3121 1087 3156; x_wconf 74' lang='lat' dir='ltr'><em>Societatis</em></span> <span class='ocrx_word' id='word_1_473' title='bbox 1112 3120 1425 3165; x_wconf 82' lang='lat' dir='ltr'><em>congregationem</em></span> <span class='ocrx_word' id='word_1_474' title='bbox 1453 3119 1658 3164; x_wconf 86' lang='lat' dir='ltr'><em>generalem</em></span> <span class='ocrx_word' id='word_1_475' title='bbox 1684 3120 1867 3164; x_wconf 78' lang='lat' dir='ltr'><em>profectus</em></span> 
     </span>
     <span class='ocr_line' id='line_1_47' title="bbox 117 3175 619 3220; baseline -0.002 -10"><span class='ocrx_word' id='word_1_476' title='bbox 117 3179 211 3217; x_wconf 83' lang='lat' dir='ltr'><em>erat;</em></span> <span class='ocrx_word' id='word_1_477' title='bbox 239 3176 320 3210; x_wconf 82' lang='lat' dir='ltr'><em>vide</em></span> <span class='ocrx_word' id='word_1_478' title='bbox 345 3186 454 3220; x_wconf 83' lang='lat' dir='ltr'><em>supra</em></span> <span class='ocrx_word' id='word_1_479' title='bbox 480 3187 512 3220; x_wconf 89' lang='lat' dir='ltr'><em>p.</em></span> <span class='ocrx_word' id='word_1_480' title='bbox 541 3175 619 3209; x_wconf 76' lang='lat'>731.</span> 
     </span>
    </p>
   </div>
  </div>
 </body>
</html>
