<?xml version="1.0" encoding="UTF-8"?>
<!DOCTYPE html PUBLIC "-//W3C//DTD XHTML 1.0 Transitional//EN"
    "http://www.w3.org/TR/xhtml1/DTD/xhtml1-transitional.dtd">
<html xmlns="http://www.w3.org/1999/xhtml" xml:lang="en" lang="en">
 <head>
  <title>
</title>
<meta http-equiv="Content-Type" content="text/html;charset=utf-8" />
  <meta name='ocr-system' content='tesseract 3.04.00' />
  <meta name='ocr-capabilities' content='ocr_page ocr_carea ocr_par ocr_line ocrx_word'/>
</head>
<body>
  <div class='ocr_page' id='page_1' title='image "beatipetricanisi05cani_0260.png"; bbox 0 0 2077 3461; ppageno 0'>
   <div class='ocr_carea' id='block_1_1' title="bbox 250 189 1609 234">
    <p class='ocr_par' dir='ltr' id='par_1_1' title="bbox 250 189 1609 234">
     <span class='ocr_line' id='line_1_1' title="bbox 250 189 1609 234; baseline 0.001 -10"><span class='ocrx_word' id='word_1_1' title='bbox 250 193 331 233; x_wconf 74' lang='lat'>174</span> <span class='ocrx_word' id='word_1_2' title='bbox 632 191 732 226; x_wconf 78' lang='lat'>1280.</span> <span class='ocrx_word' id='word_1_3' title='bbox 761 190 924 226; x_wconf 84' lang='lat' dir='ltr'>Canisius</span> <span class='ocrx_word' id='word_1_4' title='bbox 951 190 1074 225; x_wconf 87' lang='lat' dir='ltr'>Ottoni</span> <span class='ocrx_word' id='word_1_5' title='bbox 1101 190 1301 225; x_wconf 88' lang='lat' dir='ltr'>Truchsess</span> <span class='ocrx_word' id='word_1_6' title='bbox 1328 190 1370 224; x_wconf 92' lang='lat' dir='ltr'>de</span> <span class='ocrx_word' id='word_1_7' title='bbox 1396 189 1609 234; x_wconf 58' lang='lat' dir='ltr'>WValdburg.</span> 
     </span>
    </p>
   </div>
   <div class='ocr_carea' id='block_1_2' title="bbox 235 308 1999 2437">
    <p class='ocr_par' dir='ltr' id='par_1_2' title="bbox 235 308 1999 1593">
     <span class='ocr_line' id='line_1_2' title="bbox 244 308 1999 363; baseline 0 -12"><span class='ocrx_word' id='word_1_8' title='bbox 244 323 506 359; x_wconf 80' lang='lat' dir='ltr'>mansuram,</span> <span class='ocrx_word' id='word_1_9' title='bbox 549 309 625 350; x_wconf 89' lang='lat' dir='ltr'>sed</span> <span class='ocrx_word' id='word_1_10' title='bbox 657 309 711 351; x_wconf 89' lang='lat' dir='ltr'>ad</span> <span class='ocrx_word' id='word_1_11' title='bbox 743 309 916 352; x_wconf 87' lang='lat' dir='ltr'>comitia</span> <span class='ocrx_word' id='word_1_12' title='bbox 947 308 1126 363; x_wconf 80' lang='lat' dir='ltr'>Jmperij</span> <span class='ocrx_word' id='word_1_13' title='bbox 1161 308 1245 350; x_wconf 89' lang='lat' dir='ltr'>cito</span> <span class='ocrx_word' id='word_1_14' title='bbox 1277 308 1513 350; x_wconf 75' lang='lat' dir='ltr'>redituram</span> <span class='ocrx_word' id='word_1_15' title='bbox 1547 322 1655 359; x_wconf 89' lang='lat' dir='ltr'>esse,</span> <span class='ocrx_word' id='word_1_16' title='bbox 1688 323 1773 350; x_wconf 92' lang='lat' dir='ltr'>non</span> <span class='ocrx_word' id='word_1_17' title='bbox 1804 313 1999 362; x_wconf 78' lang='lat' dir='ltr'>repetam</span> 
     </span>
     <span class='ocr_line' id='line_1_3' title="bbox 243 373 1997 427; baseline 0.001 -12"><span class='ocrx_word' id='word_1_18' title='bbox 243 375 294 416; x_wconf 81' lang='lat' dir='ltr'>&lt;le</span> <span class='ocrx_word' id='word_1_19' title='bbox 327 373 405 424; x_wconf 89' lang='lat' dir='ltr'>his,</span> <span class='ocrx_word' id='word_1_20' title='bbox 439 387 549 427; x_wconf 90' lang='lat' dir='ltr'>quae</span> <span class='ocrx_word' id='word_1_21' title='bbox 576 373 783 427; x_wconf 78' lang='lat' dir='ltr'>proximis</span> <span class='ocrx_word' id='word_1_22' title='bbox 806 374 1024 416; x_wconf 89' lang='lat' dir='ltr'>mensibus</span> <span class='ocrx_word' id='word_1_23' title='bbox 1055 374 1099 415; x_wconf 89' lang='lat' dir='ltr'>in</span> <span class='ocrx_word' id='word_1_24' title='bbox 1130 373 1210 414; x_wconf 89' lang='lat' dir='ltr'>hoc</span> <span class='ocrx_word' id='word_1_25' title='bbox 1232 375 1325 415; x_wconf 90' lang='lat' dir='ltr'>toto</span> <span class='ocrx_word' id='word_1_26' title='bbox 1348 373 1501 415; x_wconf 86' lang='lat' dir='ltr'>itinere</span> <span class='ocrx_word' id='word_1_27' title='bbox 1533 387 1579 414; x_wconf 93' lang='lat' dir='ltr'>se</span> <span class='ocrx_word' id='word_1_28' title='bbox 1610 373 1713 415; x_wconf 89' lang='lat' dir='ltr'>mihi</span> <span class='ocrx_word' id='word_1_29' title='bbox 1735 374 1997 417; x_wconf 89' lang='lat' dir='ltr'>obtulerunt.</span> 
     </span>
     <span class='ocr_line' id='line_1_4' title="bbox 243 437 1998 491; baseline 0.001 -12"><span class='ocrx_word' id='word_1_30' title='bbox 243 439 307 480; x_wconf 91' lang='lat' dir='ltr'>De</span> <span class='ocrx_word' id='word_1_31' title='bbox 358 438 424 479; x_wconf 89' lang='lat' dir='ltr'>his</span> <span class='ocrx_word' id='word_1_32' title='bbox 476 438 530 479; x_wconf 88' lang='lat' dir='ltr'>ad</span> <span class='ocrx_word' id='word_1_33' title='bbox 578 438 879 480; x_wconf 85' lang='lat' dir='ltr'>Reuerendum</span> <span class='ocrx_word' id='word_1_34' title='bbox 926 439 1100 480; x_wconf 88' lang='lat' dir='ltr'>Patrem</span> <span class='ocrx_word' id='word_1_35' title='bbox 1148 437 1450 491; x_wconf 89' lang='lat' dir='ltr'>Praepositum</span> <span class='ocrx_word' id='word_1_36' title='bbox 1496 440 1719 480; x_wconf 87' lang='lat' dir='ltr'>nostrum1</span> <span class='ocrx_word' id='word_1_37' title='bbox 1766 441 1897 491; x_wconf 85' lang='lat' dir='ltr'>atque</span> <span class='ocrx_word' id='word_1_38' title='bbox 1943 438 1998 480; x_wconf 86' lang='lat' dir='ltr'>ad</span> 
     </span>
     <span class='ocr_line' id='line_1_5' title="bbox 241 502 1999 556; baseline 0 -12"><span class='ocrx_word' id='word_1_39' title='bbox 241 502 595 545; x_wconf 75' lang='lat' dir='ltr'>Jllustrissimum</span> <span class='ocrx_word' id='word_1_40' title='bbox 628 503 898 546; x_wconf 86' lang='lat' dir='ltr'>Cardinalem</span> <span class='ocrx_word' id='word_1_41' title='bbox 930 502 1149 544; x_wconf 86' lang='lat' dir='ltr'>Amulium</span> <span class='ocrx_word' id='word_1_42' title='bbox 1182 516 1313 556; x_wconf 86' lang='lat' dir='ltr'>saepe</span> <span class='ocrx_word' id='word_1_43' title='bbox 1345 502 1510 556; x_wconf 77' lang='lat' dir='ltr'><strong>scripsi.</strong></span> <span class='ocrx_word' id='word_1_44' title='bbox 1574 502 1699 545; x_wconf 87' lang='lat' dir='ltr'>Certe</span> <span class='ocrx_word' id='word_1_45' title='bbox 1732 503 1783 545; x_wconf 87' lang='lat' dir='ltr'>de</span> <span class='ocrx_word' id='word_1_46' title='bbox 1816 506 1999 556; x_wconf 88' lang='lat' dir='ltr'>utroque</span> 
     </span>
     <span class='ocr_line' id='line_1_6' title="bbox 239 566 1998 621; baseline 0.001 -13"><span class='ocrx_word' id='word_1_47' title='bbox 239 567 576 621; x_wconf 83' lang='lat' dir='ltr'>Archiepiscopo</span> <span class='ocrx_word' id='word_1_48' title='bbox 599 568 826 621; x_wconf 82' lang='lat' dir='ltr'>Mogu11t.2</span> <span class='ocrx_word' id='word_1_49' title='bbox 854 571 898 609; x_wconf 91' lang='lat' dir='ltr'>et</span> <span class='ocrx_word' id='word_1_50' title='bbox 921 566 1167 609; x_wconf 86' lang='lat' dir='ltr'>Treuirensi</span> <span class='ocrx_word' id='word_1_51' title='bbox 1199 581 1284 608; x_wconf 90' lang='lat' dir='ltr'>non</span> <span class='ocrx_word' id='word_1_52' title='bbox 1316 567 1496 617; x_wconf 90' lang='lat' dir='ltr'>minora,</span> <span class='ocrx_word' id='word_1_53' title='bbox 1531 581 1659 620; x_wconf 84' lang='lat' dir='ltr'>quam</span> <span class='ocrx_word' id='word_1_54' title='bbox 1693 568 1744 609; x_wconf 92' lang='lat' dir='ltr'>de</span> <span class='ocrx_word' id='word_1_55' title='bbox 1778 567 1998 621; x_wconf 88' lang='lat' dir='ltr'>quibusuis</span> 
     </span>
     <span class='ocr_line' id='line_1_7' title="bbox 241 631 1998 686; baseline 0 -13"><span class='ocrx_word' id='word_1_56' title='bbox 241 632 338 686; x_wconf 85' lang='lat' dir='ltr'>alijs</span> <span class='ocrx_word' id='word_1_57' title='bbox 378 646 556 686; x_wconf 87' lang='lat' dir='ltr'>sperare</span> <span class='ocrx_word' id='word_1_58' title='bbox 598 636 642 675; x_wconf 92' lang='lat' dir='ltr'>et</span> <span class='ocrx_word' id='word_1_59' title='bbox 673 632 895 674; x_wconf 77' lang='lat' dir='ltr'>Ecclesiae</span> <span class='ocrx_word' id='word_1_60' title='bbox 936 632 1128 686; x_wconf 80' lang='lat' dir='ltr'>polliceri</span> <span class='ocrx_word' id='word_1_61' title='bbox 1165 631 1382 674; x_wconf 89' lang='lat' dir='ltr'>debemus.</span> <span class='ocrx_word' id='word_1_62' title='bbox 1446 633 1671 686; x_wconf 79' lang='lat' dir='ltr'>Exoptant</span> <span class='ocrx_word' id='word_1_63' title='bbox 1710 633 1772 674; x_wconf 89' lang='lat' dir='ltr'>illi</span> <span class='ocrx_word' id='word_1_64' title='bbox 1812 632 1998 674; x_wconf 89' lang='lat' dir='ltr'>reditum</span> 
     </span>
     <span class='ocr_line' id='line_1_8' title="bbox 241 697 1996 750; baseline 0 -11"><span class='ocrx_word' id='word_1_65' title='bbox 241 697 515 740; x_wconf 80' lang='lat' dir='ltr'>Celsitudinis</span> <span class='ocrx_word' id='word_1_66' title='bbox 555 700 671 746; x_wconf 86' lang='lat' dir='ltr'>tuae,</span> <span class='ocrx_word' id='word_1_67' title='bbox 713 711 792 750; x_wconf 91' lang='lat' dir='ltr'>per</span> <span class='ocrx_word' id='word_1_68' title='bbox 833 711 961 750; x_wconf 85' lang='lat' dir='ltr'>quam</span> <span class='ocrx_word' id='word_1_69' title='bbox 994 710 1098 738; x_wconf 88' lang='lat' dir='ltr'>sane</span> <span class='ocrx_word' id='word_1_70' title='bbox 1131 697 1350 738; x_wconf 86' lang='lat' dir='ltr'>confidunt</span> <span class='ocrx_word' id='word_1_71' title='bbox 1391 711 1469 738; x_wconf 89' lang='lat' dir='ltr'>sua</span> <span class='ocrx_word' id='word_1_72' title='bbox 1511 698 1764 739; x_wconf 85' lang='lat' dir='ltr'>confirmare</span> <span class='ocrx_word' id='word_1_73' title='bbox 1806 697 1996 747; x_wconf 86' lang='lat' dir='ltr'>consilia,</span> 
     </span>
     <span class='ocr_line' id='line_1_9' title="bbox 240 762 1996 816; baseline -0.001 -12"><span class='ocrx_word' id='word_1_74' title='bbox 240 776 350 815; x_wconf 88' lang='lat' dir='ltr'>quae</span> <span class='ocrx_word' id='word_1_75' title='bbox 383 762 437 804; x_wconf 88' lang='lat' dir='ltr'>ad</span> <span class='ocrx_word' id='word_1_76' title='bbox 469 776 560 803; x_wconf 88' lang='lat' dir='ltr'>rem</span> <span class='ocrx_word' id='word_1_77' title='bbox 583 762 847 804; x_wconf 87' lang='lat' dir='ltr'>Catholicam</span> <span class='ocrx_word' id='word_1_78' title='bbox 880 762 1217 816; x_wconf 89' lang='lat' dir='ltr'>promouendam</span> <span class='ocrx_word' id='word_1_79' title='bbox 1241 762 1468 814; x_wconf 79' lang='lat' dir='ltr'>Augustae</span> <span class='ocrx_word' id='word_1_80' title='bbox 1498 762 1793 805; x_wconf 82' lang='lat' dir='ltr'>instituentur.</span> <span class='ocrx_word' id='word_1_81' title='bbox 1836 762 1996 804; x_wconf 87' lang='lat' dir='ltr'>Verum</span> 
     </span>
     <span class='ocr_line' id='line_1_10' title="bbox 239 826 1997 880; baseline -0.001 -11"><span class='ocrx_word' id='word_1_82' title='bbox 239 828 426 869; x_wconf 90' lang='lat' dir='ltr'>nondum</span> <span class='ocrx_word' id='word_1_83' title='bbox 467 827 528 868; x_wconf 87' lang='lat' dir='ltr'>illi</span> <span class='ocrx_word' id='word_1_84' title='bbox 570 829 670 868; x_wconf 90' lang='lat' dir='ltr'>sunt</span> <span class='ocrx_word' id='word_1_85' title='bbox 711 827 795 868; x_wconf 90' lang='lat' dir='ltr'>iter</span> <span class='ocrx_word' id='word_1_86' title='bbox 830 826 1029 880; x_wconf 87' lang='lat' dir='ltr'>ingressi.</span> <span class='ocrx_word' id='word_1_87' title='bbox 1092 826 1372 880; x_wconf 88' lang='lat' dir='ltr'>Moguntinus</span> <span class='ocrx_word' id='word_1_88' title='bbox 1405 827 1581 869; x_wconf 85' lang='lat' dir='ltr'>Elector</span> <span class='ocrx_word' id='word_1_89' title='bbox 1622 827 1676 868; x_wconf 83' lang='lat' dir='ltr'>ad</span> <span class='ocrx_word' id='word_1_90' title='bbox 1717 827 1883 870; x_wconf 90' lang='lat' dir='ltr'>initium</span> <span class='ocrx_word' id='word_1_91' title='bbox 1916 827 1997 869; x_wconf 88' lang='lat' dir='ltr'>Fe-</span> 
     </span>
     <span class='ocr_line' id='line_1_11' title="bbox 239 891 1998 945; baseline -0.001 -11"><span class='ocrx_word' id='word_1_92' title='bbox 239 892 413 945; x_wconf 84' lang='lat' dir='ltr'>bruarij,</span> <span class='ocrx_word' id='word_1_93' title='bbox 456 891 735 932; x_wconf 87' lang='lat' dir='ltr'>Treuerensis</span> <span class='ocrx_word' id='word_1_94' title='bbox 777 905 879 932; x_wconf 92' lang='lat' dir='ltr'>uero</span> <span class='ocrx_word' id='word_1_95' title='bbox 913 891 1062 933; x_wconf 89' lang='lat' dir='ltr'>eodem</span> <span class='ocrx_word' id='word_1_96' title='bbox 1095 904 1242 933; x_wconf 91' lang='lat' dir='ltr'>mense</span> <span class='ocrx_word' id='word_1_97' title='bbox 1282 891 1602 945; x_wconf 87' lang='lat' dir='ltr'>proficiscetur:</span> <span class='ocrx_word' id='word_1_98' title='bbox 1644 906 1723 934; x_wconf 88' lang='grc'><strong>1100</strong></span> <span class='ocrx_word' id='word_1_99' title='bbox 1755 892 1826 934; x_wconf 91' lang='lat' dir='ltr'>diu</span> <span class='ocrx_word' id='word_1_100' title='bbox 1859 891 1998 934; x_wconf 87' lang='lat' dir='ltr'>aberit</span> 
     </span>
     <span class='ocr_line' id='line_1_12' title="bbox 239 956 1996 1011; baseline 0.001 -14"><span class='ocrx_word' id='word_1_101' title='bbox 239 956 600 1010; x_wconf 89' lang='lat' dir='ltr'>Archiepiscopus</span> <span class='ocrx_word' id='word_1_102' title='bbox 642 956 949 999; x_wconf 83' lang='lat' dir='ltr'>Coloniensis3.</span> <span class='ocrx_word' id='word_1_103' title='bbox 1013 957 1078 998; x_wconf 91' lang='lat' dir='ltr'>De</span> <span class='ocrx_word' id='word_1_104' title='bbox 1119 970 1202 1009; x_wconf 91' lang='lat' dir='ltr'>quo</span> <span class='ocrx_word' id='word_1_105' title='bbox 1244 956 1323 998; x_wconf 89' lang='grc'><strong>1100</strong></span> <span class='ocrx_word' id='word_1_106' title='bbox 1357 970 1488 998; x_wconf 83' lang='grc' dir='ltr'><strong>ν1111111</strong></span> <span class='ocrx_word' id='word_1_107' title='bbox 1529 956 1690 1007; x_wconf 86' lang='lat' dir='ltr'>dicam,</span> <span class='ocrx_word' id='word_1_108' title='bbox 1734 970 1888 1011; x_wconf 89' lang='lat' dir='ltr'>cupere</span> <span class='ocrx_word' id='word_1_109' title='bbox 1928 970 1996 998; x_wconf 90' lang='lat' dir='ltr'>me</span> 
     </span>
     <span class='ocr_line' id='line_1_13' title="bbox 235 1021 1997 1074; baseline -0.001 -11"><span class='ocrx_word' id='word_1_110' title='bbox 235 1021 529 1070; x_wconf 84' lang='lat' dir='ltr'>uehementer,</span> <span class='ocrx_word' id='word_1_111' title='bbox 573 1023 622 1062; x_wconf 92' lang='lat' dir='ltr'>ut</span> <span class='ocrx_word' id='word_1_112' title='bbox 662 1021 705 1062; x_wconf 90' lang='lat' dir='ltr'>in</span> <span class='ocrx_word' id='word_1_113' title='bbox 747 1022 851 1063; x_wconf 88' lang='lat' dir='ltr'>urbe</span> <span class='ocrx_word' id='word_1_114' title='bbox 896 1021 1056 1074; x_wconf 86' lang='lat' dir='ltr'>aliquid</span> <span class='ocrx_word' id='word_1_115' title='bbox 1101 1021 1153 1063; x_wconf 90' lang='lat' dir='ltr'>de</span> <span class='ocrx_word' id='word_1_116' title='bbox 1193 1021 1266 1062; x_wconf 92' lang='grc'><strong>1110</strong></span> <span class='ocrx_word' id='word_1_117' title='bbox 1311 1023 1545 1064; x_wconf 83' lang='lat' dir='ltr'>statuatur.</span> <span class='ocrx_word' id='word_1_118' title='bbox 1608 1022 1722 1064; x_wconf 84' lang='lat' dir='ltr'>Nam</span> <span class='ocrx_word' id='word_1_119' title='bbox 1766 1024 1832 1064; x_wconf 88' lang='lat' dir='ltr'>tot</span> <span class='ocrx_word' id='word_1_120' title='bbox 1873 1021 1997 1063; x_wconf 90' lang='lat' dir='ltr'>annis</span> 
     </span>
     <span class='ocr_line' id='line_1_14' title="bbox 239 1085 1995 1140; baseline 0.001 -14"><span class='ocrx_word' id='word_1_121' title='bbox 239 1086 464 1139; x_wconf 87' lang='lat' dir='ltr'>praeclara</span> <span class='ocrx_word' id='word_1_122' title='bbox 486 1085 560 1127; x_wconf 89' lang='lat' dir='ltr'>illa</span> <span class='ocrx_word' id='word_1_123' title='bbox 582 1085 780 1128; x_wconf 85' lang='lat' dir='ltr'>Ecclesia</span> <span class='ocrx_word' id='word_1_124' title='bbox 803 1086 1067 1128; x_wconf 88' lang='lat' dir='ltr'>Coloniensis</span> <span class='ocrx_word' id='word_1_125' title='bbox 1090 1099 1230 1139; x_wconf 86' lang='lat' dir='ltr'>neque</span> <span class='ocrx_word' id='word_1_126' title='bbox 1252 1085 1648 1140; x_wconf 86' lang='lat' dir='ltr'>Archiepiscopum,</span> <span class='ocrx_word' id='word_1_127' title='bbox 1673 1101 1811 1139; x_wconf 89' lang='lat' dir='ltr'>neque</span> <span class='ocrx_word' id='word_1_128' title='bbox 1834 1087 1995 1129; x_wconf 82' lang='lat' dir='ltr'>Suffra-</span> 
     </span>
     <span class='ocr_line' id='line_1_15' title="bbox 239 1150 1995 1204; baseline -0.001 -12"><span class='ocrx_word' id='word_1_129' title='bbox 239 1165 424 1204; x_wconf 87' lang='lat' dir='ltr'>ganeum</span> <span class='ocrx_word' id='word_1_130' title='bbox 456 1152 628 1193; x_wconf 69' lang='lat' dir='ltr'>tenet4:</span> <span class='ocrx_word' id='word_1_131' title='bbox 662 1151 786 1192; x_wconf 86' lang='lat' dir='ltr'>Vnde</span> <span class='ocrx_word' id='word_1_132' title='bbox 818 1152 956 1194; x_wconf 86' lang='lat' dir='ltr'>multa</span> <span class='ocrx_word' id='word_1_133' title='bbox 987 1154 1079 1193; x_wconf 89' lang='lat' dir='ltr'>tum</span> <span class='ocrx_word' id='word_1_134' title='bbox 1113 1150 1330 1200; x_wconf 90' lang='lat' dir='ltr'>scandala,</span> <span class='ocrx_word' id='word_1_135' title='bbox 1367 1154 1460 1193; x_wconf 90' lang='lat' dir='ltr'>tum</span> <span class='ocrx_word' id='word_1_136' title='bbox 1491 1151 1761 1193; x_wconf 89' lang='lat' dir='ltr'>incommoda</span> <span class='ocrx_word' id='word_1_137' title='bbox 1793 1151 1995 1204; x_wconf 88' lang='lat' dir='ltr'>consequi</span> 
     </span>
     <span class='ocr_line' id='line_1_16' title="bbox 239 1215 1996 1270; baseline 0.001 -13"><span class='ocrx_word' id='word_1_138' title='bbox 239 1229 416 1257; x_wconf 88' lang='lat' dir='ltr'>necesse</span> <span class='ocrx_word' id='word_1_139' title='bbox 449 1217 529 1257; x_wconf 91' lang='lat' dir='ltr'>est.</span> <span class='ocrx_word' id='word_1_140' title='bbox 593 1215 711 1258; x_wconf 67' lang='grc' dir='ltr'>ι1111111</span> <span class='ocrx_word' id='word_1_141' title='bbox 743 1216 1014 1258; x_wconf 83' lang='lat' dir='ltr'>verissimum</span> <span class='ocrx_word' id='word_1_142' title='bbox 1053 1219 1132 1266; x_wconf 91' lang='lat' dir='ltr'>est,</span> <span class='ocrx_word' id='word_1_143' title='bbox 1176 1215 1416 1257; x_wconf 88' lang='lat' dir='ltr'>Ecclesiam</span> <span class='ocrx_word' id='word_1_144' title='bbox 1458 1216 1577 1258; x_wconf 91' lang='lat' dir='ltr'>illam</span> <span class='ocrx_word' id='word_1_145' title='bbox 1617 1217 1809 1270; x_wconf 87' lang='lat' dir='ltr'>priorum</span> <span class='ocrx_word' id='word_1_146' title='bbox 1841 1216 1996 1258; x_wconf 87' lang='lat' dir='ltr'>Archi-</span> 
     </span>
     <span class='ocr_line' id='line_1_17' title="bbox 240 1281 1994 1335; baseline 0 -13"><span class='ocrx_word' id='word_1_147' title='bbox 240 1281 537 1334; x_wconf 91' lang='lat' dir='ltr'>episcoporum</span> <span class='ocrx_word' id='word_1_148' title='bbox 579 1281 705 1334; x_wconf 88' lang='lat' dir='ltr'>culpa</span> <span class='ocrx_word' id='word_1_149' title='bbox 747 1281 903 1323; x_wconf 73' lang='lat' dir='ltr'>ciebitis</span> <span class='ocrx_word' id='word_1_150' title='bbox 945 1281 1144 1322; x_wconf 80' lang='lat' dir='ltr'>maximis</span> <span class='ocrx_word' id='word_1_151' title='bbox 1186 1281 1490 1334; x_wconf 86' lang='lat' dir='ltr'>praegrauari,</span> <span class='ocrx_word' id='word_1_152' title='bbox 1534 1284 1578 1323; x_wconf 90' lang='lat' dir='ltr'>et</span> <span class='ocrx_word' id='word_1_153' title='bbox 1617 1281 1728 1323; x_wconf 89' lang='lat' dir='ltr'>hunc</span> <span class='ocrx_word' id='word_1_154' title='bbox 1769 1281 1994 1335; x_wconf 89' lang='lat' dir='ltr'>Archiepi-</span> 
     </span>
     <span class='ocr_line' id='line_1_18' title="bbox 240 1345 1994 1399; baseline -0.001 -12"><span class='ocrx_word' id='word_1_155' title='bbox 240 1360 428 1399; x_wconf 88' lang='lat' dir='ltr'>scopum,</span> <span class='ocrx_word' id='word_1_156' title='bbox 470 1345 571 1387; x_wconf 89' lang='lat' dir='ltr'>licet</span> <span class='ocrx_word' id='word_1_157' title='bbox 602 1346 731 1387; x_wconf 85' lang='lat' dir='ltr'>valde</span> <span class='ocrx_word' id='word_1_158' title='bbox 772 1346 894 1388; x_wconf 87' lang='lat' dir='ltr'>uiuat</span> <span class='ocrx_word' id='word_1_159' title='bbox 934 1345 1175 1399; x_wconf 85' lang='lat' dir='ltr'>frugaliter,</span> <span class='ocrx_word' id='word_1_160' title='bbox 1218 1348 1363 1387; x_wconf 88' lang='lat' dir='ltr'>tamen</span> <span class='ocrx_word' id='word_1_161' title='bbox 1405 1347 1473 1388; x_wconf 94' lang='lat' dir='ltr'>tot</span> <span class='ocrx_word' id='word_1_162' title='bbox 1514 1345 1798 1388; x_wconf 87' lang='lat' dir='ltr'>dissoluendis</span> <span class='ocrx_word' id='word_1_163' title='bbox 1839 1345 1994 1388; x_wconf 89' lang='lat' dir='ltr'>debitis</span> 
     </span>
     <span class='ocr_line' id='line_1_19' title="bbox 240 1410 1994 1464; baseline 0 -12"><span class='ocrx_word' id='word_1_164' title='bbox 240 1410 438 1452; x_wconf 89' lang='lat' dir='ltr'>sufficere</span> <span class='ocrx_word' id='word_1_165' title='bbox 459 1424 544 1452; x_wconf 91' lang='lat' dir='ltr'>non</span> <span class='ocrx_word' id='word_1_166' title='bbox 566 1425 693 1464; x_wconf 89' lang='lat' dir='ltr'>posse</span> <span class='ocrx_word' id='word_1_167' title='bbox 704 1417 730 1453; x_wconf 66' lang='lat'>².</span> <span class='ocrx_word' id='word_1_168' title='bbox 784 1411 927 1460; x_wconf 79' lang='lat' dir='ltr'>Quare</span> <span class='ocrx_word' id='word_1_169' title='bbox 950 1411 1115 1453; x_wconf 88' lang='lat' dir='ltr'>confido</span> <span class='ocrx_word' id='word_1_170' title='bbox 1139 1410 1345 1458; x_wconf 81' lang='lat' dir='ltr'>futurum,</span> <span class='ocrx_word' id='word_1_171' title='bbox 1369 1413 1416 1452; x_wconf 91' lang='lat' dir='ltr'>ut</span> <span class='ocrx_word' id='word_1_172' title='bbox 1439 1410 1603 1453; x_wconf 85' lang='lat' dir='ltr'>Romae</span> <span class='ocrx_word' id='word_1_173' title='bbox 1625 1410 1750 1453; x_wconf 88' lang='lat' dir='ltr'>huius</span> <span class='ocrx_word' id='word_1_174' title='bbox 1773 1411 1994 1453; x_wconf 86' lang='lat' dir='ltr'>Ecclesiae</span> 
     </span>
     <span class='ocr_line' id='line_1_20' title="bbox 239 1475 1994 1530; baseline 0 -14"><span class='ocrx_word' id='word_1_175' title='bbox 239 1475 351 1517; x_wconf 89' lang='lat' dir='ltr'>ratio</span> <span class='ocrx_word' id='word_1_176' title='bbox 389 1475 613 1526; x_wconf 87' lang='lat' dir='ltr'>habeatur,</span> <span class='ocrx_word' id='word_1_177' title='bbox 657 1490 752 1517; x_wconf 90' lang='lat' dir='ltr'>cum</span> <span class='ocrx_word' id='word_1_178' title='bbox 785 1476 962 1530; x_wconf 88' lang='lat' dir='ltr'>pallium</span> <span class='ocrx_word' id='word_1_179' title='bbox 995 1475 1230 1517; x_wconf 88' lang='lat' dir='ltr'>redimetur</span> <span class='ocrx_word' id='word_1_180' title='bbox 1243 1476 1271 1517; x_wconf 79' lang='lat'>5.</span> <span class='ocrx_word' id='word_1_181' title='bbox 1326 1475 1419 1527; x_wconf 91' lang='lat' dir='ltr'>Ego</span> <span class='ocrx_word' id='word_1_182' title='bbox 1454 1490 1547 1517; x_wconf 89' lang='grc'><strong>011111</strong></span> <span class='ocrx_word' id='word_1_183' title='bbox 1580 1476 1654 1517; x_wconf 91' lang='grc'><strong>1110</strong></span> <span class='ocrx_word' id='word_1_184' title='bbox 1688 1476 1858 1529; x_wconf 87' lang='lat' dir='ltr'>quidem</span> <span class='ocrx_word' id='word_1_185' title='bbox 1889 1475 1994 1516; x_wconf 88' lang='lat' dir='ltr'>nihil</span> 
     </span>
     <span class='ocr_line' id='line_1_21' title="bbox 240 1540 526 1593; baseline -0.003 -11"><span class='ocrx_word' id='word_1_186' title='bbox 240 1554 384 1582; x_wconf 90' lang='lat' dir='ltr'>coram</span> <span class='ocrx_word' id='word_1_187' title='bbox 418 1540 485 1593; x_wconf 92' lang='lat' dir='ltr'>egi</span> <span class='ocrx_word' id='word_1_188' title='bbox 500 1541 526 1582; x_wconf 63' lang='grc' dir='ltr'>ὓ.</span> 
     </span>
    </p>

    <p class='ocr_par' dir='ltr' id='par_1_3' title="bbox 359 1603 1994 1661">
     <span class='ocr_line' id='line_1_22' title="bbox 359 1603 1994 1661; baseline 0.001 -15"><span class='ocrx_word' id='word_1_189' title='bbox 359 1605 419 1647; x_wconf 90' lang='lat' dir='ltr'>Vt</span> <span class='ocrx_word' id='word_1_190' title='bbox 451 1606 625 1647; x_wconf 85' lang='lat' dir='ltr'>redeam</span> <span class='ocrx_word' id='word_1_191' title='bbox 657 1606 712 1648; x_wconf 88' lang='lat' dir='ltr'>ad</span> <span class='ocrx_word' id='word_1_192' title='bbox 733 1606 1115 1660; x_wconf 83' lang='lat' dir='ltr'>Archiepiscopum</span> <span class='ocrx_word' id='word_1_193' title='bbox 1139 1605 1438 1647; x_wconf 88' lang='lat' dir='ltr'>Treuirensem</span> <span class='ocrx_word' id='word_1_194' title='bbox 1462 1611 1530 1648; x_wconf 78' lang='lat' dir='ltr'>etc.</span> <span class='ocrx_word' id='word_1_195' title='bbox 1557 1604 1622 1660; x_wconf 68' lang='lat' dir='ltr'>[ut</span> <span class='ocrx_word' id='word_1_196' title='bbox 1647 1621 1779 1661; x_wconf 74' lang='lat' dir='ltr'>supra</span> <span class='ocrx_word' id='word_1_197' title='bbox 1805 1621 1849 1661; x_wconf 72' lang='lat' dir='ltr'>p.</span> <span class='ocrx_word' id='word_1_198' title='bbox 1875 1603 1994 1660; x_wconf 64' lang='lat'>134}</span> 
     </span>
    </p>

    <p class='ocr_par' dir='ltr' id='par_1_4' title="bbox 239 1670 1992 1917">
     <span class='ocr_line' id='line_1_23' title="bbox 359 1670 1992 1724; baseline -0.001 -12"><span class='ocrx_word' id='word_1_199' title='bbox 359 1670 454 1712; x_wconf 76' lang='lat' dir='ltr'>Scio</span> <span class='ocrx_word' id='word_1_200' title='bbox 496 1670 822 1724; x_wconf 89' lang='lat' dir='ltr'>amplitudinem</span> <span class='ocrx_word' id='word_1_201' title='bbox 863 1674 982 1713; x_wconf 86' lang='lat' dir='ltr'>tuam</span> <span class='ocrx_word' id='word_1_202' title='bbox 1025 1671 1077 1712; x_wconf 88' lang='lat' dir='ltr'>de</span> <span class='ocrx_word' id='word_1_203' title='bbox 1118 1670 1305 1712; x_wconf 86' lang='lat' dir='ltr'>iuuanda</span> <span class='ocrx_word' id='word_1_204' title='bbox 1343 1670 1574 1712; x_wconf 82' lang='lat' dir='ltr'>Germania</span> <span class='ocrx_word' id='word_1_205' title='bbox 1615 1671 1842 1713; x_wconf 87' lang='lat' dir='ltr'>sollicitam</span> <span class='ocrx_word' id='word_1_206' title='bbox 1885 1684 1992 1720; x_wconf 86' lang='lat' dir='ltr'>esse,</span> 
     </span>
     <span class='ocr_line' id='line_1_24' title="bbox 242 1735 1992 1789; baseline 0 -13"><span class='ocrx_word' id='word_1_207' title='bbox 242 1735 599 1788; x_wconf 88' lang='lat' dir='ltr'>quemadmodum</span> <span class='ocrx_word' id='word_1_208' title='bbox 634 1735 891 1777; x_wconf 81' lang='lat' dir='ltr'>Germaniae</span> <span class='ocrx_word' id='word_1_209' title='bbox 923 1735 1054 1776; x_wconf 91' lang='lat' dir='ltr'>fidum</span> <span class='ocrx_word' id='word_1_210' title='bbox 1086 1735 1383 1777; x_wconf 90' lang='lat' dir='ltr'>Protectorem</span> <span class='ocrx_word' id='word_1_211' title='bbox 1417 1735 1540 1777; x_wconf 88' lang='lat' dir='ltr'>decet</span> <span class='ocrx_word' id='word_1_212' title='bbox 1553 1737 1580 1779; x_wconf 79' lang='lat'>7.</span> <span class='ocrx_word' id='word_1_213' title='bbox 1644 1736 1884 1789; x_wconf 83' lang='lat' dir='ltr'>Suggeram</span> <span class='ocrx_word' id='word_1_214' title='bbox 1915 1735 1992 1788; x_wconf 91' lang='lat' dir='ltr'>igi-</span> 
     </span>
     <span class='ocr_line' id='line_1_25' title="bbox 239 1799 1991 1852; baseline -0.001 -10"><span class='ocrx_word' id='word_1_215' title='bbox 239 1802 312 1842; x_wconf 86' lang='lat' dir='ltr'>tur</span> <span class='ocrx_word' id='word_1_216' title='bbox 343 1800 561 1851; x_wconf 88' lang='lat' dir='ltr'>nonnulla,</span> <span class='ocrx_word' id='word_1_217' title='bbox 596 1814 706 1852; x_wconf 90' lang='lat' dir='ltr'>quae</span> <span class='ocrx_word' id='word_1_218' title='bbox 738 1801 841 1842; x_wconf 86' lang='lat' dir='ltr'>mihi</span> <span class='ocrx_word' id='word_1_219' title='bbox 875 1801 928 1842; x_wconf 88' lang='lat' dir='ltr'>ad</span> <span class='ocrx_word' id='word_1_220' title='bbox 952 1800 1270 1843; x_wconf 88' lang='lat' dir='ltr'>Catholicorum</span> <span class='ocrx_word' id='word_1_221' title='bbox 1292 1799 1335 1841; x_wconf 90' lang='lat' dir='ltr'>in</span> <span class='ocrx_word' id='word_1_222' title='bbox 1360 1800 1590 1842; x_wconf 79' lang='lat' dir='ltr'>Germania</span> <span class='ocrx_word' id='word_1_223' title='bbox 1619 1800 1991 1843; x_wconf 85' lang='lat' dir='ltr'>conseruationem</span> 
     </span>
     <span class='ocr_line' id='line_1_26' title="bbox 240 1864 1617 1917; baseline 0.001 -11"><span class='ocrx_word' id='word_1_224' title='bbox 240 1879 290 1906; x_wconf 90' lang='lat' dir='ltr'>ac</span> <span class='ocrx_word' id='word_1_225' title='bbox 323 1864 615 1906; x_wconf 88' lang='lat' dir='ltr'>defensionem</span> <span class='ocrx_word' id='word_1_226' title='bbox 648 1879 850 1917; x_wconf 88' lang='lat' dir='ltr'>magnum</span> <span class='ocrx_word' id='word_1_227' title='bbox 885 1866 1073 1908; x_wconf 87' lang='lat' dir='ltr'>allatura</span> <span class='ocrx_word' id='word_1_228' title='bbox 1104 1868 1369 1907; x_wconf 90' lang='lat' dir='ltr'>momentum</span> <span class='ocrx_word' id='word_1_229' title='bbox 1403 1865 1617 1908; x_wconf 89' lang='lat' dir='ltr'>uidentur.</span> 
     </span>
    </p>

    <p class='ocr_par' dir='ltr' id='par_1_5' title="bbox 237 1929 1992 2437">
     <span class='ocr_line' id='line_1_27' title="bbox 360 1929 1992 1984; baseline 0 -14"><span class='ocrx_word' id='word_1_230' title='bbox 360 1929 550 1970; x_wconf 90' lang='lat' dir='ltr'>Primum</span> <span class='ocrx_word' id='word_1_231' title='bbox 590 1929 670 1970; x_wconf 89' lang='lat' dir='ltr'>huc</span> <span class='ocrx_word' id='word_1_232' title='bbox 702 1931 906 1983; x_wconf 87' lang='lat' dir='ltr'>pertinet,</span> <span class='ocrx_word' id='word_1_233' title='bbox 950 1933 998 1972; x_wconf 92' lang='lat' dir='ltr'>ut</span> <span class='ocrx_word' id='word_1_234' title='bbox 1035 1930 1070 1971; x_wconf 92' lang='lat' dir='ltr'>si</span> <span class='ocrx_word' id='word_1_235' title='bbox 1102 1931 1194 1971; x_wconf 90' lang='lat' dir='ltr'>fieri</span> <span class='ocrx_word' id='word_1_236' title='bbox 1228 1932 1370 1982; x_wconf 87' lang='lat' dir='ltr'>queat,</span> <span class='ocrx_word' id='word_1_237' title='bbox 1413 1929 1627 1984; x_wconf 87' lang='lat' dir='ltr'>Episcopi,</span> <span class='ocrx_word' id='word_1_238' title='bbox 1671 1930 1742 1983; x_wconf 89' lang='lat' dir='ltr'>qui</span> <span class='ocrx_word' id='word_1_239' title='bbox 1783 1929 1992 1972; x_wconf 84' lang='lat' dir='ltr'>sectarios</span> 
     </span>
     <span class='ocr_line' id='line_1_28' title="bbox 239 1993 1992 2048; baseline 0 -13"><span class='ocrx_word' id='word_1_240' title='bbox 239 1994 402 2036; x_wconf 89' lang='lat' dir='ltr'>uicinos</span> <span class='ocrx_word' id='word_1_241' title='bbox 443 1997 487 2036; x_wconf 88' lang='lat' dir='ltr'>et</span> <span class='ocrx_word' id='word_1_242' title='bbox 527 1993 710 2036; x_wconf 86' lang='lat' dir='ltr'>infestos</span> <span class='ocrx_word' id='word_1_243' title='bbox 750 1995 889 2048; x_wconf 89' lang='lat' dir='ltr'>magis</span> <span class='ocrx_word' id='word_1_244' title='bbox 930 1995 1102 2045; x_wconf 87' lang='lat' dir='ltr'>habent,</span> <span class='ocrx_word' id='word_1_245' title='bbox 1146 1994 1361 2048; x_wconf 89' lang='lat' dir='ltr'>accipiant</span> <span class='ocrx_word' id='word_1_246' title='bbox 1398 1994 1441 2035; x_wconf 90' lang='lat' dir='ltr'>in</span> <span class='ocrx_word' id='word_1_247' title='bbox 1483 1995 1574 2036; x_wconf 86' lang='lat' dir='ltr'>uita</span> <span class='ocrx_word' id='word_1_248' title='bbox 1607 1995 1897 2045; x_wconf 86' lang='lat' dir='ltr'>Coadiutores,</span> <span class='ocrx_word' id='word_1_249' title='bbox 1939 2008 1992 2035; x_wconf 92' lang='lat' dir='ltr'>ne</span> 
     </span>
     <span class='ocr_line' id='line_1_29' title="bbox 240 2059 1990 2113; baseline 0.001 -13"><span class='ocrx_word' id='word_1_250' title='bbox 240 2059 298 2101; x_wconf 90' lang='lat' dir='ltr'>sit</span> <span class='ocrx_word' id='word_1_251' title='bbox 339 2073 445 2113; x_wconf 92' lang='lat' dir='ltr'>opus</span> <span class='ocrx_word' id='word_1_252' title='bbox 488 2061 586 2113; x_wconf 90' lang='lat' dir='ltr'>post</span> <span class='ocrx_word' id='word_1_253' title='bbox 628 2062 812 2101; x_wconf 88' lang='lat' dir='ltr'>mortem</span> <span class='ocrx_word' id='word_1_254' title='bbox 858 2059 1030 2101; x_wconf 89' lang='lat' dir='ltr'>illorum</span> <span class='ocrx_word' id='word_1_255' title='bbox 1084 2060 1138 2101; x_wconf 90' lang='lat' dir='ltr'>ad</span> <span class='ocrx_word' id='word_1_256' title='bbox 1185 2059 1471 2113; x_wconf 88' lang='lat' dir='ltr'>periculosam</span> <span class='ocrx_word' id='word_1_257' title='bbox 1515 2059 1783 2102; x_wconf 90' lang='lat' dir='ltr'>Electionem</span> <span class='ocrx_word' id='word_1_258' title='bbox 1830 2059 1990 2110; x_wconf 88' lang='lat' dir='ltr'>uenire,</span> 
     </span>
     <span class='ocr_line' id='line_1_30' title="bbox 242 2123 1991 2178; baseline -0.001 -12"><span class='ocrx_word' id='word_1_259' title='bbox 242 2138 369 2177; x_wconf 87' lang='lat' dir='ltr'>quam</span> <span class='ocrx_word' id='word_1_260' title='bbox 403 2123 576 2177; x_wconf 86' lang='lat' dir='ltr'>sectarij</span> <span class='ocrx_word' id='word_1_261' title='bbox 609 2123 736 2165; x_wconf 86' lang='lat' dir='ltr'>facile</span> <span class='ocrx_word' id='word_1_262' title='bbox 768 2125 1038 2177; x_wconf 83' lang='lat' dir='ltr'>perturbant,</span> <span class='ocrx_word' id='word_1_263' title='bbox 1079 2127 1123 2166; x_wconf 90' lang='lat' dir='ltr'>et</span> <span class='ocrx_word' id='word_1_264' title='bbox 1154 2138 1314 2177; x_wconf 90' lang='lat' dir='ltr'>magna</span> <span class='ocrx_word' id='word_1_265' title='bbox 1345 2124 1387 2165; x_wconf 92' lang='lat' dir='ltr'>ui</span> <span class='ocrx_word' id='word_1_266' title='bbox 1421 2124 1474 2165; x_wconf 88' lang='lat' dir='ltr'>ad</span> <span class='ocrx_word' id='word_1_267' title='bbox 1507 2138 1552 2167; x_wconf 87' lang='lat' dir='ltr'>se</span> <span class='ocrx_word' id='word_1_268' title='bbox 1586 2138 1770 2178; x_wconf 89' lang='lat' dir='ltr'>suosque</span> <span class='ocrx_word' id='word_1_269' title='bbox 1802 2124 1991 2167; x_wconf 89' lang='lat' dir='ltr'>intrusos</span> 
     </span>
     <span class='ocr_line' id='line_1_31' title="bbox 239 2188 1990 2243; baseline 0 -13"><span class='ocrx_word' id='word_1_270' title='bbox 239 2188 460 2243; x_wconf 89' lang='lat' dir='ltr'>eligendos</span> <span class='ocrx_word' id='word_1_271' title='bbox 499 2189 738 2231; x_wconf 87' lang='lat' dir='ltr'>inflectunt.</span> <span class='ocrx_word' id='word_1_272' title='bbox 807 2188 961 2240; x_wconf 90' lang='lat' dir='ltr'>Video,</span> <span class='ocrx_word' id='word_1_273' title='bbox 1004 2189 1047 2230; x_wconf 92' lang='lat' dir='ltr'>in</span> <span class='ocrx_word' id='word_1_274' title='bbox 1079 2188 1353 2243; x_wconf 61' lang='lat' dir='ltr'>lVestphalia</span> <span class='ocrx_word' id='word_1_275' title='bbox 1396 2190 1676 2243; x_wconf 85' lang='lat' dir='ltr'>praesertim,</span> <span class='ocrx_word' id='word_1_276' title='bbox 1722 2190 1854 2231; x_wconf 89' lang='lat' dir='ltr'>talem</span> <span class='ocrx_word' id='word_1_277' title='bbox 1896 2202 1990 2230; x_wconf 90' lang='lat' dir='ltr'>esse</span> 
     </span>
     <span class='ocr_line' id='line_1_32' title="bbox 239 2253 1990 2308; baseline -0.001 -12"><span class='ocrx_word' id='word_1_278' title='bbox 239 2256 402 2296; x_wconf 84' lang='lat' dir='ltr'>statum</span> <span class='ocrx_word' id='word_1_279' title='bbox 434 2253 727 2295; x_wconf 87' lang='lat' dir='ltr'>Ecclesiarum</span> <span class='ocrx_word' id='word_1_280' title='bbox 760 2253 1095 2305; x_wconf 85' lang='lat' dir='ltr'>Cathedralium,</span> <span class='ocrx_word' id='word_1_281' title='bbox 1137 2257 1186 2296; x_wconf 88' lang='lat' dir='ltr'>ut</span> <span class='ocrx_word' id='word_1_282' title='bbox 1216 2254 1500 2296; x_wconf 90' lang='lat' dir='ltr'>morientibus</span> <span class='ocrx_word' id='word_1_283' title='bbox 1531 2254 1769 2308; x_wconf 87' lang='lat' dir='ltr'>Episcopis,</span> <span class='ocrx_word' id='word_1_284' title='bbox 1811 2254 1990 2308; x_wconf 91' lang='lat' dir='ltr'>Episco-</span> 
     </span>
     <span class='ocr_line' id='line_1_33' title="bbox 238 2318 1990 2372; baseline -0.001 -11"><span class='ocrx_word' id='word_1_285' title='bbox 238 2322 365 2372; x_wconf 88' lang='lat' dir='ltr'>patus</span> <span class='ocrx_word' id='word_1_286' title='bbox 398 2333 424 2360; x_wconf 85' lang='lat' dir='ltr'>a</span> <span class='ocrx_word' id='word_1_287' title='bbox 447 2318 653 2372; x_wconf 86' lang='lat' dir='ltr'>Sectarijs</span> <span class='ocrx_word' id='word_1_288' title='bbox 685 2321 950 2372; x_wconf 83' lang='lat' dir='ltr'>occupentur</span> <span class='ocrx_word' id='word_1_289' title='bbox 982 2321 1112 2371; x_wconf 87' lang='lat' dir='ltr'>atque</span> <span class='ocrx_word' id='word_1_290' title='bbox 1145 2319 1417 2362; x_wconf 87' lang='lat' dir='ltr'>deuorentur.</span> <span class='ocrx_word' id='word_1_291' title='bbox 1466 2318 1536 2360; x_wconf 84' lang='lat' dir='ltr'>Sic</span> <span class='ocrx_word' id='word_1_292' title='bbox 1569 2319 1788 2360; x_wconf 88' lang='lat' dir='ltr'>amisimus</span> <span class='ocrx_word' id='word_1_293' title='bbox 1810 2318 1990 2372; x_wconf 87' lang='lat' dir='ltr'>Episco—</span> 
     </span>
     <span class='ocr_line' id='line_1_34' title="bbox 237 2382 1986 2437; baseline -0.001 -11"><span class='ocrx_word' id='word_1_294' title='bbox 237 2386 366 2437; x_wconf 90' lang='lat' dir='ltr'>patus</span> <span class='ocrx_word' id='word_1_295' title='bbox 407 2384 593 2436; x_wconf 86' lang='lat' dir='ltr'>quinque</span> <span class='ocrx_word' id='word_1_296' title='bbox 633 2383 676 2424; x_wconf 87' lang='lat' dir='ltr'>in</span> <span class='ocrx_word' id='word_1_297' title='bbox 708 2382 1008 2425; x_wconf 88' lang='lat' dir='ltr'>Marchionatu</span> <span class='ocrx_word' id='word_1_298' title='bbox 1041 2383 1420 2437; x_wconf 86' lang='lat' dir='ltr'>Brandeburgensi</span> <span class='ocrx_word' id='word_1_299' title='bbox 1461 2398 1512 2425; x_wconf 92' lang='lat' dir='ltr'>ac</span> <span class='ocrx_word' id='word_1_300' title='bbox 1553 2386 1643 2425; x_wconf 90' lang='lat' dir='ltr'>tres</span> <span class='ocrx_word' id='word_1_301' title='bbox 1680 2384 1722 2424; x_wconf 88' lang='lat' dir='ltr'>in</span> <span class='ocrx_word' id='word_1_302' title='bbox 1756 2383 1986 2433; x_wconf 65' lang='lat' dir='ltr'>Saxoniass,</span> 
     </span>
    </p>
   </div>
   <div class='ocr_carea' id='block_1_3' title="bbox 355 2456 825 2490">
    <p class='ocr_par' dir='ltr' id='par_1_6' title="bbox 355 2456 825 2490">
     <span class='ocr_line' id='line_1_35' title="bbox 355 2456 825 2490; baseline 0 -7"><span class='ocrx_word' id='word_1_303' title='bbox 355 2462 383 2489; x_wconf 77' lang='lat' dir='ltr'>a)</span> <span class='ocrx_word' id='word_1_304' title='bbox 405 2459 438 2483; x_wconf 79' lang='lat' dir='ltr'>In</span> <span class='ocrx_word' id='word_1_305' title='bbox 460 2458 540 2482; x_wconf 69' lang='lat' dir='ltr'>arch.</span> <span class='ocrx_word' id='word_1_306' title='bbox 560 2466 635 2482; x_wconf 67' lang='lat' dir='ltr'>corr.</span> <span class='ocrx_word' id='word_1_307' title='bbox 655 2465 691 2482; x_wconf 60' lang='lat' dir='ltr'>er</span> <span class='ocrx_word' id='word_1_308' title='bbox 710 2456 825 2490; x_wconf 85' lang='lat' dir='ltr'>posset.</span> 
     </span>
    </p>
   </div>
   <div class='ocr_carea' id='block_1_4' title="bbox 236 2538 1988 3215">
    <p class='ocr_par' dir='ltr' id='par_1_7' title="bbox 358 2538 1741 2581">
     <span class='ocr_line' id='line_1_36' title="bbox 358 2538 1741 2581; baseline 0 -9"><span class='ocrx_word' id='word_1_309' title='bbox 358 2540 365 2558; x_wconf 94' lang='lat'>¹</span> <span class='ocrx_word' id='word_1_310' title='bbox 394 2538 427 2573; x_wconf 79' lang='lat' dir='ltr'>S.</span> <span class='ocrx_word' id='word_1_311' title='bbox 454 2538 684 2572; x_wconf 87' lang='lat' dir='ltr'>Franciscum</span> <span class='ocrx_word' id='word_1_312' title='bbox 711 2538 753 2572; x_wconf 89' lang='lat' dir='ltr'>de</span> <span class='ocrx_word' id='word_1_313' title='bbox 779 2538 921 2581; x_wconf 85' lang='lat' dir='ltr'>Borgia.</span> <span class='ocrx_word' id='word_1_314' title='bbox 1083 2539 1095 2558; x_wconf 77' lang='lat'>&#39;²</span> <span class='ocrx_word' id='word_1_315' title='bbox 1122 2538 1269 2572; x_wconf 86' lang='lat' dir='ltr'>Daniele</span> <span class='ocrx_word' id='word_1_316' title='bbox 1294 2538 1450 2572; x_wconf 88' lang='lat' dir='ltr'>Brendel</span> <span class='ocrx_word' id='word_1_317' title='bbox 1476 2539 1519 2572; x_wconf 88' lang='lat' dir='ltr'>ab</span> <span class='ocrx_word' id='word_1_318' title='bbox 1546 2539 1741 2581; x_wconf 78' lang='lat' dir='ltr'>Homburg.</span> 
     </span>
    </p>

    <p class='ocr_par' dir='ltr' id='par_1_8' title="bbox 236 2590 1988 2688">
     <span class='ocr_line' id='line_1_37' title="bbox 356 2590 1988 2636; baseline -0.001 -11"><span class='ocrx_word' id='word_1_319' title='bbox 356 2592 369 2611; x_wconf 71' lang='lat'><strong>3</strong></span> <span class='ocrx_word' id='word_1_320' title='bbox 394 2591 595 2625; x_wconf 85' lang='lat' dir='ltr'>Fridericus</span> <span class='ocrx_word' id='word_1_321' title='bbox 613 2592 655 2625; x_wconf 93' lang='lat' dir='ltr'>de</span> <span class='ocrx_word' id='word_1_322' title='bbox 666 2591 782 2625; x_wconf 78' lang='lat' dir='ltr'>VVeda</span> <span class='ocrx_word' id='word_1_323' title='bbox 803 2591 953 2635; x_wconf 82' lang='lat' dir='ltr'>(Wied).</span> <span class='ocrx_word' id='word_1_324' title='bbox 980 2591 1269 2636; x_wconf 84' lang='lat' dir='ltr'>archiepiscopus</span> <span class='ocrx_word' id='word_1_325' title='bbox 1296 2591 1441 2633; x_wconf 88' lang='lat' dir='ltr'>electus,</span> <span class='ocrx_word' id='word_1_326' title='bbox 1468 2592 1529 2625; x_wconf 90' lang='lat' dir='ltr'>sed</span> <span class='ocrx_word' id='word_1_327' title='bbox 1548 2592 1701 2625; x_wconf 88' lang='lat' dir='ltr'>nondum</span> <span class='ocrx_word' id='word_1_328' title='bbox 1728 2591 1771 2624; x_wconf 87' lang='lat' dir='ltr'>ab</span> <span class='ocrx_word' id='word_1_329' title='bbox 1789 2590 1988 2635; x_wconf 84' lang='lat' dir='ltr'>apostolica</span> 
     </span>
     <span class='ocr_line' id='line_1_38' title="bbox 236 2644 998 2688; baseline 0.001 -11"><span class='ocrx_word' id='word_1_330' title='bbox 236 2644 317 2678; x_wconf 86' lang='lat' dir='ltr'>sed-e</span> <span class='ocrx_word' id='word_1_331' title='bbox 345 2644 594 2685; x_wconf 73' lang='lat' dir='ltr'>confirmatu53</span> <span class='ocrx_word' id='word_1_332' title='bbox 620 2644 702 2678; x_wconf 86' lang='lat' dir='ltr'>vide</span> <span class='ocrx_word' id='word_1_333' title='bbox 729 2655 837 2688; x_wconf 86' lang='lat' dir='ltr'>supra</span> <span class='ocrx_word' id='word_1_334' title='bbox 862 2656 894 2688; x_wconf 90' lang='lat' dir='ltr'>p.</span> <span class='ocrx_word' id='word_1_335' title='bbox 922 2644 998 2679; x_wconf 76' lang='lat'>142.</span> 
     </span>
    </p>

    <p class='ocr_par' dir='ltr' id='par_1_9' title="bbox 355 2697 903 2741">
     <span class='ocr_line' id='line_1_39' title="bbox 355 2697 903 2741; baseline -0.002 -10"><span class='ocrx_word' id='word_1_336' title='bbox 355 2700 367 2717; x_wconf 75' lang='lat'><strong>⁴</strong></span> <span class='ocrx_word' id='word_1_337' title='bbox 394 2697 484 2731; x_wconf 84' lang='lat' dir='ltr'>Vide</span> <span class='ocrx_word' id='word_1_338' title='bbox 510 2708 619 2741; x_wconf 89' lang='lat' dir='ltr'>supra</span> <span class='ocrx_word' id='word_1_339' title='bbox 644 2709 677 2741; x_wconf 88' lang='lat' dir='ltr'>p.</span> <span class='ocrx_word' id='word_1_340' title='bbox 708 2697 903 2731; x_wconf 79' lang='lat'>142—143.</span> 
     </span>
    </p>

    <p class='ocr_par' dir='ltr' id='par_1_10' title="bbox 355 2748 1507 2794">
     <span class='ocr_line' id='line_1_40' title="bbox 355 2748 1507 2794; baseline -0.002 -10"><span class='ocrx_word' id='word_1_341' title='bbox 355 2751 367 2769; x_wconf 78' lang='lat'>⁵</span> <span class='ocrx_word' id='word_1_342' title='bbox 392 2750 494 2792; x_wconf 85' lang='lat' dir='ltr'>Vide,</span> <span class='ocrx_word' id='word_1_343' title='bbox 522 2761 612 2794; x_wconf 86' lang='lat' dir='ltr'>quae</span> <span class='ocrx_word' id='word_1_344' title='bbox 637 2750 680 2783; x_wconf 92' lang='lat' dir='ltr'>de</span> <span class='ocrx_word' id='word_1_345' title='bbox 706 2749 773 2784; x_wconf 85' lang='lat' dir='ltr'>hac</span> <span class='ocrx_word' id='word_1_346' title='bbox 799 2761 837 2783; x_wconf 91' lang='lat' dir='ltr'>re</span> <span class='ocrx_word' id='word_1_347' title='bbox 862 2750 926 2783; x_wconf 87' lang='lat' dir='ltr'>sub</span> <span class='ocrx_word' id='word_1_348' title='bbox 953 2749 1051 2794; x_wconf 89' lang='lat' dir='ltr'>ipsas</span> <span class='ocrx_word' id='word_1_349' title='bbox 1077 2748 1142 2782; x_wconf 86' lang='lat' dir='ltr'>has</span> <span class='ocrx_word' id='word_1_350' title='bbox 1168 2749 1309 2784; x_wconf 84' lang='lat' dir='ltr'>litteras</span> <span class='ocrx_word' id='word_1_351' title='bbox 1335 2750 1507 2784; x_wconf 84' lang='lat' dir='ltr'>dicentur.</span> 
     </span>
    </p>

    <p class='ocr_par' dir='ltr' id='par_1_11' title="bbox 356 2802 1053 2846">
     <span class='ocr_line' id='line_1_41' title="bbox 356 2802 1053 2846; baseline 0 -10"><span class='ocrx_word' id='word_1_352' title='bbox 356 2804 368 2822; x_wconf 77' lang='lat'>⁶</span> <span class='ocrx_word' id='word_1_353' title='bbox 395 2803 447 2837; x_wconf 89' lang='lat' dir='ltr'>Cf.</span> <span class='ocrx_word' id='word_1_354' title='bbox 474 2803 568 2837; x_wconf 88' lang='lat' dir='ltr'>infra</span> <span class='ocrx_word' id='word_1_355' title='bbox 594 2814 747 2836; x_wconf 88' lang='lat' dir='ltr'>monum.</span> <span class='ocrx_word' id='word_1_356' title='bbox 773 2814 883 2846; x_wconf 87' lang='lat' dir='ltr'>germ.</span> <span class='ocrx_word' id='word_1_357' title='bbox 911 2802 933 2836; x_wconf 93' lang='grc'>1.</span> <span class='ocrx_word' id='word_1_358' title='bbox 964 2802 1053 2845; x_wconf 81' lang='grc'><strong>(34).</strong></span> 
     </span>
    </p>

    <p class='ocr_par' dir='ltr' id='par_1_12' title="bbox 237 2853 1984 3005">
     <span class='ocr_line' id='line_1_42' title="bbox 356 2853 1984 2896; baseline -0.002 -6"><span class='ocrx_word' id='word_1_359' title='bbox 356 2856 367 2875; x_wconf 64' lang='lat'><strong>7</strong></span> <span class='ocrx_word' id='word_1_360' title='bbox 394 2855 478 2889; x_wconf 87' lang='lat' dir='ltr'>Otto</span> <span class='ocrx_word' id='word_1_361' title='bbox 514 2857 545 2890; x_wconf 86' lang='grc'>9.</span> <span class='ocrx_word' id='word_1_362' title='bbox 572 2855 786 2890; x_wconf 88' lang='lat' dir='ltr'>Novembris</span> <span class='ocrx_word' id='word_1_363' title='bbox 824 2857 912 2890; x_wconf 81' lang='lat'>1557</span> <span class='ocrx_word' id='word_1_364' title='bbox 949 2867 969 2889; x_wconf 87' lang='lat' dir='ltr'>a</span> <span class='ocrx_word' id='word_1_365' title='bbox 996 2855 1216 2888; x_wconf 75' lang='lat' dir='ltr'>Ferdinando</span> <span class='ocrx_word' id='word_1_366' title='bbox 1243 2855 1268 2889; x_wconf 92' lang='grc' dir='ltr'>Ι.</span> <span class='ocrx_word' id='word_1_367' title='bbox 1296 2854 1533 2888; x_wconf 81' lang='lat' dir='ltr'>Romanorum</span> <span class='ocrx_word' id='word_1_368' title='bbox 1570 2865 1652 2896; x_wconf 81' lang='lat' dir='ltr'>rege</span> <span class='ocrx_word' id='word_1_369' title='bbox 1688 2853 1873 2887; x_wconf 87' lang='lat' dir='ltr'>Protector</span> <span class='ocrx_word' id='word_1_370' title='bbox 1899 2853 1984 2887; x_wconf 85' lang='lat' dir='ltr'>Ger—</span> 
     </span>
     <span class='ocr_line' id='line_1_43' title="bbox 237 2905 1984 2953; baseline 0 -13"><span class='ocrx_word' id='word_1_371' title='bbox 237 2908 395 2941; x_wconf 79' lang='lat' dir='ltr'>manicae</span> <span class='ocrx_word' id='word_1_372' title='bbox 421 2909 574 2942; x_wconf 87' lang='lat' dir='ltr'>nationis</span> <span class='ocrx_word' id='word_1_373' title='bbox 600 2909 694 2953; x_wconf 88' lang='lat' dir='ltr'>apud</span> <span class='ocrx_word' id='word_1_374' title='bbox 719 2909 840 2942; x_wconf 86' lang='lat' dir='ltr'>sedem</span> <span class='ocrx_word' id='word_1_375' title='bbox 866 2908 1098 2953; x_wconf 86' lang='lat' dir='ltr'>apostolicam</span> <span class='ocrx_word' id='word_1_376' title='bbox 1125 2908 1340 2942; x_wconf 84' lang='lat' dir='ltr'>constitutus</span> <span class='ocrx_word' id='word_1_377' title='bbox 1358 2909 1435 2941; x_wconf 85' lang='lat' dir='ltr'>erat</span> <span class='ocrx_word' id='word_1_378' title='bbox 1453 2906 1604 2950; x_wconf 85' lang='lat' dir='ltr'>(Archiv</span> <span class='ocrx_word' id='word_1_379' title='bbox 1621 2908 1678 2939; x_wconf 70' lang='lat' dir='ltr'>fiir</span> <span class='ocrx_word' id='word_1_380' title='bbox 1695 2906 1751 2939; x_wconf 88' lang='lat' dir='ltr'>die</span> <span class='ocrx_word' id='word_1_381' title='bbox 1771 2905 1984 2940; x_wconf 86' lang='lat' dir='ltr'>Geschichte</span> 
     </span>
     <span class='ocr_line' id='line_1_44' title="bbox 237 2959 1919 3005; baseline 0 -12"><span class='ocrx_word' id='word_1_382' title='bbox 237 2961 298 2993; x_wconf 85' lang='lat' dir='ltr'>des</span> <span class='ocrx_word' id='word_1_383' title='bbox 324 2960 508 2994; x_wconf 82' lang='lat' dir='ltr'>Bisthums</span> <span class='ocrx_word' id='word_1_384' title='bbox 534 2962 740 3004; x_wconf 86' lang='lat' dir='ltr'>Augsburg,</span> <span class='ocrx_word' id='word_1_385' title='bbox 767 2961 933 3005; x_wconf 87' lang='lat' dir='ltr'>herausg.</span> <span class='ocrx_word' id='word_1_386' title='bbox 961 2973 1031 2995; x_wconf 91' lang='lat' dir='ltr'>von</span> <span class='ocrx_word' id='word_1_387' title='bbox 1057 2963 1140 2995; x_wconf 77' lang='lat' dir='ltr'>Ant.</span> <span class='ocrx_word' id='word_1_388' title='bbox 1169 2962 1345 3002; x_wconf 75' lang='lat' dir='ltr'>Stez&#39;cleele,</span> <span class='ocrx_word' id='word_1_389' title='bbox 1372 2960 1414 3001; x_wconf 87' lang='grc' dir='ltr'>ΙΙ,</span> <span class='ocrx_word' id='word_1_390' title='bbox 1441 2959 1636 3002; x_wconf 78' lang='lat' dir='ltr'>Augsburg</span> <span class='ocrx_word' id='word_1_391' title='bbox 1665 2959 1763 2999; x_wconf 77' lang='lat'>1859,</span> <span class='ocrx_word' id='word_1_392' title='bbox 1794 2959 1919 3002; x_wconf 61' lang='lat'><strong>13223).</strong></span> 
     </span>
    </p>

    <p class='ocr_par' dir='ltr' id='par_1_13' title="bbox 237 3011 1984 3215">
     <span class='ocr_line' id='line_1_45' title="bbox 356 3011 1984 3057; baseline -0.001 -11"><span class='ocrx_word' id='word_1_393' title='bbox 356 3013 548 3047; x_wconf 68' lang='grc' dir='ltr'>Β1030111111</span> <span class='ocrx_word' id='word_1_394' title='bbox 583 3015 626 3048; x_wconf 86' lang='grc' dir='ltr'>ΙΙ.</span> <span class='ocrx_word' id='word_1_395' title='bbox 662 3014 820 3048; x_wconf 82' lang='lat' dir='ltr'>marchio</span> <span class='ocrx_word' id='word_1_396' title='bbox 855 3014 1204 3057; x_wconf 83' lang='lat' dir='ltr'>brandenburgensis</span> <span class='ocrx_word' id='word_1_397' title='bbox 1239 3017 1274 3048; x_wconf 85' lang='lat' dir='ltr'>et</span> <span class='ocrx_word' id='word_1_398' title='bbox 1308 3013 1446 3057; x_wconf 90' lang='lat' dir='ltr'>imperii</span> <span class='ocrx_word' id='word_1_399' title='bbox 1481 3012 1646 3056; x_wconf 87' lang='lat' dir='ltr'>princeps</span> <span class='ocrx_word' id='word_1_400' title='bbox 1680 3011 1829 3053; x_wconf 81' lang='lat' dir='ltr'>elector,</span> <span class='ocrx_word' id='word_1_401' title='bbox 1868 3013 1927 3056; x_wconf 88' lang='lat' dir='ltr'>qui</span> <span class='ocrx_word' id='word_1_402' title='bbox 1963 3023 1984 3044; x_wconf 85' lang='lat' dir='ltr'>a</span> 
     </span>
     <span class='ocr_line' id='line_1_46' title="bbox 237 3064 1981 3110; baseline -0.002 -10"><span class='ocrx_word' id='word_1_403' title='bbox 237 3065 412 3100; x_wconf 85' lang='lat' dir='ltr'>catholica</span> <span class='ocrx_word' id='word_1_404' title='bbox 447 3065 597 3099; x_wconf 82' lang='lat' dir='ltr'>ecclesia</span> <span class='ocrx_word' id='word_1_405' title='bbox 631 3067 674 3100; x_wconf 88' lang='lat' dir='ltr'>ad</span> <span class='ocrx_word' id='word_1_406' title='bbox 702 3068 943 3110; x_wconf 82' lang='lat' dir='ltr'>protestantes</span> <span class='ocrx_word' id='word_1_407' title='bbox 968 3067 1171 3105; x_wconf 85' lang='lat' dir='ltr'>transierat,</span> <span class='ocrx_word' id='word_1_408' title='bbox 1206 3066 1275 3100; x_wconf 92' lang='lat' dir='ltr'>sibi</span> <span class='ocrx_word' id='word_1_409' title='bbox 1300 3069 1533 3108; x_wconf 85' lang='lat' dir='ltr'>arrogaverat</span> <span class='ocrx_word' id='word_1_410' title='bbox 1558 3065 1785 3108; x_wconf 84' lang='lat' dir='ltr'>episcopatus</span> <span class='ocrx_word' id='word_1_411' title='bbox 1810 3064 1981 3098; x_wconf 86' lang='lat' dir='ltr'>branden-</span> 
     </span>
     <span class='ocr_line' id='line_1_47' title="bbox 237 3116 1982 3162; baseline -0.001 -10"><span class='ocrx_word' id='word_1_412' title='bbox 237 3119 460 3161; x_wconf 88' lang='lat' dir='ltr'>burgensem,</span> <span class='ocrx_word' id='word_1_413' title='bbox 486 3117 815 3161; x_wconf 83' lang='lat' dir='ltr'>havelbergensem,</span> <span class='ocrx_word' id='word_1_414' title='bbox 842 3119 1079 3153; x_wconf 88' lang='lat' dir='ltr'>lebusiensem</span> <span class='ocrx_word' id='word_1_415' title='bbox 1108 3118 1267 3162; x_wconf 83' lang='lat' dir='ltr'>(Lebus).</span> <span class='ocrx_word' id='word_1_416' title='bbox 1310 3118 1456 3152; x_wconf 82' lang='lat' dir='ltr'>Alberto</span> <span class='ocrx_word' id='word_1_417' title='bbox 1480 3116 1828 3160; x_wconf 86' lang='lat' dir='ltr'>Brandenburgensi‚</span> <span class='ocrx_word' id='word_1_418' title='bbox 1854 3117 1982 3150; x_wconf 88' lang='lat' dir='ltr'>Borus-</span> 
     </span>
     <span class='ocr_line' id='line_1_48' title="bbox 237 3169 1981 3215; baseline -0.001 -10"><span class='ocrx_word' id='word_1_419' title='bbox 237 3171 311 3205; x_wconf 86' lang='lat' dir='ltr'>siae</span> <span class='ocrx_word' id='word_1_420' title='bbox 346 3171 425 3204; x_wconf 88' lang='lat' dir='ltr'>duci</span> <span class='ocrx_word' id='word_1_421' title='bbox 463 3169 539 3213; x_wconf 80' lang='lat' dir='ltr'>(qui</span> <span class='ocrx_word' id='word_1_422' title='bbox 574 3181 594 3203; x_wconf 87' lang='lat' dir='ltr'>a</span> <span class='ocrx_word' id='word_1_423' title='bbox 629 3182 729 3204; x_wconf 86' lang='lat' dir='ltr'>sacro</span> <span class='ocrx_word' id='word_1_424' title='bbox 765 3172 886 3205; x_wconf 89' lang='lat' dir='ltr'>ordine</span> <span class='ocrx_word' id='word_1_425' title='bbox 921 3172 1100 3205; x_wconf 83' lang='lat' dir='ltr'>teutonico</span> <span class='ocrx_word' id='word_1_426' title='bbox 1137 3174 1171 3204; x_wconf 79' lang='lat' dir='ltr'>et</span> <span class='ocrx_word' id='word_1_427' title='bbox 1206 3171 1250 3205; x_wconf 85' lang='lat' dir='ltr'>ab</span> <span class='ocrx_word' id='word_1_428' title='bbox 1284 3171 1362 3215; x_wconf 88' lang='lat' dir='ltr'>ipsa</span> <span class='ocrx_word' id='word_1_429' title='bbox 1395 3169 1545 3204; x_wconf 84' lang='lat' dir='ltr'>ecclesia</span> <span class='ocrx_word' id='word_1_430' title='bbox 1571 3169 1746 3203; x_wconf 86' lang='lat' dir='ltr'>catholica</span> <span class='ocrx_word' id='word_1_431' title='bbox 1773 3170 1981 3212; x_wconf 81' lang='lat' dir='ltr'>defecerat),</span> 
     </span>
    </p>
   </div>
   <div class='ocr_carea' id='block_1_5' title="bbox 401 2512 475 2516">
    <p class='ocr_par' dir='ltr' id='par_1_14' title="bbox 401 2512 475 2516">
     <span class='ocr_line' id='line_1_49' title="bbox 401 2512 475 2516; baseline 0 0"><span class='ocrx_word' id='word_1_432' title='bbox 401 2512 475 2516; x_wconf 95' lang='lat' dir='ltr'> </span> 
     </span>
    </p>
   </div>
  </div>
 </body>
</html>
