2045 3471
182 183 265 224 664
508 182 602 216 Mon.
623 183 691 217 744
717 183 794 216 sive
823 194 932 226 germ.
954 183 973 216 l.
999 184 1088 226 (19).
1126 184 1181 217 25.
1201 182 1391 218 Nov.——4.
1411 183 1494 218 Dec.
1516 184 1617 218 1565.

180 302 460 342 numerentur
481 300 619 351 modo,
644 300 853 343 hactenus
875 304 1021 343 tamen
1045 315 1191 343 omnes
1214 304 1479 352 manserunt,
1504 305 1765 356 manentque
1782 303 1941 346 Catho-

180 365 262 407 lici.
327 364 678 418 Quandoquidem
722 367 867 408 autem
908 366 1046 420 primo
1089 366 1220 408 etiam
1264 366 1453 409 aduentu
1494 381 1571 408 suo
1613 371 1852 419 monuerat,
1895 383 1941 410 se

179 432 279 483 post
318 443 476 470 nonum
519 429 630 471 diem
671 430 916 473 necessario
950 431 1251 481 discessurum,
1294 436 1526 484 essentque
1564 431 1730 484 aliquot
1770 447 1941 475 sorores

180 508 231 536 ac
263 494 430 548 sororij,
464 494 537 547 qui
568 496 880 537 contenderent
911 496 1082 549 singuli,
1117 498 1165 537 vt
1198 496 1312 549 apud
1343 495 1459 549 ipsos
1492 510 1660 549 quoque
1693 498 1938 551 pranderet,

180 562 224 602 et
265 558 446 612 quilibet
487 573 634 601 eorum
675 560 718 601 in
761 574 810 602 eo
853 575 899 602 se
943 561 1119 613 reliquis
1163 560 1375 614 praeferri
1418 561 1574 611 vellet;
1621 562 1815 604 Canisius
1858 563 1940 605 hac

179 624 348 666 ratione
382 625 701 667 contentionem
729 625 946 679 componit
970 641 977 667 :
1000 625 1119 667 iubet
1142 626 1346 678 singulos,
1381 639 1491 678 quae
1514 627 1592 668 sibi
1617 627 1780 670 vellent
1805 642 1939 681 appo-

180 703 306 739 nere,
353 689 523 732 deferre
567 690 710 732 omnia
755 690 807 732 ad
852 704 1089 744 pauperum
1135 690 1371 744 hospitale,
1416 690 1559 743 ibique
1604 705 1731 744 quam
1775 692 1940 735 vellent

179 753 571 808 splendidissimum
595 755 765 808 epulum
788 755 1074 803 instruerent3
1098 755 1310 807 simulque
1329 769 1475 797 01111100
1493 769 1587 797 0000
1610 759 1937 810 praepararent,

179 821 228 861 vt
259 819 415 861 ibidem
449 819 639 861 diuinum
673 820 844 873 epulum
877 820 959 874 ipsi
990 820 1274 874 perciperent,
1310 822 1353 862 et
1386 821 1439 862 ab
1472 821 1564 874 ipso
1598 821 1938 864 benedictionem

180 884 447 938 acciperent;
483 884 657 935 dictum,
690 884 876 934 factum;
910 899 1068 938 magno
1101 885 1211 926 bono
1244 885 1459 938 spirituali
1482 885 1731 936 amicorum,
1766 890 1810 929 et
1831 900 1938 940 pau-

177 963 328 1002 perum
362 949 490 991 etiam
526 949 752 1003 corporali,
786 949 940 1002 quibus
962 950 1105 992 omnia
1128 951 1349 992 esculenta
1371 953 1415 992 et
1448 951 1677 1004 poculenta
1700 953 1938 1002 cesserunt,

179 1027 287 1066 quae
319 1016 496 1067 peracto
536 1014 716 1067 prandio
750 1017 1018 1068 supererant.
1081 1014 1326 1068 Antequam
1369 1019 1514 1058 autem
1547 1015 1818 1068 Nouiomago
1852 1015 1938 1057 dis-

179 1079 365 1129 cederet,
399 1078 595 1121 visitauit
627 1079 893 1132 singulorum
927 1082 1209 1133 cognatorum
1247 1094 1418 1121 suorum
1461 1080 1606 1130 libros,
1650 1082 1694 1122 et
1726 1083 1939 1134 quotquot

178 1143 342 1185 inuenit
373 1158 456 1185 non
491 1144 748 1194 Catholicos,
783 1144 963 1187 exussit.
989 1180 997 1188 .
1023 1180 1031 1188 .
1057 1180 1065 1187 .
1108 1145 1228 1186 Haec
1261 1145 1428 1186 omnia⁸
1461 1144 1646 1198 (scilicet
1676 1145 1937 1198 Nouiomagi

179 1221 229 1249 eo
263 1223 374 1250 anno
407 1208 460 1250 ab
503 1222 552 1250 eo
593 1208 738 1262 gesta)
773 1209 992 1251 Godefridi
1025 1212 1069 1251 et
1100 1210 1384 1251 Wendelinae
1425 1210 1525 1261 filia,
1561 1205 1690 1252 vidua
1730 1210 1937 1263 religiosa

179 1274 279 1315 mihi
322 1273 445 1326 quasi
487 1273 668 1316 dictauit
700 1274 901 1316 Sanctisl
934 1277 1034 1328 post
1065 1275 1332 1316 Dominicam
1367 1274 1503 1326 Oculi,
1541 1277 1606 1317 12.
1631 1275 1777 1329 Martij
1811 1275 1938 1317 huius

177 1338 278 1380 anni
314 1341 438 1381 1613.

296 1415 433 1448 Has-ius
466 1414 503 1448 in
529 1414 599 1448 alia
625 1413 818 1458 *epistula,
854 1425 961 1458 quam
989 1417 1025 1448 et
1050 1415 1164 1459 ipsam
1191 1426 1220 1448 a.
1244 1415 1332 1449 1613
1360 1415 1404 1449 ad
1432 1415 1610 1449 Raderum
1638 1415 1745 1456 dedit,
1781 1415 1935 1460 primum

179 1466 322 1510 quidem
357 1467 400 1500 de
434 1467 542 1501 rebus
576 1478 608 1501 a.
638 1468 728 1501 1565
755 1467 967 1510 Noviomagi
1004 1479 1024 1501 a
1051 1468 1193 1501 Canisio
1227 1469 1343 1510 gestis
1380 1468 1469 1502 haec
1507 1468 1587 1510 (nec
1614 1468 1731 1513 plura)
1769 1469 1934 1513 scripsit:

182 1519 299 1562 „Visit
332 1521 486 1564 patriam
521 1520 794 1564 Nouiomagum,
832 1521 894 1554 vbi
929 1521 1011 1554 dum
1050 1520 1183 1564 singuli
1219 1521 1335 1561 amici,
1373 1533 1463 1565 quos
1500 1521 1633 1555 multos
1669 1523 1704 1555 et
1738 1521 1936 1566 locupletes

176 1572 342 1614 habebat,
379 1573 585 1607 desiderant
609 1573 709 1607 illum
737 1573 912 1618 conuiuijs
938 1574 1123 1618 excipere:
1158 1574 1339 1618 persuasit
1365 1578 1405 1608 vt
1430 1574 1565 1618 singuli
1591 1586 1656 1608 sua
1682 1586 1774 1618 quae
1799 1573 1937 1609 vellent

175 1625 245 1670 ipsi
271 1637 398 1670 parare
424 1626 603 1660 deferrent
629 1626 672 1660 ad
699 1637 893 1671 pauperum
929 1627 1143 1671 hospitalem
1177 1627 1328 1669 domum,
1364 1628 1483 1671 ibique
1519 1639 1641 1661 omnes
1675 1639 1796 1662 secum
1832 1639 1936 1672 pran-

179 1679 322 1712 derent:
358 1679 494 1713 factum
521 1682 577 1713 est
602 1679 661 1720 ita,
697 1691 827 1722 magno
853 1691 1049 1724 pauperum
1075 1680 1199 1714 homost
1252 1681 1389 1715 Deinde
1415 1683 1534 1715 autem
1561 1681 1650 1714 haec
1676 1680 1802 1722 omnia,
1829 1681 1934 1715 lineis

178 1732 413 1772 transmissis,
449 1732 683 1774 oblitteravit,
719 1733 808 1766 haec
834 1733 868 1766 in
895 1734 1056 1776 margine
1083 1734 1277 1768 adnotans:
1317 1733 1436 1776 „Haec
1469 1735 1631 1768 exactius
1658 1746 1702 1768 ex
1728 1734 1801 1768 filia
1827 1734 1935 1767 Wen-

178 1784 318 1818 delinae
336 1785 469 1819 sororis
489 1786 622 1830 Canisij
642 1789 802 1830 accepta,
822 1786 856 1819 in
876 1786 946 1820 alia
964 1787 1090 1820 charta
1109 1788 1300 1832 descripsi:
1329 1789 1407 1821 erat
1429 1799 1470 1821 ea
1488 1790 1574 1821 tunc
1591 1799 1718 1821 nouem
1738 1788 1929 1821 annorum“

182 1837 243 1880 (ex
269 1838 503 1883 autographo.
556 1838 639 1872 Cod.
671 1839 778 1883 „Epp
808 1839 850 1873 ad
879 1839 918 1873 P.
938 1839 985 1873 M.
1006 1839 1186 1874 Raderum
1216 1841 1448 1876 1606—1615
1477 1841 1508 1873 1*
1541 1853 1572 1874 11.
1593 1842 1646 1881 54,
1674 1842 1694 1883 ξ
1721 1840 1885 1883 XXXV).

296 1892 498 1925 Matthaeus
523 1893 698 1933 Eadm-us,
737 1904 816 1926 cum
844 1904 888 1926 ex
915 1893 1025 1926 Hasio
1052 1905 1094 1927 ea
1120 1894 1237 1927 omnia
1264 1894 1503 1937 cognovisset,
1540 1895 1575 1927 in
1603 1894 1735 1928 Canisii
1762 1895 1839 1927 vita
1865 1893 1935 1927 alia

178 1943 337 1988 protulit,
364 1944 434 1978 alia
459 1957 529 1978 non
556 1945 723 1989 protulit:
751 1945 899 1980 Silentio
926 1946 1028 1987 texit,
1056 1946 1238 1980 Canisium
1264 1946 1478 1990 Noviomagi
1504 1947 1548 1981 ad
1575 1947 1769 1981 Triestium
1803 1947 1936 1980 sororis

178 1997 345 2031 maritum
373 1997 575 2039 divertisse,
603 2000 639 2032 et
663 1999 698 2032 in
717 1999 859 2033 Triestii
887 2000 989 2033 domo
1014 2000 1158 2034 honoris
1178 2000 1311 2034 Canisii
1338 2011 1446 2034 causa
1472 2000 1541 2034 alio
1560 2001 1616 2034 die
1634 2002 1798 2034 senatum
1825 1999 1934 2041 urbis,

179 2049 248 2084 alio
274 2050 330 2084 die
357 2050 501 2093 clerum,
529 2051 610 2085 aliis
637 2052 761 2085 diebus
788 2053 1006 2097 propinquos
1032 2053 1197 2087 convivio
1225 2065 1303 2087 esse
1330 2055 1510 2097 exceptos.
1547 2053 1687 2098 Amplis
1710 2065 1795 2087 vero
1814 2053 1935 2087 verbis

179 2103 384 2137 convivium
422 2104 456 2137 in
497 2105 758 2139 valetudinario
797 2106 856 2139 illo
892 2108 1136 2150 comparatum
1173 2107 1484 2148 commemoravit,
1524 2108 1576 2140 sic
1614 2118 1782 2141 exorsus:
1825 2106 1933 2148 „Cum

178 2156 351 2200 Neomagi
377 2157 470 2191 inter
496 2169 636 2192 sorores
663 2161 698 2192 et
723 2159 886 2199 sororios,
918 2159 1148 2203 reliquosque
1174 2162 1372 2203 cognatos.
1393 2187 1400 2194 .
1420 2162 1629 2201 certaretur,
1665 2160 1725 2204 qui
1752 2159 1933 2194 Canisium

178 2210 278 2252 prius
308 2210 450 2244 domum
477 2222 578 2244 suam
605 2211 649 2245 ad
675 2211 794 2245 lautas
821 2212 945 2256 epulas
972 2212 1172 2254 deduceret,
1208 2213 1285 2257 ipse
1319 2217 1394 2247 tam
1429 2213 1624 2247 officiosam
1659 2213 1760 2247 litem
1789 2224 1932 2247 suorum

179 2263 368 2297 admodum
388 2264 573 2306 eleganter
599 2267 634 2298 et
652 2264 708 2309 pie
732 2266 951 2309 composuit“
974 2266 1059 2299 etc.2
1079 2266 1180 2307 (Can.
1199 2266 1416 2309 223—225).
1454 2265 1566 2307 Quam
1585 2266 1717 2300 Raderi
1742 2266 1934 2300 dictionem

179 2315 379 2360 complures
406 2328 451 2350 ex
476 2318 734 2361 posterioribus
760 2318 941 2352 historicis
968 2319 1018 2352 ita
1045 2321 1129 2352 sunt
1154 2319 1392 2364 interpretati,
1419 2330 1461 2353 ac
1486 2319 1517 2353 si
1544 2318 1709 2353 Canisius
1736 2320 1829 2353 omni
1856 2331 1932 2364 pro-

179 2369 391 2413 pinquorum
409 2369 565 2414 hospitio
592 2373 757 2405 recusato
783 2373 859 2405 toto
885 2371 945 2406 illo
972 2374 1130 2416 tempore
1157 2373 1191 2405 in
1220 2372 1481 2406 valetudinario
1507 2372 1567 2406 illo
1593 2372 1794 2406 habitasset
1818 2384 1933 2416 neque

178 2421 275 2456 aliud
302 2422 371 2456 nisi
401 2435 598 2468 pauperum
625 2423 712 2457 illud
738 2424 944 2458 convivium
972 2436 1050 2458 cum
1078 2425 1287 2470 propinquis
1313 2426 1463 2460 iniisset.

297 2476 421 2519 Itaque
447 2478 599 2510 Ioannes
625 2478 789 2521 Dort‘yny
815 2489 845 2512 a.
869 2478 957 2512 1707
986 2489 1066 2512 cum
1093 2478 1214 2522 aliqua
1240 2479 1381 2522 quidem
1409 2478 1649 2513 dubitatione:
1680 2478 1765 2520 „Ses
1790 2489 1932 2523 parens,

179 2528 238 2571 qui
265 2529 399 2563 etaient
424 2541 465 2562 en
493 2530 606 2573 grand
632 2531 787 2571 nombre,
814 2530 1121 2575 s‘empresserent,
1148 2532 1285 2565 chacun
1312 2534 1331 2565 a
1357 2531 1466 2565 l'envi
1491 2531 1564 2565 l'un
1592 2532 1634 2566 de
1661 2531 1799 2571 l'autre,
1830 2532 1873 2565 de
1898 2531 1932 2565 le

178 2580 287 2624 loger,
323 2584 358 2615 et
393 2582 435 2616 de
469 2582 502 2616 le
537 2583 678 2626 regaler
713 2584 844 2617 durant
878 2584 911 2617 le
944 2584 1063 2629 sejour
1097 2584 1182 2628 qu’il
1209 2585 1249 2618 fit
1275 2587 1296 2618 a
1320 2585 1514 2628 Nimegue3
1555 2597 1644 2629 pour
1668 2585 1722 2618 les
1748 2587 1932 2618 contenter

178 2635 268 2674 tous,
295 2646 338 2668 011
365 2635 410 2668 (10
436 2635 551 2669 moins
576 2648 666 2680 pour
690 2648 734 2670 110
760 2638 1004 2671 0100001001οΥ
1030 2649 1215 2682 personne,
1251 2649 1314 2681 par
1340 2637 1375 2672 la
1400 2638 1607 2682 preference
1634 2637 1719 2681 qu'il
1746 2637 1933 2671 donnerait

179 2688 199 2719 a
225 2686 295 2720 l'un
322 2687 439 2731 plutot
464 2688 545 2731 qu'a
571 2688 709 2729 l’autre,
744 2689 770 2722 il
796 2701 840 2723 ne
866 2690 970 2733 logea
996 2702 1060 2734 pas
1087 2691 1172 2724 chez
1198 2703 1243 2724 un
1259 2692 1288 2730 ³3
1327 2693 1363 2724 et
1396 2691 1426 2724 si
1457 2702 1545 2724 nous
1573 2703 1615 2724 en
1642 2690 1792 2724 voulons
1818 2689 1932 2724 croire

181 2739 352 2782 quelques
377 2741 576 2783 memoires,
602 2741 628 2775 il
654 2742 725 2786 prit
750 2753 814 2775 son
840 2742 1021 2785 logement
1047 2745 1067 2776 a
1092 2743 1284 2787 l’Hopital:
1320 2743 1344 2777 il
1371 2746 1427 2777 est
1452 2744 1497 2777 du
1523 2744 1638 2777 moins
1665 2742 1810 2782 certain,
1846 2742 1931 2786 qu’il

298 2804 325 2834 a)
347 2805 457 2835 Septem
480 2813 519 2829 vv.
539 2814 597 2837 sqq.
620 2814 675 2830 nna
697 2814 759 2830 cum
781 2807 861 2831 uncis
881 2807 915 2831 ab
936 2807 1028 2831 Has-io
1047 2808 1077 2831 in
1099 2808 1230 2838 maryine
1250 2808 1354 2832 (ιιῖιῖῐῖα
1372 2810 1448 2832 sunt.

304 2898 310 2916 ¹
339 2897 363 2930 I.
391 2909 419 2932 e.
446 2898 555 2932 Xanti
585 2899 771 2943 (Xanten).

299 2949 311 2968 2
340 2950 534 2985 Sar-chinus
568 2963 667 2985 suam
704 2953 747 2986 de
773 2953 840 2987 hoc
865 2965 1061 2998 pauperum
1089 2954 1255 2988 convivio
1281 2954 1490 2988 relationem
1518 2965 1562 2987 ex
1587 2953 1736 2993 Radero,
1770 2952 1932 2987 adhibita

182 3000 362 3086 gtiaImHPI·
389 3002 740 3099 131ἓογέἰί231101010
778 3005 827 3049 (v.
860 3017 969 3050 supra
1004 3018 1036 3051 p.
1064 3006 1162 3049 658),
1199 3006 1364 3041 hausisse
1399 3007 1542 3040 videtur
1580 3005 1680 3048 (Can.
1708 3006 1795 3045 222:
1836 3005 1929 3040 Hist.

301 3105 314 3124 ³
339 3105 437 3140 Haec
463 3119 506 3141 ex
533 3108 694 3151 Dorignii
729 3109 819 3143 libro
852 3111 960 3144 etiam
994 3111 1213 3155 transcripta
1246 3114 1333 3145 sunt
1367 3113 1401 3145 in
1431 3111 1610 3154 „Histoire
1645 3110 1861 3144 universelle
1888 3111 1931 3144 de

182 3155 321 3198 l'eglise
348 3158 548 3203 catholique
575 3172 638 3204 par
664 3162 910 3195 Rohrbaelesetss
942 3163 1000 3204 IX,
1031 3163 1129 3207 Lyon
1158 3163 1258 3203 1872,
1284 3164 1365 3198 450.
