2045 3471
128 199 223 233 Mon.
241 199 429 234 723-724
445 199 524 234 sive
542 199 600 235 dil.
621 199 842 244 (27)——(28).
881 199 953 234 Sub
971 200 1063 234 med.
1082 211 1128 232 m.
1143 199 1301 244 Aprilem
1316 218 1360 222 -
1375 198 1430 233 20.
1450 198 1542 232 Iunii
1563 197 1662 232 1567.
1731 199 1814 240 635

57 326 99 350 en
125 315 317 359 theologia,
352 329 376 362 y
403 328 424 351 a
450 318 546 351 estos
573 317 708 352 Padres
734 318 876 362 pai-ecia
903 329 971 362 que
997 329 1035 351 se
1061 317 1194 351 hiziese
1227 315 1422 350 licenciado
1458 326 1546 360 pues
1573 326 1642 359 que
1668 314 1700 348 le
1726 314 1816 349 salta

57 380 165 414 pocos
198 371 298 403 actos
333 381 419 414 para
446 369 514 404 ello
539 382 564 415 y
589 382 633 405 no
660 371 791 411 doctor,
819 371 861 405 V.
890 370 928 405 P.
956 370 1056 405 auise
1091 370 1125 404 al
1151 370 1267 404 Padre
1302 369 1436 403 canisio
1471 368 1550 402 delo
1584 380 1653 412 que
1687 368 1818 402 manda

57 423 259 456 entretanto
287 433 355 465 que
380 434 426 467 ιγο
453 425 556 467 estoy
583 435 626 457 en
652 424 808 458 austria“
842 424 902 466 (ex
929 423 1136 469 archetypo,
1163 422 1256 466 quod
1284 424 1340 456 est
1358 423 1392 456 in
1417 421 1518 464 „EN“
1541 434 1575 456 n.
1597 422 1679 461 144;
1707 421 1815 455 etiam

56 474 93 509 in
128 474 217 519 Epp.
243 476 366 508 Nadal
392 476 441 509 III
471 476 566 519 193).
618 476 706 510 Cum
741 479 861 510 autem
900 477 1050 519 Borgias
1085 476 1216 513 Natali.
1262 478 1303 509 ut
1337 475 1423 520 ipse,
1470 474 1603 508 Canisii
1640 474 1817 508 sententia

55 527 187 567 audita,
215 528 257 561 de
284 539 325 561 ea
350 540 388 562 re
415 529 660 570 constitueret,
686 530 896 564 mandasset
925 530 1029 574 (Epp.
1049 531 1171 563 Nadal
1188 529 1239 562 III
1265 528 1362 571 229),
1390 528 1531 562 Natalis
1557 539 1603 562 m.
1622 527 1816 561 Novembri

57 581 147 615 1566
184 580 325 614 Ganisio
360 581 462 622 dixit,
501 582 704 616 Haivodum
743 583 788 616 ad
828 583 1028 625 „licentiam
1055 582 1278 625 theologia&
1309 581 1512 626 promoveri
1547 592 1670 625 posse:
1708 580 1817 614 simul

54 635 175 667 tamen
206 645 263 674 „se
288 634 427 668 remisit
453 635 496 668 ad
524 635 763 669 conscientias
789 636 1074 670 examinatorum
1102 638 1139 669 et
1163 634 1314 669 rectoris
1333 634 1528 677 dilingani“
1552 633 1591 676 (l.
1607 645 1637 668 c.
1653 633 1703 667 IV
1717 634 1815 677 322).

54 686 241 721 Haivodus
276 687 313 720 in
348 686 531 730 theologia
558 687 652 722 haud
688 690 739 722 ita
765 688 938 723 fundatus
964 688 1079 722 fuisse
1106 690 1142 722 et
1168 688 1203 722 in
1230 687 1533 732 disputationibus
1559 686 1632 720 illis
1659 686 1816 721 Canisio-

54 751 131 773 rum
168 740 427 784 exspectationi
466 752 593 784 parum
631 741 854 775 satisfecisse
892 742 1037 776 videtur
1077 741 1138 784 (cf.
1174 740 1197 775 1.
1234 752 1263 775 c.
1300 740 1350 774 ΠΙ
1388 739 1607 783 298-299).
1667 740 1817 774 Constat

54 795 175 826 tamen
201 804 247 826 ex
271 793 520 827 universitatis
547 793 751 837 dilinganae
777 796 916 838 ÷Dictis,
943 806 1023 828 eum
1050 794 1179 828 ibidem
1207 794 1261 827 12.
1288 793 1445 836 Augusti
1475 793 1564 827 1567
1591 792 1816 827 licentiatum

54 844 257 889 theologiae
283 856 362 879 esse
388 849 548 880 creatum
578 846 678 890 (Cod.
706 847 828 890 diling.
861 850 972 890 „Acta
998 859 1050 882 ac.
1077 847 1167 881 Dil.“
1198 859 1230 891 p.
1259 847 1332 890 77).

56 947 159 985 ’723
187 950 263 984 sive
291 948 385 985 dil.
406 950 542 995 (27).
618 950 689 987 Sub
715 951 872 988 medium
898 952 935 987 et
961 952 1152 988 exeuntem
1178 960 1225 986 m.
1243 949 1405 996 Aprilem
1432 949 1524 985 1567.

173 1020 229 1054 Ex
255 1020 418 1066 exemplo
445 1021 652 1066 archetypo.
705 1021 766 1064 „G.
794 1022 857 1067 Ep.
876 1022 982 1057 VIIl“
1013 1022 1037 1056 f.
1064 1022 1317 1057 2452—2482.

178 1093 344 1126 Ccmisius
370 1093 538 1136 Dt'linqcce
561 1094 664 1135 yram*
687 1094 783 1135 febri
808 1095 1018 1137 corripitur.

173 1165 386 1206 Antonius
426 1164 621 1206 Flander
661 1165 704 1206 S.
747 1165 790 1208 J.
833 1166 877 1206 in
914 1165 1115 1217 „Litteris
1161 1162 1342 1205 ammis“
1388 1164 1547 1218 colleyii
1587 1164 1814 1217 (Zilin‘qawi,

54 1229 231 1283 Dilinqa
267 1231 304 1271 1.
331 1228 519 1270 Octobris
552 1230 668 1270 1567
701 1229 827 1282 datis,
872 1230 974 1271 haec
1013 1229 1144 1282 ‘refert
1186 1230 1236 1270 de
1275 1229 1446 1270 Canisio
1488 1243 1537 1270 ex
1570 1228 1814 1270 Franconia

54 1294 275 1349 Dilinyam
318 1309 370 1336 m.
394 1295 538 1348 Aprile·
580 1294 711 1344 (inter
743 1295 784 1336 cl.
811 1296 847 1337 7.
873 1299 908 1335 et
940 1297 994 1348 9,,
1037 1300 1082 1335 ut
1122 1293 1307 1346 vide-tur)
1341 1294 1454 1335 1567
1493 1294 1659 1335 advecto
1699 1293 1815 1344 (vide

54 1374 187 1413 supra
217 1374 258 1414 p.
283 1361 368 1401 424
391 1359 523 1411 430):
545 1358 826 1400 Reuerendus
850 1359 894 1402 P.
919 1358 1214 1408 Prouincialis‚
1245 1358 1317 1411 qui
1338 1358 1564 1412 Herbipoli
1588 1392 1596 1400 .
1623 1393 1630 1400 .
1657 1392 1664 1400 .
1689 1372 1816 1412 prae-

54 1423 188 1465 terita
219 1423 562 1476 Quadragesima
594 1457 602 1465 .
633 1457 641 1465 .
668 1457 675 1465 .
711 1423 1054 1466 contionatorem
1087 1426 1250 1476 egerat,
1287 1457 1294 1466 .
1321 1457 1329 1466 .
1355 1457 1363 1465 .
1397 1422 1440 1464 in
1473 1423 1737 1477 prouinciam
1771 1426 1816 1465 et

55 1488 291 1542 Collegium
333 1490 528 1530 nostrum
563 1502 776 1538 reuersus
820 1491 864 1531 et
905 1488 997 1542 ipse
1034 1490 1163 1531 acuta
1206 1488 1392 1541 quadam
1424 1487 1535 1529 febri
1577 1491 1813 1542 correptus,

54 1567 213 1607 magno
247 1556 364 1596 certe
397 1553 595 1603 moerori,
639 1567 734 1594 cum
767 1553 963 1595 omnibus
995 1553 1130 1604 nobis,
1172 1555 1264 1595 tum
1296 1552 1603 1595 tillustrissimo
1635 1551 1817 1606 principi

55 1617 273 1661 Cardinali
304 1621 453 1660 nostro
486 1617 581 1660 fuit.

56 1738 161 1776 ’724
187 1740 264 1775 sive
291 1738 386 1774 dil.
407 1736 545 1784 (28).
620 1737 775 1773 15.-2Ο.
802 1737 896 1773 lunii
923 1737 1015 1773 1567.

175 1810 230 1844 Ex
258 1810 466 1855 archetypa
520 1809 582 1852 „G.
610 1808 673 1854 Ep.
693 1809 798 1842 VlIl‘
828 1809 852 1843 f.
880 1809 1132 1843 2452—24821.

175 1882 342 1924 Dilinyae
369 1882 405 1914 ἱη
431 1881 563 1924 synodo
589 1881 796 1913 dioecesana
814 1880 884 1913 PP.
907 1880 1075 1913 Canise‘us
1100 1885 1129 1913 et
1155 1880 1310 1913 Pisanus
1329 1880 1548 1913 cardinalem
1568 1880 1817 1924 Azcyustanum

57 1945 164 1978 opera
191 1940 221 1968 et
247 1935 404 1968 consiliis
429 1935 613 1977 adiuvant,
640 1933 706 1966 alii
732 1934 829 1967 Socii
854 1935 1128 1974 conffonantzcm
1153 1944 1283 1975 maana
1310 1933 1446 1976 collegii
1466 1944 1557 1976 pars
1581 1933 1714 1976 synodo
1736 1944 1818 1975 per-

56 1989 220 2022 neittz'tur.

182 2055 417 2106 „Antonius
442 2051 657 2094 Fccmder“
687 2052 977 2104 (Baldumus)
999 2053 1042 2094 S.
1066 2052 1109 2096 J.
1142 2053 1188 2094 in
1219 2053 1377 2107 colleyii
1410 2053 1625 2106 dilinyanz'
1646 2052 1821 2093 Litteris

59 2121 217 2160 annuis
259 2119 437 2172 Dz'lz'wqa
472 2120 509 2159 1.
545 2117 731 2159 Octobris
773 2119 890 2159 1567
931 2118 1044 2158 datis
1089 2118 1140 2159 de
1183 2119 1341 2172 synodo
1384 2117 1648 2169 dioecesana,
1694 2130 1820 2171 quam

60 2184 301 2225 cardinalis
335 2183 424 2224 Otto
454 2183 680 2224 Truehsess
714 2196 738 2222 a
773 2184 814 2225 d.
840 2185 908 2224 15.
944 2183 1003 2223 ad
1034 2184 1104 2224 20.
1128 2183 1248 2224 Iunii
1281 2184 1397 2224 1567
1427 2183 1630 2236 Dilinyae
1661 2182 1820 2232 habuit,

59 2249 158 2290 haec
182 2248 334 2302 refert:
364 2247 630 2288 Laboratum
652 2248 720 2288 est
745 2260 771 2288 a
803 2246 963 2289 nostris
986 2249 1031 2288 et
1062 2247 1105 2288 in
1128 2248 1388 2299 Augustana
1411 2247 1584 2300 synodo
1617 2245 1818 2288 iuuanda.

59 2312 268 2366 Theologi
300 2313 511 2354 Doctores
544 2311 640 2361 duo,
683 2324 864 2363 quorum
902 2311 1014 2354 alter
1053 2311 1136 2353 fuit
1167 2311 1448 2353 Reuerendus
1480 2311 1525 2354 P.
1551 2305 1706 2354 Petrus
1739 2310 1819 2352 Ca-

59 2377 193 2419 nisius
226 2376 509 2418 Prouincialis
542 2378 703 2426 noster,
746 2376 1122 2418 Reuerendissimo
1164 2376 1285 2418 fuere
1321 2376 1364 2417 in
1397 2376 1593 2418 omnibus
1625 2390 1651 2417 a
1682 2376 1821 2416 latere

60 2446 103 2485 et
145 2457 170 2484 a
201 2441 412 2495 Consilijs‚
454 2441 611 2483 tertius
652 2441 803 2483 habuit
844 2441 1093 2484 concionem
1135 2441 1329 2492 latinam,
1373 2443 1554 2494 quartus
1593 2440 1820 2482 Germani—

60 2521 167 2549 cam.
203 2542 211 2550 .
237 2541 245 2550 .
273 2542 281 2550 .
314 2506 427 2548 Acta
458 2520 527 2547 res
564 2505 608 2547 in
640 2505 740 2547 aula
772 2505 1093 2557 Vniuersitatis,
1126 2506 1289 2548 nostris
1320 2519 1479 2559 magna
1511 2508 1636 2559 parte
1670 2505 1820 2546 domus

59 2574 213 2627 sponte
247 2571 510 2614 cedentibus
547 2605 555 2613 .
581 2606 590 2614 .
616 2604 624 2613 .
659 2570 798 2613 Extat
830 2584 992 2613 excusa
1023 2571 1141 2626 typis
1174 2571 1385 2625 Synodus.

179 2653 234 2686 Ex
261 2652 300 2686 P.
334 2652 486 2686 Thomae
515 2652 614 2685 Galli
639 2650 673 2684 S.
701 2651 746 2691 J..
773 2651 834 2696 qui
860 2651 1078 2695 theologiam
1105 2652 1141 2686 in
1167 2651 1406 2685 universitate
1433 2651 1617 2693 dilingana
1643 2650 1821 2691 tradebat.

61 2705 223 2740 *litteris
250 2705 393 2749 Dilinga
422 2706 452 2739 1.
478 2703 693 2738 Novembris
723 2705 811 2738 1567
839 2704 883 2739 ad
909 2704 1078 2747 Borgiam
1104 2704 1200 2739 datis
1226 2704 1460 2747 intellegitur,
1500 2703 1652 2737 alterum
1679 2714 1725 2736 ex
1749 2702 1822 2736 illis

61 2757 251 2793 Societatis
278 2758 481 2792 doctoribus
508 2757 685 2800 theologis
711 2756 824 2792 fuisse
842 2757 882 2792 P.
901 2757 1124 2802 Alphonsum
1144 2758 1325 2798 Pisanum,
1353 2756 1413 2800 qui
1440 2759 1476 2790 et
1501 2755 1577 2800 ipse
1603 2755 1821 2799 theologiam

61 2811 96 2845 in
122 2823 163 2846 ea
189 2811 425 2846 universitate
452 2810 601 2844 docebat
631 2810 692 2853 (ex
719 2812 878 2853 autogr.;
911 2810 973 2853 „G.
1000 2810 1066 2855 Ep.
1088 2811 1190 2845 VlII“
1229 2810 1254 2844 f.
1283 2809 1555 2852 1422—144b):
1594 2808 1686 2842 idem
1712 2809 1822 2852 signi-

60 2864 189 2899 ficatur
224 2876 244 2898 a
277 2865 461 2907 Sacchino,
497 2864 582 2898 Can.
609 2863 690 2897 243.
742 2863 782 2897 Ρ.
811 2862 1071 2898 Theodoricum
1107 2863 1289 2898 Canisium
1325 2862 1574 2896 universitatis
1609 2864 1645 2895 et
1680 2861 1823 2904 collegii

61 2920 235 2952 rectorem
262 2929 303 2952 eo
326 2920 485 2961 tempore
512 2916 652 2950 infirma
670 2915 877 2950 valetudine
895 2917 1070 2950 afflictum
1091 2927 1182 2957 esse,
1209 2918 1245 2950 et
1263 2927 1307 2950 ex
1327 2915 1432 2956 Galli,
1459 2926 1549 2959 quas
1568 2915 1653 2955 dixi,
1679 2914 1822 2954 litteris,

62 2972 98 3005 et
136 2982 179 3004 ex
218 2970 461 3016 compluribus
501 2968 634 3004 Canisii
672 2968 838 3014 epistulis
875 2970 1127 3012 cognoscitur;
1176 2969 1257 3003 vide
1305 2980 1413 3013 supra
1456 2980 1489 3013 p.
1527 2969 1597 3002 474
1633 2968 1702 3002 493
1741 2967 1822 3002 525.

62 3023 101 3058 Ρ.
129 3025 315 3057 Haivodus
350 3026 469 3057 autem
495 3022 651 3056 Polanco
686 3021 832 3065 Dilinga
870 3022 923 3057 10.
950 3021 1084 3067 Aprilis
1113 3022 1201 3056 1567
1237 3021 1393 3066 scripsit,
1429 3033 1468 3055 se
1503 3033 1523 3055 a
1550 3021 1693 3055 Canisio
1723 3032 1822 3066 prae-

63 3077 178 3121 posito
204 3076 415 3122 provinciali
442 3075 592 3110 orationi
618 3075 654 3109 in
680 3076 844 3119 proxima
869 3075 1006 3120 synodo
1031 3075 1217 3109 habendae
1244 3075 1462 3110 destinatum
1490 3085 1570 3108 esse.
1599 3074 1696 3117 (vide
1714 3085 1823 3118 supra

63 3141 96 3174 p.
124 3129 228 3173 634);
264 3132 374 3174 atque
408 3130 444 3163 in
478 3129 617 3173 Synodi
641 3130 741 3162 Actis
775 3130 936 3162 notatum
972 3130 1044 3169 est,
1080 3129 1195 3172 prima
1230 3127 1302 3168 die,
1338 3139 1428 3172 quae
1464 3129 1542 3161 erat
1576 3127 1753 3161 dominica
1787 3129 1823 3160 et

66 3183 119 3216 15.
147 3182 247 3224 Iunii,
283 3185 364 3227 post
398 3182 585 3227 prandium
622 3180 709 3215 hora
742 3180 774 3215 2.
801 3181 836 3214 in
872 3180 954 3215 aula
988 3180 1121 3214 maiore
1157 3180 1299 3224 collegii
1338 3180 1605 3223 „Reum-endum
1631 3180 1821 3214 Dominum
