2045 3471
238 189 332 223 Mon.
354 189 421 223 715
449 188 528 223 sive
554 187 615 222 dil.
636 187 726 231 (19).
766 186 932 221 Exeunte
957 197 1004 220 m.
1022 185 1112 219 Iulio
1139 187 1174 219 et
1200 185 1346 219 ineunte
1368 185 1529 227 Augusto
1550 183 1652 218 1566.
1743 185 1826 225 623

186 305 256 347 „De
282 305 396 339 literis
422 304 651 349 Apostolicis.

184 363 283 406 „Fiet
316 364 449 397 mentio
476 364 666 398 erectionis
692 362 951 397 Vniuersitatis
976 362 1198 405 Dilingensis
1230 372 1310 395 cum
1337 360 1501 394 omnibus
1526 360 1602 394 suis
1627 358 1828 404 priuilegiis

61 420 128 451 etc.
156 417 258 451 iuxta
284 419 444 451 tenorem
470 418 607 461 primae
624 416 722 450 illius
747 416 867 450 bullae
882 417 903 449 ¹.
938 415 1018 449 Fiat
1035 417 1156 449 tamen
1174 413 1365 448 translatio
1384 413 1472 447 iuris
1490 412 1663 447 condendi
1689 413 1828 446 statuta

61 471 98 504 in
124 471 238 515 ipsam
265 469 492 511 Societatem,
528 473 564 504 et
599 471 634 503 in
668 469 736 503 hac
771 472 873 514 parte
908 468 1180 503 Illustrissimus
1208 466 1410 501 Cardinalis
1444 465 1632 500 renunciat
1669 476 1734 499 suo
1760 465 1829 498 iuri

62 523 99 557 et
124 523 304 568 supplicat
321 522 555 557 Sanctissimo
581 525 621 556 ut
646 522 740 566 quod
757 521 826 567 ipsi
853 525 889 556 et
906 521 1174 556 successoribus
1192 522 1416 554 reseruatum
1436 521 1515 553 erat
1531 519 1568 552 in
1582 518 1829 552 Vniuersitate

61 576 263 620 Dilingensi
296 576 494 610 transferat
527 576 562 609 in
590 576 816 616 Societatem,
853 587 915 620 pro
950 577 989 608 ut
1019 574 1055 608 in
1080 573 1316 608 instructione
1344 572 1501 606 eiusdem
1528 570 1828 605 Illustrissimi22.

62 629 277 675 repetendae
304 640 434 663 causae
459 629 719 663 translationis.

181 688 261 722 Fiat
278 688 500 722 confirmatio
518 688 706 731 utriusque
723 687 952 722 instrumenti
972 686 1014 720 de
1033 686 1141 720 uerbo
1160 685 1205 719 ad
1222 684 1370 719 uerbum
1391 684 1529 725 inserti,
1558 685 1595 718 et
1618 683 1829 717 nominatim

63 742 281 787 approbetur
315 742 357 775 de
392 740 613 785 plenitudine
638 741 830 785 potestatis
856 740 1047 774 translatio
1074 739 1172 773 mille
1199 738 1541 782 quadringentorum
1568 737 1783 770 florenorum
1810 746 1830 768 a

64 795 222 839 Collegio
247 794 364 829 sancti
382 794 593 838 Hieronymi
618 794 653 827 in
681 794 871 837 collegium
891 793 1076 827 societatis
1095 792 1209 827 Jesub
1228 819 1235 826 .
1256 803 1336 825 cum
1361 790 1587 835 suppletione
1614 790 1830 829 defectuum,

62 849 246 891 assignato
272 848 365 881 inter
390 847 480 881 alias
505 847 664 881 rationes
690 847 783 891 quod
809 847 844 880 hi
871 847 1031 881 redditus
1058 845 1353 890 expendebantur
1378 844 1414 877 in
1440 844 1634 886 magistros
1653 853 1740 886 quos
1760 842 1828 875 iam

64 901 253 944 collegium
280 900 470 935 Societatis
497 900 680 934 exhibebit
706 902 747 934 vt
772 900 902 934 asserit
928 899 1132 934 cardinalis.

183 960 354 995 Jnhibeat
380 959 488 993 etiam
515 959 681 1003 capitulo,
708 970 751 992 ne
776 961 930 993 uacante
957 958 1046 992 Sede
1073 956 1289 1002 Episcopali‚
1321 957 1563 1001 praesumant,
1590 956 1674 988 ante
1700 955 1746 994 in,
1772 953 1831 987 uel

64 1016 145 1058 post-
167 1013 376 1048 electionem
396 1012 553 1056 aliquam
580 1012 814 1046 mutationem
835 1014 913 1046 .etc.
941 1011 1042 1045 iuxta
1069 1010 1341 1044 instructionem
1363 1007 1602 1043 Illustrissimi
1630 1008 1660 1050 ξ.
1680 1007 1826 1041 ulti1na“

67 1066 226 1108 ('„Germ.
254 1067 337 1111 Sup.
364 1066 476 1100 Fund.
503 1066 538 1099 I“
568 1066 591 1099 f.
624 1066 735 1108 16111).

182 1125 338 1160 Exstant
373 1126 487 1159 adhuc
520 1125 626 1159 huius
652 1125 969 1169 ·²·³·„Motuproprio“
1001 1126 1170 1168 quattuor
1196 1123 1340 1157 diversa
1368 1120 1642 1159 commentaria;
1681 1131 1828 1163 quorum

64 1179 133 1214 duo
159 1179 273 1224 prima
300 1190 320 1213 a
342 1178 514 1213 cardinali
534 1178 770 1212 Truchsessio
797 1182 833 1211 et
851 1189 871 1211 a
889 1177 1044 1211 Polanco
1070 1176 1194 1210 multis
1219 1176 1307 1210 locis
1334 1177 1495 1209 correcta
1521 1176 1624 1212 sunt;
1650 1173 1685 1207 in
1705 1174 1832 1217 quarto

64 1233 226 1278 pontifex
252 1233 295 1266 de
320 1232 493 1266 aedificiis
519 1231 729 1276 reparandis
755 1243 796 1265 ac
822 1231 945 1264 multis
967 1229 1207 1273 (nummariis)
1232 1228 1464 1272 colligendis:
1496 1228 1683 1271 „Ceterum
1709 1226 1753 1260 ad
1779 1237 1831 1259 re-

65 1287 286 1331 parationem
322 1286 477 1320 omnium
514 1285 735 1319 edificiorum
764 1284 947 1318 Ecclesiae
983 1285 1019 1317 et
1044 1282 1223 1328 Auditorij
1252 1281 1402 1326 Collegij
1430 1282 1546 1316 sancti
1572 1279 1771 1314 Hieronimi
1796 1280 1833 1312 et

65 1340 312 1374 vniuersitatis
328 1367 334 1373 .
352 1367 358 1373 .
375 1367 381 1373 .
397 1341 514 1373 certos
540 1338 701 1372 redditus
728 1337 946 1372 constituere
972 1339 1009 1370 et
1026 1336 1206 1381 applicare
1225 1335 1376 1379 obligari
1395 1334 1601 1379 [cardinalis
1619 1330 1833 1375 Truchsess]

65 1393 190 1434 voluit,
221 1393 282 1427 Jta
306 1395 427 1427 tamen
452 1396 493 1426 ut
518 1403 641 1426 omnes
666 1394 862 1435 prouentus
889 1403 909 1424 a
936 1390 1140 1424 Scolaribus
1166 1401 1229 1434 per
1256 1388 1539 1423 Gubernatorem
1561 1415 1566 1420 .
1589 1416 1594 1420 .
1616 1415 1621 1420 .
1643 1385 1833 1429 colligendi

64 1447 100 1480 in
126 1446 387 1491 reparationem
414 1445 615 1480 huiusmodi
642 1447 898 1479 conuertantur
917 1471 924 1478 .
945 1471 952 1477 .
973 1457 998 1484 .;
1036 1454 1264 1477 successores
1298 1444 1338 1475 ut
1364 1441 1397 1475 id
1424 1441 1590 1475 similiter
1628 1440 1833 1484 prestarent

66 1500 194 1534 obnixe
220 1499 373 1543 rogauit,
401 1501 436 1533 et
461 1499 495 1533 id
523 1499 631 1532 etiam
658 1509 678 1532 a
703 1498 805 1531 nobis
833 1497 883 1531 eis
911 1498 1082 1540 quantum
1106 1496 1184 1530 fieri
1209 1497 1332 1540 posset
1350 1494 1590 1528 commendari
1609 1504 1833 1537 summopere

67 1553 261 1598 expetiuit“
294 1553 332 1595 (l.
361 1564 388 1586 c.
416 1553 441 1587 f.
471 1552 537 1587 184
564 1551 630 1586 201
660 1551 726 1586 207
755 1550 852 1594 208).
891 1550 1059 1584 Ceterum
1086 1549 1130 1583 cf.
1158 1560 1267 1593 supra
1292 1560 1325 1593 p.
1347 1547 1534 1582 308—310
1561 1547 1642 1581 375.

71 1709 165 1745 Ι715
193 1710 271 1744 sive
298 1707 391 1743 (lil.
413 1707 542 1753 (19).
618 1706 786 1742 Exeunte
812 1716 857 1741 m.
877 1705 970 1741 lulio
998 1707 1034 1741 et
1060 1704 1210 1741 ineunte
1236 1704 1402 1751 Augusto
1429 1703 1522 1739 1566.

189 1797 244 1831 Ex
271 1797 505 1842 autographo.
547 1797 608 1839 ,βα
636 1797 700 1841 Ep.
728 1796 815 1830 VIP‘
846 1796 870 1829 f.
899 1795 1129 1830 moa—221³.

192 1881 359 1914 Canisins
385 1881 602 1913 cardinalem
632 1883 871 1922 cmmustanum
901 1879 936 1911 in
959 1879 1131 1921 paranda
1149 1879 1283 1922 synodo
1302 1878 1457 1910 adiurat.
1504 1877 1693 1918 Collessinm
1721 1875 1832 1908 herbi-

67 1935 216 1977 polense.
267 1935 501 1967 Is'm'tationes.
556 1934 694 1967 Ccmz'sii
718 1934 890 1965 valetudo.

188 2023 236 2064 P.
267 2023 547 2064 leeodoricus
582 2023 795 2075 Canisius,
843 2022 1130 2062 mziversitatis
1173 2025 1207 2061 et
1249 2021 1407 2074 colleyiz'
1440 2020 1653 2072 ‹tesslinyaness
1687 2024 1831 2071 rector,

70 2088 248 2141 Dilinqa
288 2090 356 2129 25.
390 2088 493 2128 Iulii
537 2089 652 2129 1566
693 2088 736 2128 S.
766 2087 998 2128 Francisco
1041 2086 1224 2140 Boryzae
1270 2085 1507 2140 praeposito
1552 2084 1740 2138 yenerali
1783 2083 1834 2124 de

73 2152 156 2192 PP.
182 2152 440 2206 Hieronymo
472 2151 625 2194 Nande
657 2152 869 2193 visitatore
902 2156 937 2192 et
960 2152 1084 2192 Petro
1110 2151 1283 2192 Canisio
1311 2150 1551 2204 praeposito
1581 2149 1834 2202 provinciali

72 2218 252 2258 rettulit:
292 2216 337 2258 P.
361 2216 535 2258 Natalis
570 2252 575 2257 .
605 2252 609 2257 .
638 2251 645 2258 .
681 2215 881 2258 discessit
921 2215 1020 2256 hinc
1061 2215 1103 2256 in
1137 2214 1361 2256 Austriam
1405 2216 1459 2254 22
1492 2213 1609 2266 Julij.
1637 2248 1643 2254 .
1671 2249 1678 2255 .
1706 2248 1713 2255 .
1748 2212 1833 2254 Re-

71 2281 231 2323 mansit
272 2280 340 2322 hic
383 2284 509 2334 pater
552 2281 831 2334 prouincialis
875 2283 1053 2335 propter
1096 2279 1319 2332 negotium
1365 2278 1517 2332 synodi
1564 2278 1832 2327 diocesanae‚

70 2360 198 2399 quam
223 2345 621 2387 Reuerendissimus
654 2349 803 2388 noster
835 2346 888 2387 ad
922 2345 1163 2399 proximum
1198 2344 1489 2398 septembrem
1511 2343 1699 2384 indicere
1722 2342 1834 2384 velle

71 2411 284 2453 videtur3.
338 2411 496 2452 Missus
530 2413 596 2452 est
626 2411 798 2453 interim
831 2411 876 2453 P.
901 2411 1122 2452 Johannes
1145 2409 1426 2458 Rabenstain‚
1461 2408 1634 2460 Regens
1656 2407 1834 2460 Collegij

72 2476 219 2518 Sancti
252 2475 519 2528 Hieronymi,
563 2475 829 2529 Herbipolin,
873 2478 921 2517 vt
953 2475 1101 2516 videat
1134 2489 1216 2528 quo
1250 2474 1292 2515 in
1334 2474 1427 2515 loco
1461 2473 1548 2514 sint
1589 2486 1658 2514 res
1700 2472 1835 2514 futuri

70 2540 185 2582 illius
218 2540 408 2594 Collegij.
472 2539 577 2581 Post
609 2540 700 2581 eius
732 2540 917 2582 reditum
952 2540 1144 2581 discedet
1175 2540 1273 2580 hinc
1310 2541 1436 2592 pater
1469 2537 1746 2591 prouincialis
1780 2537 1832 2578 ad

72 2605 289 2647 visitanda
321 2604 524 2658 Collegia.
588 2604 824 2646 Laborauit
864 2605 976 2646 idem
1018 2608 1144 2658 pater
1185 2604 1371 2645 aduersa
1403 2601 1652 2643 valetudine
1686 2601 1835 2642 diebus

73 2670 378 2724 superioribus,
411 2669 485 2710 sed
518 2669 650 2711 habet
683 2684 794 2710 nunc
827 2669 994 2712 melius.

191 2768 356 2803 Canisius
382 2768 526 2810 Dilinga
552 2766 813 2810 Ingolstadium
840 2765 939 2799 venit
965 2767 997 2799 9.
1027 2766 1179 2807 Augusti
1212 2765 1319 2804 1566;
1348 2764 1428 2798 vide
1456 2775 1564 2808 supra
1590 2775 1622 2808 p.
1651 2763 1729 2798 295.

191 2866 218 2892 a)
243 2862 311 2885 Tria
335 2868 374 2884 rr.
394 2868 452 2891 sqq.
473 2868 490 2883 (ι
510 2860 634 2884 ΙὌΖιυινο
656 2859 684 2882 in,
706 2859 836 2889 maryine
857 2859 960 2882 addim
982 2861 1057 2882 snat.
1151 2857 1178 2882 b·
1209 2862 1286 2887 Quae
1313 2862 1484 2888 sequuntur.
1513 2865 1598 2888 usque·
1626 2856 1662 2880 ml
1689 2853 1835 2881 Jnhibeat

74 2904 154 2933 esci„
174 2911 190 2926 a
215 2904 272 2927 1¹01:
293 2902 396 2926 «uldila
417 2904 492 2925 sunt.

198 3055 204 3073 ¹
232 3053 358 3086 Bullae
384 3053 463 3086 Iulii
491 3052 559 3092 lli:
589 3063 695 3096 quam
724 3053 842 3096 posuit
869 3053 993 3095 hym-ht
1022 3052 1042 3085 l.
1071 3065 1100 3085 c.
1128 3052 1327 3086 609--613,

194 3113 206 3132 ²
232 3111 438 3145 Castellinio
465 3112 567 3152 data:
594 3111 676 3144 vide
703 3122 808 3155 supra
838 3122 868 3155 p.
897 3111 964 3145 ,3022
993 3110 1070 3144 622.

197 3173 208 3189 ³²
234 3170 400 3214 Synodus
425 3171 568 3204 tandem
598 3170 719 3204 habita
747 3173 801 3203 cst
829 3170 993 3213 Dilingae
1021 3182 1050 3203 a.
1083 3170 1189 3203 1:367:
1220 3169 1300 3202 vide
1329 3169 1421 3202 infra
1447 3169 1638 3204 111011.7:24.
