2077 3461
228 206 363 236 XXXVI
771 197 814 231 Il.
842 195 1063 230 Prooemium
1090 190 1283 226 voluminis
1308 188 1433 233 quinti.

228 321 411 366 scriptum,
453 330 557 363 quam
593 317 636 351 de
671 313 930 360 quinquaginta
963 309 1093 354 quietis
1127 311 1163 342 et
1197 307 1330 340 virtute
1356 303 1546 349 praeditis;
1581 302 1631 335 ita
1665 300 1793 334 accidit
1827 299 1863 332 in
1892 297 1975 331 visi-

228 374 422 408 tationibus
448 370 743 405 monasteriorum
776 369 811 400 et
836 364 1105 410 parochiamnu
1142 361 1202 400 ita,
1236 358 1306 392 nisi
1331 357 1445 397 fallor,
1473 355 1579 389 etiam
1609 355 1645 387 in
1670 351 1885 397 reipublicae
1919 349 1977 383 ad-

229 425 502 460 ministratione.
545 423 736 463 Praeterea
759 419 798 452 P.
817 418 1058 460 Hieronymus
1075 412 1226 453 Natalis,
1253 410 1311 454 qui
1330 409 1553 453 germanicas
1570 407 1759 441 Societatis
1776 402 1979 449 provincias

231 478 443 523 compluries
468 475 643 515 visitavit,
670 474 736 507 hoc
762 470 952 515 aliquando
979 467 1136 501 notavit:
1173 466 1260 498 Cum
1286 463 1328 496 de
1360 462 1465 495 rebus
1495 459 1765 502 hominibusque
1792 454 1980 490 Societatis

231 532 274 566 ad
300 530 540 576 praepositum
567 525 769 570 generalem
795 521 1021 557 referendum
1047 521 1153 559 esset,
1180 517 1307 551 Patres
1335 514 1515 549 Canisium
1548 517 1583 546 et
1608 512 1779 545 Lanoium
1804 509 1844 543 P.
1870 509 1979 542 Leon-

230 584 315 618 ardo
342 582 469 616 Kessel
503 580 631 615 rectori
666 576 858 612 coloniensi
892 573 1087 608 contrarios
1113 582 1203 605 esse.
1253 569 1358 602 Hunc
1395 567 1509 610 „laeta
1543 565 1660 599 omnia
1691 563 1864 602 scribere3
1900 561 1980 595 illos

231 638 306 671 fere
332 635 492 672 tristia“;
521 632 715 668 curandum
740 630 852 673 igitur
877 628 963 668 fore,
990 637 1033 659 ne
1058 625 1095 658 in
1126 623 1354 665 „alterutram
1380 623 1518 666 partem
1546 620 1667 652 essent
1691 615 1808 650 niinii“
1819 616 1840 649 ¹.

351 688 452 722 Unde
477 687 595 727 fiebat,
622 687 660 718 ut
687 684 721 716 in
748 680 940 716 Germania
965 677 1147 721 superiore
1174 675 1368 720 pauciores,
1395 684 1501 717 quam
1526 673 1562 706 in
1587 670 1735 714 reliquis
1759 668 1874 702 tribus
1896 666 1982 701 Ger-

233 742 371 776 maniae
397 739 599 786 provinciis,
625 735 766 771 sodales
791 732 907 767 idonei
932 732 1224 767 maturescerent,
1250 728 1370 773 plures
1388 725 1601 771 praepositis
1623 733 1754 766 graves
1771 720 1982 763 molestique

233 798 355 829 essent
388 793 446 827 vel
480 792 587 826 etiam
623 802 643 823 a
678 788 854 822 Societate
889 784 1156 819 desciscerent?
1207 782 1377 815 Proceres
1412 778 1601 813 Societatis
1635 776 1837 810 libertatem
1870 772 1982 806 immi·

234 848 391 882 nuebant
428 846 487 889 (65
523 844 589 878 349
627 842 731 883 724„
770 839 1001 881 collegiorum
1036 838 1193 870 rectores
1228 833 1346 868 officio
1380 843 1506 877 parum
1540 831 1642 864 erant
1677 827 1751 873 apti
1788 826 1909 871 (329);
1949 827 1984 858 et

233 903 391 935 rectores
426 904 461 932 et
495 898 743 942 praeceptores
777 902 884 936 saepe
919 889 1150 923 mutabantur
1177 887 1262 931 (329
1288 887 1394 928 497);
1431 884 1663 919 mittebantur
1700 882 1734 915 in
1763 877 1982 925 provinciam

234 953 406 993 homines,
433 952 493 995 qui
520 950 561 983 ad
589 948 758 993 pietatem
784 945 820 978 in
846 942 1007 977 tirocinio
1031 942 1120 975 satis
1138 940 1294 974 instituti
1319 951 1388 973 non
1415 942 1517 972 erant
1543 936 1664 980 (279);
1691 946 1712 968 a
1730 932 1842 967 Sociis
1859 942 1983 977 parum

235 1005 407 1050 temporis
433 1002 582 1038 orationi
609 1000 759 1034 dabatur
787 997 908 1041 (357);
944 1006 1014 1029 una
1040 994 1191 1037 denique
1217 1005 1262 1027 ex
1287 993 1406 1027 causis
1431 990 1632 1036 praecipuis
1658 988 1746 1021 haec
1771 988 1858 1027 erat,
1893 984 1983 1028 quod

237 1060 401 1093 Uanisius
426 1054 651 1102 praepositus
668 1049 899 1097 provincialis
917 1047 1192 1091 congregatione
1210 1045 1369 1089 generali
1387 1042 1587 1082 Societatis,
1613 1039 1851 1084 legationibus
1874 1036 1985 1082 ponti-

237 1112 336 1151 ficiis,
369 1109 520 1144 comitiis
547 1107 695 1151 imperii,
732 1102 985 1138 contionatoris
1019 1111 1165 1134 munere
1191 1098 1460 1143 impediebatur,
1491 1095 1678 1140 quominus
1704 1091 1855 1134 collegia
1879 1101 1987 1134 saepe

238 1164 409 1197 inviseret
435 1162 680 1205 reliquamque
706 1168 827 1192 curam
854 1155 929 1189 suis
955 1154 1111 1188 debitam
1130 1151 1352 1196 impenderet
1380 1150 1463 1192 (572
1490 1149 1587 1191 839).
1622 1146 1723 1180 Hanc
1746 1143 1987 1179 calamitatem

240 1216 403 1251 Canisius
438 1216 512 1259 ipse
547 1215 691 1257 pectore
717 1208 959 1255 persentiebat
987 1207 1097 1249 (276).
1148 1205 1196 1238 Ut
1230 1203 1472 1248 superioribus
1498 1201 1601 1235 annis
1626 1210 1734 1243 saepe
1759 1198 1905 1236 fecerat,
1939 1195 1990 1228 ita

239 1281 284 1303 m.
305 1268 392 1302 Iulio
418 1280 448 1302 a.
472 1267 559 1301 1566
586 1264 826 1310 praepositum
854 1258 1057 1303 generalem
1084 1258 1295 1298 obsecravit,
1332 1259 1371 1290 ut
1405 1267 1443 1289 se
1475 1253 1677 1299 provinciae
1703 1262 1807 1285 onere
1832 1249 1989 1283 levaret:

240 1334 278 1356 se
305 1333 349 1355 ex
375 1320 565 1354 multorum
594 1327 765 1352 annorum
792 1312 1047 1359 experimentis
1065 1311 1167 1351 scire,
1188 1321 1294 1354 quam
1314 1309 1358 1343 ad
1376 1309 1410 1342 id
1429 1308 1586 1341 officium
1603 1306 1700 1339 esset
1717 1304 1858 1347 ineptus
1878 1301 1990 1344 (276).

241 1374 390 1417 Borgias
416 1373 454 1407 P.
472 1371 613 1406 Natalis
639 1368 838 1403 visitatoris
855 1365 1001 1400 arbitrio
1027 1375 1101 1398 rem
1129 1365 1358 1408 permiserat;
1386 1361 1492 1395 huius
1517 1360 1657 1393 animus
1677 1356 1828 1390 multum
1845 1354 1991 1388 inclina-

241 1428 304 1461 bat
329 1428 364 1460 in
390 1425 645 1459 Theodoricum
672 1421 854 1456 Canisium
881 1421 1055 1453 rectorem
1090 1417 1322 1460 dilinganum‚
1357 1415 1417 1458 qui
1447 1414 1553 1447 Petro
1584 1412 1695 1445 fratre
1720 1409 1852 1442 Romae
1888 1408 1923 1440 et
1956 1406 1992 1439 in

243 1479 469 1523 VVestphalia
487 1480 523 1511 et
540 1477 575 1510 in
594 1475 747 1510 comitiis
773 1472 985 1516 augustanis
1008 1473 1176 1504 versante
1194 1466 1531 1512 viceprovincialem
1549 1467 1672 1507 egerat
1692 1462 1776 1506 (108
1805 1460 1899 1502 189),
1918 1470 1993 1503 pro-

244 1532 432 1567 vincialem
459 1528 756 1567 constituendum,
796 1537 863 1569 quo
889 1524 1032 1558 facilius
1058 1523 1188 1556 Petrus
1214 1521 1420 1561 contionari,
1454 1518 1620 1558 scribere,
1648 1519 1749 1549 extra
1774 1512 1994 1559 provinciam

246 1584 463 1630 peregrinari
490 1585 610 1628 posset
639 1581 722 1623 (220
749 1580 852 1621 837);
880 1589 961 1612 cum
985 1588 1071 1610 vero
1097 1576 1274 1609 neminem
1300 1573 1457 1613 haberet,
1484 1582 1590 1615 quem
1614 1581 1677 1615 pro
1703 1567 1920 1601 Theodorico
1938 1564 1995 1598 Di—

245 1638 399 1681 linganis
417 1640 590 1670 rectorem
609 1634 719 1674 daret,
739 1636 774 1666 et
792 1632 859 1665 duo
878 1631 939 1664 illa
957 1640 1105 1663 munera
1124 1629 1166 1662 ab
1187 1640 1261 1668 uno,
1274 1624 1517 1661 administrari
1535 1623 1599 1657 vix
1616 1622 1674 1656 vel
1696 1633 1741 1655 ne
1766 1620 1828 1653 vix
1855 1618 1993 1662 quidem

247 1702 351 1736 posse
386 1690 546 1726 vidisset.
583 1688 727 1720 Petrum
756 1684 935 1718 Canisium
970 1683 1006 1716 in
1040 1681 1269 1726 provincialis
1296 1679 1412 1713 officio
1438 1675 1663 1712 confirmavit
1692 1673 1775 1717 (572
1801 1672 1899 1715 839),
1933 1671 1995 1705 sed

250 1744 450 1778 contionum
477 1743 662 1783 Augustae
689 1740 724 1772 in
749 1737 882 1781 templo
908 1735 1106 1770 cathedrali
1132 1733 1373 1768 habendarum
1400 1741 1544 1765 munere
1569 1728 1738 1763 liberavit
1765 1725 1879 1769 (288).

368 1797 399 1830 3.
427 1795 502 1828 Hoc
528 1794 694 1827 volumen
730 1791 773 1824 ad
801 1789 936 1824 Canisii
966 1789 1151 1822 historiam
1186 1785 1467 1830 cognoscendam
1493 1782 1586 1817 haud
1613 1780 1738 1815 inutile
1773 1790 1862 1818 esse,
1896 1777 1996 1813 satis,

252 1854 353 1895 puto,
385 1849 454 1882 iam
492 1849 607 1892 patet;
650 1846 742 1878 idem
778 1843 885 1877 etiam
924 1842 967 1875 ad
1003 1841 1198 1875 fabulas
1234 1838 1508 1873 canisianas
1543 1833 1806 1878 cognoscendas
1838 1830 1997 1864 nonnihil

251 1902 357 1936 valet.
402 1900 591 1944 Complura
617 1898 718 1932 annis
740 1895 968 1930 1565—1567
997 1895 1040 1927 de
1059 1893 1199 1927 Canisio
1226 1892 1387 1926 fabulose
1404 1889 1651 1924 narrabantur.
1690 1886 1821 1919 Romae
1838 1886 1998 1928 tempore

252 1953 540 1999 congregationis
566 1950 754 1995 generalis,
788 1960 808 1982 a
834 1959 903 1991 qua
930 1947 1195 1981 S.F1·anciscus
1220 1946 1371 1988 Borgias
1398 1943 1533 1977 electus
1559 1943 1614 1974 est
1640 1938 1828 1973 Societatis
1853 1947 1998 1981 praepo-

253 2009 345 2042 situs
379 2006 567 2051 generalis,
594 2004 765 2043 ferebant,
798 2002 833 2034 in
868 2000 1119 2042 suffragiorum
1154 1999 1285 2033 lat-ione
1315 1998 1382 2031 duo
1409 1994 1580 2037 suffragia
1605 1993 1642 2026 in
1668 1991 1849 2026 Canisium
1874 2000 1999 2023 conve-

254 2062 348 2095 nisse
384 2060 497 2102 (741).
549 2056 660 2090 Ρ31110
694 2057 775 2100 post
812 2054 847 2087 in
881 2053 1072 2087 Germania
1103 2063 1223 2085 rumor
1255 2053 1343 2091 erat,
1375 2048 1555 2083 Canisium
1591 2045 1702 2079 Roma
1734 2056 1754 2078 a
1780 2043 1843 2076 Pio
1869 2042 1929 2076 lV.
1965 2041 2000 2074 in

257 2113 483 2148 Germaniam
509 2110 614 2150 mitti,
639 2110 679 2142 ut
697 2107 1002 2150 archiepiscopum
1029 2104 1265 2138 coloniensem
1293 2105 1328 2136 et
1346 2103 1549 2146 episcopum
1568 2099 1820 2141 frisingensem
1837 2095 1913 2129 loco
1930 2106 2000 2128 mo-

255 2169 355 2200 veret
384 2165 497 2209 (648).
533 2166 633 2196 Auno
661 2161 749 2195 1565
777 2160 917 2193 Flacius
935 2158 1102 2202 illyricus
1127 2157 1337 2190 lutheranus
1363 2157 1502 2193 iterum,
1530 2156 1566 2186 et
1591 2151 1745 2186 crassius
1762 2159 1868 2193 quam
1886 2149 2001 2183 antea.

255 2220 354 2264 typis
388 2216 552 2260 vulgavit
587 2213 888 2248 narratiunculam
914 2211 1023 2251 illam,
1059 2210 1114 2244 cui
1149 2221 1192 2243 ne
1226 2212 1311 2242 tunc
1338 2207 1478 2251 quidem
1510 2206 1598 2239 fides
1624 2203 1857 2238 adhibebatur
1887 2200 1956 2233 nisi
1982 2211 2001 2233 a

258 2271 464 2317 perpaucis:
493 2268 673 2302 Canisium
700 2278 730 2300 a.
753 2266 838 2299 1557
860 2265 1067 2306 Moguntiae
1093 2274 1171 2296 cum
1191 2262 1373 2296 abbatissa
1391 2260 1542 2303 quadam
1562 2260 1723 2301 stuprum
1741 2254 1870 2288 fecisse
1891 2253 2002 2296 (796).

375 2323 466 2358 Aliis
500 2322 631 2356 fabulis
666 2319 856 2354 canisianis
891 2321 964 2350 tres
1000 2316 1064 2350 hos
1090 2316 1185 2349 vitae
1212 2314 1344 2349 Canisii
1371 2324 1480 2347 annos
1511 2310 1670 2346 historici
1695 2308 1815 2352 aliqui,
1848 2307 2002 2339 maxime

259 2377 445 2422 biographi
471 2376 625 2419 quidam,
652 2373 893 2417 asperserunt.
935 2369 1024 2403 Nolo
1050 2380 1135 2403 sane
1161 2379 1281 2401 omnes
1308 2366 1440 2400 Canisii
1468 2363 1680 2408 biographos
1705 2363 1885 2399 incusare:
1913 2369 2003 2392 com-

262 2432 382 2476 plures
401 2440 479 2463 cum
506 2431 666 2461 recentes
691 2430 767 2459 turn
791 2423 928 2467 antiqui
953 2424 988 2456 in
1006 2422 1130 2466 paucis
1147 2424 1286 2454 tantum
1305 2419 1420 2459 rebus,
1447 2419 1482 2451 in
1508 2417 1636 2461 quibus
1654 2426 1771 2449 errare
1788 2412 1893 2446 facile
1919 2415 2005 2451 erat,

261 2484 487 2521 erraverunt;
519 2483 559 2513 ut
593 2490 673 2512 cum
700 2477 878 2511 Canisium
914 2476 949 2509 in
981 2475 1159 2517 legatione
1195 2473 1255 2506 illa
1290 2471 1471 2516 pontificia
1505 2469 1672 2503 Treveris
1706 2467 1816 2500 fuisse
1851 2465 2003 2509 primum

262 2536 423 2571 narravit
461 2533 671 2567 Franciscus
706 2529 917 2568 Sacchinus,
959 2528 1084 2561 deinde
1120 2526 1339 2570 scripserunt
1373 2524 1495 2563 Riess,
1539 2522 1687 2562 Garcia,
1728 2519 1828 2560 Alet‚
1869 2517 2004 2557 Ε1111811,

263 2590 398 2628 Drews,
431 2586 566 2626 Ranke,
594 2586 749 2623 hausen,
777 2582 854 2622 alii;
881 2592 969 2624 quos
995 2591 1126 2620 omnes,
1161 2580 1191 2612 si
1226 2590 1298 2611 rem
1334 2576 1536 2611 accuratius
1566 2572 1802 2617 indagaveris,
1837 2582 1899 2615 per
1925 2570 2004 2604 Sac-

264 2642 404 2676 chinnm
431 2640 466 2673 in
493 2649 645 2672 errorem
664 2637 827 2670 inductos
845 2646 922 2668 esse
941 2634 1135 2677 comperies
1155 2632 1267 2674 (689).
1309 2631 1405 2663 idem
1431 2641 1500 2663 non
1522 2627 1635 2662 solum
1652 2624 1857 2669 biographis
1875 2623 2006 2660 multis,

265 2695 325 2728 sed
346 2693 450 2727 etiam
471 2691 632 2726 omnibus
650 2689 747 2723 urbis
766 2690 801 2721 et
819 2687 1044 2731 episcopatus
1064 2684 1340 2727 osnaburgensis
1358 2682 1548 2722 historicis,
1567 2679 1760 2717 catholicis,
1778 2676 2006 2721 protestanti-

265 2749 340 2788 bus,
367 2745 506 2785 accidit,
541 2755 619 2777 cum
647 2741 826 2776 Canisium
852 2740 888 2773 in
914 2739 1036 2773 eadem
1070 2737 1247 2781 legatione
1273 2735 1474 2778 Osnaburgi
1510 2733 1690 2767 contiones
1719 2730 1886 2764 habuisse
1912 2728 2006 2762 affir-

267 2801 423 2838 marent;
452 2798 494 2831 ad
520 2797 624 2830 unius
650 2794 813 2829 Sacchini
832 2796 987 2826 erratum
1006 2791 1144 2834 reliqua
1162 2790 1278 2823 omnia
1296 2788 1511 2821 reducuntur
1532 2783 1760 2829 (668—671).
1803 2782 2007 2821 Sacamum,

267 2856 308 2887 ut
342 2854 417 2885 erat
452 2850 558 2883 italus
592 2858 780 2890 rerumque
815 2846 1097 2888 germanicarum
1136 2842 1230 2875 haud
1256 2841 1305 2875 ita
1331 2840 1539 2883 singillatim
1575 2847 1716 2880 gnarus,
1751 2836 1867 2869 fontes
1900 2835 2009 2868 bonos

269 2905 362 2939 haud
389 2904 476 2937 bene
503 2905 557 2935 est
582 2902 856 2944 interpretatus:
883 2898 1056 2937 sumebat,
1083 2907 1124 2929 ea
1150 2897 1267 2928 aetate
1293 2893 1577 2937 archiepiscopos
1598 2895 1823 2923 treverenses
1841 2888 2008 2921 Treveris

272 2959 355 3000 (non
382 2955 677 2997 Confluentibus)‚
714 2953 897 2997 episcopos
932 2949 1213 2992 osnaburgenses
1240 2946 1441 2988 Osnaburgi
1473 2946 1556 2986 (non
1582 2941 1852 2984 Furstenaviae)
1890 2941 2009 2974 sedem

270 3010 448 3044 habuisse.
499 3007 705 3051 Complures
740 3017 785 3038 ex
812 3002 1015 3047 biographis
1040 3001 1241 3035 recentibus
1267 2999 1333 3032 hoc
1358 3009 1496 3041 quoque
1521 2995 1674 3030 addunt:
1709 2994 1872 3028 Canisius
1899 2992 2010 3026 Osna-

270 3063 374 3106 burgi
399 3060 671 3106 protestantium
698 3058 969 3096 contionatores,
997 3055 1112 3099 palam
1132 3064 1211 3087 cum
1229 3052 1273 3085 iis
1291 3051 1513 3095 disputando,
1540 3047 1767 3082 conturbavit
1787 3049 1821 3079 et
1840 3045 2009 3079 confudit.

394 3169 403 3187 ¹
429 3165 608 3210 Epistolae
635 3164 672 3197 P.
700 3163 908 3205 Hz‘eronymi
933 3161 1053 3194 Nadal
1078 3159 1137 3199 IV,
1165 3157 1300 3191 Matrini
1329 3156 1426 3196 1905,
1454 3155 1531 3189 623.
