2077 3461
246 197 330 238 216
796 194 897 230 1300.
925 194 1089 229 Canisius
1114 194 1296 229 Leonardo
1324 194 1463 230 Kessel.

244 317 345 357 cant
386 313 619 367 sapientes,
663 316 835 355 tamena
865 338 923 342 —
964 312 1256 355 orationibusb
1297 313 1593 355 incumbamus
1626 316 1674 356 vt
1715 313 1833 367 digni
1875 313 2007 355 simus

245 377 399 431 fugere
430 377 546 418 mala
579 390 689 430 quae
721 380 822 420 sunt
853 391 958 431 prae
990 377 1192 419 foribus1.

360 441 587 484 Fabricam
629 441 806 496 Collegij
848 455 1151 496 promonemus
1195 441 1418 496 Dilingae,
1465 442 1537 484 vbi
1580 443 1815 496 tranquille
1859 442 2007 485 schola

244 506 452 561 procedit.

359 571 583 625 Lauingae
615 572 792 614 schola2
828 571 1092 622 dissoluitur,
1127 574 1175 614 vt
1208 571 1417 614 audimus.

360 636 506 691 RediJ't
538 637 630 678 heri
662 638 713 680 D.
738 636 978 678 Cardinalis
1009 640 1158 679 noster
1190 651 1285 678 cum
1326 651 1367 691 p.
1391 636 1555 680 Aloisio
1593 651 1670 679 suo
1712 637 2006 679 confessario3

242 702 465 755 multaque
498 701 714 755 promittit
746 701 988 754 Dilingensi
1021 701 1224 754 Collegio.

359 766 734 820 Nouiomagenses
766 766 933 808 vtinam
976 766 1092 819 digni
1134 766 1280 808 forent
1320 767 1392 819 qui
1425 781 1450 809 a
1481 766 1642 809 nostris
1684 766 1814 809 etiam
1854 765 2005 820 paucis

241 830 553 873 adiuuarentur
565 832 593 873 4.
657 831 857 873 Messis
898 830 985 873 illic
1017 831 1221 873 multa5
1254 832 1459 886 suppetit,
1502 832 1614 874 sicut
1646 834 1690 874 et
1722 830 2005 873 dauentriae6

241 895 428 949 alibique
460 895 503 937 in
536 896 726 949 Belgica.

358 962 423 1002 De
455 974 657 1002 successu
690 963 733 1003 et
765 975 1000 1015 progressu
1023 960 1202 1014 Collegij
1225 961 1362 1004 vestri
1395 975 1479 1004 non
1512 975 1739 1016 possumus
1761 974 1846 1002 non
1877 973 2003 1013 prae-

241 1025 358 1067 clara
380 1039 569 1079 sperare.
610 1026 805 1068 Vincetis
828 1026 1122 1080 proculdubio,
1145 1026 1298 1068 fauent
1313 1026 1437 1068 vobis
1459 1026 1633 1081 patroni
1656 1025 1768 1080 apud
1792 1024 1968 1067 coelites
1980 1030 2003 1074 ⁰,

241 1092 285 1132 et
325 1093 514 1133 tentat
557 1091 871 1144 probatque
912 1105 1007 1133 vos
1049 1091 1325 1133 dominus?
1366 1105 1495 1146 super
1526 1094 1702 1134 terram.

357 1169 562 1209 paramus
594 1155 917 1198 Confessionem
949 1155 1314 1209 Augustinianam
1327 1157 1356 1207 8,
1390 1157 1433 1199 id
1467 1159 1534 1199 est
1565 1170 1621 1199 ex
1653 1155 1873 1210 augustini
1905 1168 2003 1196 sen-

240 1219 390 1274 tentijs
424 1223 690 1271 contextam,
725 1221 935 1263 aduersus
968 1224 1271 1274 augustanam.

357 1285 577 1339 pergimus
609 1285 677 1327 hic
709 1286 968 1329 concionari.

357 1350 573 1405 principes
617 1351 866 1393 consultant
910 1350 1036 1393 serio.
1113 1351 1287 1393 Caesari
1335 1351 1558 1405 suppetias
1605 1352 1748 1393 ferent
1794 1349 2002 1392 aduersus

238 1415 474 1457 maximum
507 1418 658 1458 turcae
690 1416 912 1470 impetum.

357 1481 421 1522 De
454 1480 661 1534 religione
694 1480 751 1523 sit
774 1494 827 1522 ne
849 1481 1126 1523 tractandum
1159 1481 1239 1523 hoc
1261 1484 1457 1535 tempore
1480 1481 1716 1531 dubitatur,
1750 1480 1825 1522 sed
1856 1478 2002 1521 breuid

241 1558 562 1598 cognoscemus.

358 1610 585 1663 Augustae
619 1612 672 1652 29
706 1611 853 1664 Martij
893 1612 1018 1653 1566.

1596 1685 1636 1724 p.
1672 1669 1880 1712 Canisius.

359 1745 388 1779 1.
422 1745 475 1778 Ad
512 1756 616 1788 quem
651 1745 739 1779 haec
775 1745 929 1790 epistula
965 1745 1048 1779 data
1083 1748 1190 1787 esset,
1227 1745 1310 1779 huic
1345 1746 1550 1790 apographo
1585 1757 1654 1779 non
1690 1747 1743 1778 est
1780 1745 2000 1778 adnotatum.

238 1797 326 1831 Eam
353 1797 397 1831 ad
423 1798 625 1832 Kesselium
652 1799 771 1832 datam
800 1801 833 1832 et
861 1799 904 1832 ab
932 1798 1008 1839 hoc,
1044 1810 1123 1833 cum
1151 1800 1184 1832 in
1213 1799 1369 1833 codicem
1396 1798 1708 1838 transcriberetur,
1734 1797 1895 1832 nonnihil
1922 1807 2001 1830 con—

236 1853 390 1884 tractam
426 1862 505 1885 esse
531 1862 658 1885 censeo
690 1851 847 1896 perinde,
885 1863 925 1885 ac
952 1851 993 1885 de
1021 1851 1177 1895 epistula
1203 1864 1235 1886 n.
1267 1852 1356 1885 1272
1383 1852 1476 1892 dixi;
1513 1852 1594 1885 vide
1621 1863 1730 1896 supra
1757 1863 1789 1896 p.
1818 1851 1895 1884 154.
1946 1850 2000 1882 Ac

237 1903 366 1938 Kessel
392 1903 534 1948 quidem
561 1904 806 1949 apographum
832 1905 883 1938 ita
909 1905 1111 1949 inscripsit:
1142 1905 1328 1947 „Calendis
1355 1905 1480 1950 aprilis
1506 1907 1661 1948 augusta
1683 1905 1771 1938 1566
1791 1903 1999 1941 Canisius“;

237 1959 398 1991 attamen
424 1957 615 2001 epistulam
634 1958 690 1992 29.
709 1958 828 1991 Martii
852 1958 951 1995 1566,
979 1970 1084 2002 quem
1112 1959 1204 1992 diem
1223 1959 1352 1992 Kessel
1369 1958 1576 2003 apographo
1594 1958 1770 2003 epistulae
1788 1956 2002 2000 subscripsit

237 2011 315 2044 sive
341 2010 519 2055 ascripsit,
546 2011 666 2044 datam
694 2022 773 2045 esse
800 2011 976 2045 existimo.
1028 2011 1119 2045 Nam
1148 2012 1329 2046 Canisius:
1361 2012 1535 2057 „Redijt“,
1572 2013 1696 2055 inquit,
1738 2011 1833 2053 „heri
1855 2010 1897 2044 D.
1918 2010 2000 2044 Car-

238 2063 367 2098 dinalis
401 2066 524 2097 noster
559 2075 639 2097 cum
665 2075 698 2108 p.
725 2064 903 2100 Aloisi0“:
941 2064 976 2098 hi
1012 2067 1132 2098 autem
1170 2065 1225 2099 28.
1252 2065 1373 2099 Martii
1400 2065 1603 2108 Augustam
1640 2065 1882 2105 advenerunt;
1917 2063 1999 2097 vide

238 2116 325 2161 Epp.
354 2118 475 2150 Nadal
500 2116 551 2150 ΙΙΙ
576 2117 620 2150 47
649 2120 685 2151 et
716 2118 836 2151 Turba
862 2117 884 2151 1.
903 2129 931 2152 c.
951 2118 1001 2151 III
1029 2119 1106 2152 316.
1149 2118 1274 2162 Neque
1301 2119 1430 2159 obstat.
1458 2118 1550 2162 quod
1577 2119 1780 2152 Fridericus
1806 2117 1867 2151 ΠΙ.
1894 2116 1997 2151 Pala-

357 2187 384 2217 a)
406 2187 545 2218 Sequitur
563 2194 588 2211 v.
608 2187 759 2213 obscurius
778 2188 928 2220 scriptum.
1011 2188 1042 2219 b)
1063 2188 1227 2222 sapientes.
1265 2188 1462 2214 Orationibus
1482 2190 1517 2214 H.
1601 2191 1626 2220 c)
1654 2190 1689 2213 H.
1711 2189 1814 2213 omisit.
1835 2190 1851 2212 2
1879 2196 1918 2212 vr.
1939 2196 1998 2219 sqq.

239 2227 268 2259 d)
291 2227 385 2254 breue
406 2229 441 2253 K.

361 2327 370 2345 ¹
397 2324 450 2358 Cf.
477 2325 526 2358 Lc
552 2325 608 2364 21,
636 2325 691 2359 36.

357 2376 370 2395 2
396 2377 681 2412 Lutheranorum
718 2378 947 2422 gymnasium
983 2378 1236 2419 academicum,
1271 2379 1338 2412 sub
1364 2390 1396 2412 a.
1426 2379 1511 2412 1561
1541 2390 1561 2412 a
1588 2378 1807 2421 WVolfgango
1835 2377 1998 2411 Palatino

238 2431 327 2464 duce
353 2430 593 2473 neoburgensi
620 2431 804 2474 Lauingae
834 2430 1050 2474 (Lauingen)
1079 2443 1186 2476 prope
1211 2431 1393 2475 Dilingam
1420 2431 1619 2472 conditum3
1648 2431 1693 2465 cf.
1724 2432 1809 2464 Can.
1836 2429 1886 2463 lV
1914 2431 1998 2464 1342

238 2482 317 2518 386.
345 2485 576 2527 lVtoycmyus
601 2496 621 2517 a
648 2485 810 2517 Ko'teritz
835 2483 1026 2527 Neoburgo
1057 2482 1115 2526 (ad
1143 2484 1364 2527 Danuvium)
1392 2485 1448 2519 28.
1475 2484 1611 2529 Aprilis
1640 2484 1729 2518 1568
1754 2483 1877 2516 Ioanni
1903 2483 1996 2517 Mar-

236 2535 363 2571 bachio
380 2537 545 2570 ministro
563 2537 842 2581 protestantium
859 2538 1207 2579 argentoratensium
1223 2537 1385 2582 scripsit:
1409 2538 1567 2579 „Unsere
1582 2536 1711 2571 Schuel
1728 2548 1771 2570 zu
1786 2536 1995 2580 Lauhingen

238 2589 424 2624 conficitur
449 2589 701 2623 altercatione“
733 2589 807 2633 (Jo.
834 2591 1011 2633 Feclztz'ns,
1048 2590 1228 2624 Historiae
1260 2590 1538 2625 Ecclesiasticae
1564 2589 1681 2624 Seculi
1708 2601 1738 2623 a.
1765 2588 1808 2623 N.
1836 2589 1872 2623 C.
1900 2590 1997 2624 XVI.

237 2642 529 2688 Supplementum
552 2669 558 2676 .
579 2669 586 2676 .
606 2642 871 2686 Theologorum
889 2642 1062 2687 Epistolis
1081 2671 1088 2678 .
1109 2670 1116 2677 .
1136 2646 1315 2683 constans,
1338 2644 1563 2678 Francofurti
1583 2645 1618 2677 et
1635 2643 1758 2687 Spirae
1779 2642 1879 2684 1684,
1899 2643 1997 2687 268).

356 2696 368 2715 ³
394 2695 595 2729 Cardinalis
621 2695 706 2729 Otto
734 2695 933 2730 Truchsess
969 2707 1049 2730 cum
1076 2696 1116 2730 P.
1142 2696 1291 2740 Aloysio
1321 2697 1399 2730 sive
1426 2696 1604 2730 Ludovico
1631 2696 1673 2729 de
1698 2695 1871 2729 Mendoza
1898 2695 1931 2730 S.
1962 2696 1993 2730 J.

241 2747 297 2789 (de
324 2760 393 2792 quo
424 2749 509 2782 Can.
536 2747 587 2781 IV
613 2748 830 2791 312—314).

356 2802 368 2820 4
394 2801 484 2835 Vide
510 2812 619 2846 supra
645 2813 678 2846 p.
706 2801 784 2836 203.
931 2802 943 2821 ⁵
969 2802 1024 2835 Mt
1049 2802 1080 2843 9,
1108 2802 1162 2836 37.
1215 2802 1263 2836 Lc
1293 2802 1343 2843 10,
1372 2803 1403 2836 2.

355 2855 367 2873 ⁶
394 2854 432 2888 P.
452 2855 670 2888 Francisczcs
700 2855 863 2888 Costerus
889 2854 922 2888 8.
947 2855 978 2888 J.
1007 2866 1039 2889 a.
1067 2855 1157 2889 1566
1186 2855 1219 2889 8.
1248 2855 1437 2889 Francisco
1465 2854 1615 2898 Borgiae
1642 2854 1834 2897 *scripsitz
1865 2854 1994 2895 „Pater

237 2905 392 2939 Joannes
418 2907 585 2941 Astensis
611 2907 654 2941 ab
681 2907 782 2941 initio
809 2907 996 2941 Aduentus
1032 2919 1144 2951 usque
1170 2908 1214 2942 ad
1240 2908 1390 2949 Pascha,
1416 2907 1633 2941 Dauentriae
1659 2906 1902 2941 comcionatus
1928 2909 1993 2949 est,

235 2968 305 2990 non
330 2958 406 2991 sine
432 2959 588 2993 maximo
614 2960 747 2994 fructu.
797 2960 1021 2994 Reformauit
1047 2961 1182 2994 clerum
1203 2988 1208 2994 .
1230 2988 1237 2995 .
1257 2988 1264 2995 .
1317 2960 1453 2994 Ciuitas
1480 2959 1587 2993 etiam
1621 2959 1701 3003 ipsa
1735 2958 1867 3003 alioqui
1903 2972 1992 3004 pene

236 3009 370 3043 infecta
395 3011 465 3044 iam
491 3011 618 3045 melius
644 3012 772 3046 habe&
798 3017 858 3055 (ex
885 3013 991 3055 imag.
1016 3013 1179 3057 photogr.
1206 3013 1312 3047 huius
1337 3013 1538 3046 litterarum
1565 3011 1712 3055 capitis;
1740 3012 1833 3054 quod
1860 3013 1994 3046 Romae

237 3073 281 3095 ex
307 3061 501 3106 archetypo
528 3065 749 3108 exscriptum
777 3068 842 3100 est.
898 3066 956 3107 „E.
977 3065 1013 3099 C.
1041 3066 1093 3099 II“
1124 3078 1155 3100 n.
1187 3067 1282 3108 168).

356 3115 369 3134 '¹
394 3115 442 3148 Dt
470 3115 523 3155 13,
550 3116 581 3149 3.
632 3117 680 3150 Ps
706 3117 761 3158 25,
789 3118 829 3157 2;
857 3118 902 3151 cf.
930 3117 985 3152 Gn
1012 3119 1068 3161 22,
1097 3119 1139 3159 1;
1166 3118 1213 3152 Ps
1243 3118 1319 3158 138,
1348 3118 1386 3158 1;
1415 3118 1495 3161 Sap.
1522 3117 1553 3158 3,
1581 3118 1601 3150 5
1628 3118 1694 3150 etc.

357 3167 368 3185 ἢ
395 3166 497 3200 Hanc
523 3167 561 3201 P.
589 3167 831 3213 Hieronymus
857 3170 1044 3204 Torrensis
1071 3170 1104 3204 8.
1133 3171 1165 3205 J.
1192 3171 1344 3215 primum
1372 3170 1481 3203 edidit
1511 3169 1671 3212 Dilingae
1698 3180 1729 3203 a.
1760 3171 1859 3204 1567.
