2045 3471
341 202 442 237 1360.
470 201 634 236 Canisius
660 200 842 235 Leonardo
868 198 1006 234 Kessel.
1057 197 1244 232 Monachio
1272 197 1303 230 2.
1328 195 1405 231 Oct.
1427 196 1528 230 1566.
1725 195 1809 236 325

56 322 263 366 Dominus
297 320 523 364 Germanis
554 319 715 362 nostris
747 319 900 361 adesse
933 317 1147 371 dignetur,
1190 319 1239 358 vt
1280 316 1332 357 de
1374 328 1420 356 se
1451 313 1579 368 ipsis³
1609 312 1811 355 humilius

55 387 246 431 sentiant
287 389 331 429 et
370 386 413 427 in
455 400 561 428 vera
597 383 875 439 simplicitate
913 378 1212 435 consistan[t,]
1255 394 1351 422 cum
1392 393 1438 421 se
1470 378 1619 420 vident
1650 377 1812 430 aliquid

54 453 98 496 in
131 452 418 495 contionando
451 451 611 494 valere.

173 518 337 559 Doctor
377 516 537 558 Paulus
580 514 703 557 auxit
744 514 791 557 P.
828 511 1061 566 Schorichij
1105 509 1387 559 auditorium,
1441 512 1484 551 et
1525 521 1728 562 magnam
1768 507 1812 549 in

55 583 135 626 hoc
167 596 344 624 munere
384 581 554 623 laudem
590 579 798 622 obtinet1.
862 577 1072 620 Dominus
1103 589 1225 618 suam
1258 573 1380 616 nobis
1417 573 1604 626 gratiam
1639 574 1811 626 augeat,

55 651 104 691 vt
136 647 232 701 alijs
265 646 391 689 simul
414 649 458 689 et
480 645 603 687 nobis
635 644 739 698 ipsis
772 643 978 698 prodesse
1010 641 1224 696 possimus
1255 653 1333 694 per
1355 638 1566 681 sacrificia
1589 640 1632 680 et
1663 650 1813 691 preces

55 714 98 755 P.
124 713 176 755 V.
201 726 252 754 ac
283 710 418 755 totius
451 709 686 752 societatis.
735 708 905 750 Monaci
939 709 993 750 28
1018 706 1233 760 Septemb.
1262 706 1386 746 1566.

949 779 1107 821 Seruus
1139 777 1182 818 in
1215 775 1384 819 Christo
1416 775 1462 818 Ρ.
1486 773 1695 816 Canisius.

173 855 200 907 ἦ·
232 853 476 895 Admodum
516 851 770 892 Reuerendo
812 850 855 892 in
897 849 1066 891 Christo
1108 847 1237 902 patri,
1281 847 1326 889 P.
1359 844 1590 888 Francisco
1628 843 1815 897 Borgiae

56 919 309 974 Praeposito
342 917 536 971 generali
570 915 801 958 Societatis
833 915 987 957 JESV.
1049 914 1225 955 Romae.

174 1006 325 1050 Borgias
351 1004 493 1040 Canisio
519 1003 702 1048 respondit
729 1002 785 1037 26.
813 1001 979 1036 Octobris
1008 1001 1108 1036 1566.

57 1133 212 1170 1360.
312 1132 527 1169 CANISIUS
554 1131 615 1167 P.
642 1127 1014 1166 LEONARDO
1042 1126 1312 1164 KESSEL
1341 1126 1394 1162 S.
1422 1126 1493 1168 J..
1520 1125 1649 1160 rectori
1677 1124 1818 1168 collegii

247 1186 470 1221 coloniensis.
1198 1181 1386 1215 Monachio
1414 1180 1445 1215 2.
1474 1179 1640 1214 Octobris
1669 1179 1770 1212 1566.

176 1256 231 1291 Ex
265 1256 489 1301 autographo
518 1256 589 1297 (2⁰:
627 1256 692 1298 1¹,1'3
721 1266 797 1300 pp.;
833 1254 868 1288 in
904 1266 936 1299 p.
964 1254 986 1288 4
1012 1252 1197 1297 inscriptio
1234 1253 1269 1285 et
1294 1262 1377 1296 pars
1404 1249 1543 1294 sigilli).
1595 1248 1679 1284 cod.
1706 1248 1817 1282 colon.

60 1310 169 1355 „Epp.
195 1310 239 1344 ad
258 1310 360 1345 Kess.
380 1310 415 1343 Γ*
438 1310 462 1344 f.
483 1310 546 1344 181
573 1309 672 1352 (179)
694 1310 729 1342 et
755 1319 808 1352 sq.
827 1319 895 1342 non
923 1307 1014 1350 sign.
1057 1305 1266 1350 Complures
1293 1303 1468 1349 epistulae
1494 1305 1616 1348 partes
1634 1314 1679 1336 ex
1697 1301 1819 1336 eodem

60 1364 282 1409 autographo
308 1363 475 1406 vulgavit
501 1363 649 1397 Hcmsen
674 1362 697 1396 l.
724 1373 753 1395 c.
782 1360 860 1395 534.

176 1441 215 1474 P.
255 1441 408 1473 Natalis.
459 1440 699 1473 Icono‹·lastae
738 1439 775 1470 ἱη
813 1437 945 1480 Belyio.
997 1437 1081 1478 Spes
1116 1436 1157 1468 de
1194 1435 1354 1478 Philippa·
1380 1435 1430 1468 II.
1465 1434 1616 1467 adventu
1646 1436 1818 1475 concepta.

63 1495 281 1528 Coloniensis
315 1494 530 1536 reipublicae
562 1494 685 1535 pietas.
741 1491 948 1524 Carde'nalis
979 1488 1168 1522 Truehsess
1206 1488 1436 1522 Gebhardccm
1471 1491 1625 1530 nepotem
1655 1485 1820 1519 Coloniae

60 1551 151 1582 inter
186 1549 374 1581 canonicos
409 1550 711 1580 commoraturum
740 1544 926 1577 Sociorum
962 1554 1070 1576 cetrae
1106 1542 1334 1576 commendat.
1385 1542 1455 1574 Aes
1489 1541 1656 1573 alienum.
1708 1539 1821 1572 Soror

58 1602 165 1635 vidua
200 1601 340 1643 eiusque
372 1600 480 1641 filius.
531 1598 672 1632 Lea-his
708 1597 849 1641 „schola
878 1594 1079 1639 pestilens-‘st
1131 1595 1278 1628 Mortui.
1334 1595 1514 1635 Confessio
1540 1593 1819 1636 Aecyustiniana.

64 1655 211 1698 Tempus
245 1664 314 1687 non
350 1653 445 1686 (lebet
475 1653 584 1696 perde?
619 1651 809 1684 calumniis
835 1650 1048 1691 refutandis.
1099 1649 1290 1682 Exercitus
1326 1658 1512 1681 caesareus
1549 1648 1587 1679 in
1613 1645 1822 1687 Hunyaria.

63 1709 250 1742 Cantz'ones
271 1706 508 1750 yermam‘cae.

569 1777 661 1818 Pax
694 1773 851 1817 Christi
885 1773 1136 1815 Reuerende
1168 1776 1305 1827 pater.

178 1849 292 1899 Quas
325 1848 379 1890 ad
412 1862 480 1889 me
512 1847 711 1900 Augusto
744 1859 891 1887 mense
924 1844 1117 1895 dedistis,
1160 1843 1226 1885 his
1259 1843 1408 1885 diebus
1441 1842 1599 1896 accepi,
1644 1841 1743 1882 dum
1776 1839 1819 1882 in

60 1914 240 1968 collegio
281 1916 430 1956 nostro
464 1910 714 1954 Monacensi
755 1924 920 1960 uersor,
964 1909 1035 1951 ubi
1068 1910 1113 1952 P.
1138 1908 1420 1951 visitatoris2
1452 1922 1507 1949 ex
1540 1906 1719 1949 Austria
1750 1918 1819 1946 re-

60 1980 195 2023 ditum
226 1979 269 2021 in
302 1979 414 2021 diem
449 1980 646 2031 expecto.
702 1976 934 2030 Speramus
957 1974 1231 2017 Colonienses
1263 1987 1340 2028 pro
1373 1987 1452 2015 sua
1474 1971 1612 2015 ueteri
1645 1974 1689 2013 et
1718 1984 1819 2012 con-

60 2044 195 2088 stanti
226 2045 391 2099 pietate
423 2043 630 2093 facturos,
665 2044 712 2084 ut
744 2040 849 2082 nihil
881 2039 1130 2083 detrimenti
1163 2039 1379 2094 accipiant
1405 2052 1429 2080 a
1461 2037 1708 2080 foedissimo
1742 2049 1818 2077 ex—

61 2110 201 2164 emplo
244 2108 628 2156 Iconoclastarum,
672 2105 744 2160 qui
786 2105 829 2147 in
871 2104 1045 2159 templis
1087 2104 1276 2158 Belgicis
1317 2103 1478 2145 furiose
1520 2101 1817 2156 grassantur3.

60 2176 117 2217 Et
149 2189 204 2217 ex
235 2174 300 2216 his
324 2173 494 2226 quidem
517 2171 642 2215 malis
665 2185 869 2224 magnum
893 2172 938 2212 et
959 2170 1177 2224 publicum
1200 2169 1468 2212 commodum
1493 2168 1818 2210 consecuturum

59 2240 184 2282 multi
206 2239 488 2285 arbitrantur,
524 2251 620 2279 cum
644 2236 738 2278 Rex
762 2234 1000 2278 catholicus
1032 2235 1111 2277 has
1142 2235 1294 2277 turbas
1316 2234 1508 2276 nonnihil
1531 2230 1821 2286 composuerit

62 2319 207 2347 coram
221 2306 248 2347 4.
298 2304 477 2345 Annuas
501 2303 700 2344 uestras5
733 2301 920 2343 nondum
944 2301 1203 2354 accepimus,
1237 2302 1282 2341 et
1314 2302 1486 2341 nostras
1509 2297 1676 2351 quidem
1701 2294 1819 2337 breui

60 2369 285 2412 habebitis.
320 2369 552 2410 Confirmet
576 2366 936 2409 clementissimus
959 2365 1087 2415 Deus,
1117 2365 1229 2418 quod
1252 2364 1295 2406 in
1318 2377 1457 2406 messe
1480 2365 1626 2405 uestra
1649 2361 1821 2415 copiosa

60 2435 168 2477 bene
201 2433 404 2488 coepistis
428 2449 436 2474 :
462 2435 709 2486 augeatque
740 2431 863 2473 uobis
895 2430 1083 2484 gratiam
1107 2430 1221 2484 apud
1243 2429 1531 2478 Colonienses,
1566 2427 1618 2469 de
1641 2439 1818 2479 quorum

62 2499 152 2541 zelo
175 2499 217 2540 in
240 2498 402 2541 tuenda
423 2497 644 2551 religione,
679 2510 764 2538 non
791 2509 1018 2550 possumus
1041 2495 1164 2537 nobis
1188 2497 1232 2537 et
1255 2493 1463 2536 ecclesiae
1486 2506 1569 2534 non
1593 2489 1819 2545 gratulari.

180 2562 580 2606 Reuerendissimus
605 2561 845 2603 Cardinalis
878 2560 998 2602 breui
1032 2560 1179 2603 mittet
1211 2573 1333 2601 suum
1359 2561 1573 2612 nepotem,
1608 2556 1679 2609 qui
1707 2555 1820 2597 inter

65 2628 292 2672 canonicos
334 2627 485 2681 templi
530 2625 721 2680 primarij
770 2628 1061 2668 commoretur
1077 2626 1104 2667 ⁶.
1175 2624 1293 2666 Petit
1337 2626 1482 2665 autem
1527 2621 1733 2663 maiorem
1777 2620 1819 2661 in

183 2718 209 2745 a)
231 2716 276 2739 Ita
297 2714 413 2739 correxi
433 2722 468 2738 ea:
489 2713 566 2745 ipso,
586 2712 658 2744 quod
680 2714 748 2737 Can.
772 2713 840 2737 vitio
859 2713 965 2737 calami
981 2712 1090 2743 pos-nie.

188 2824 193 2841 ¹
222 2821 260 2854 P.
283 2820 414 2855 Paulus
441 2820 610 2853 Hoffaeus
637 2818 815 2852 Monachii
842 2819 878 2852 in
904 2818 1038 2862 templo
1065 2817 1317 2860 augustiniano
1345 2815 1625 2850 contionabatur.

183 2874 196 2894 ²
222 2873 431 2918 Hieronymi
456 2872 610 2907 Natalis.
756 2872 768 2891 ³
794 2871 885 2905 Vide
911 2882 1020 2915 supra
1045 2882 1077 2915 p.
1106 2870 1302 2904 318—319.

186 2929 197 2947 ⁴
225 2927 262 2961 Id
290 2927 397 2961 etiam
425 2925 618 2960 cardinalis
637 2924 832 2958 Granvella
859 2929 966 2967 atque
992 2923 1069 2967 ipse
1089 2922 1174 2956 Pius
1187 2922 1230 2956 V.
1259 2921 1486 2966 philippon.
1505 2920 1819 2955 commendabant:

68 2982 104 3014 at
130 2980 160 3014 is
185 2979 313 3014 maluit
338 2979 431 3013 domi
458 2990 602 3012 manere
639 2981 673 3011 et
700 2988 762 3022 per
788 2977 913 3010 ducem
941 2976 1053 3010 Albae
1081 2975 1202 3019 Belgis
1228 2975 1373 3009 caedem
1410 2977 1445 3008 et
1470 2974 1651 3008 horrorem
1678 2974 1818 3007 inferre.

186 3034 198 3052 ⁵
223 3031 379 3066 Litteras
405 3042 542 3066 annuas
569 3030 712 3073 collegii
739 3029 971 3066 coloniensis:
1000 3029 1081 3062 vide
1107 3039 1216 3072 supra
1243 3040 1274 3072 p.
1295 3027 1389 3062 289³.

188 3085 201 3104 ⁶
227 3085 438 3120 Gebhardus
465 3083 676 3123 Truchsess,
703 3095 733 3117 a.
752 3082 841 3116 1547
869 3093 914 3116 ex
942 3081 1132 3116 Guilielmo
1163 3081 1337 3123 „iuniore“
1367 3080 1478 3114 libero
1505 3080 1635 3114 barone
1661 3091 1681 3114 a
1699 3078 1821 3112 Wald-

68 3137 158 3181 burg
185 3138 446 3182 cardinalisque
473 3136 617 3171 Ottonis
644 3137 755 3170 fratre
781 3146 822 3169 ac
849 3135 981 3169 Ioanna
1008 3134 1190 3169 comitissa
1216 3145 1237 3168 a
1263 3133 1505 3177 Fui-stenherg
1531 3136 1639 3173 ortus,
1673 3144 1703 3166 a.
1733 3132 1819 3166 1561

69 3190 363 3234 metropolitanae
398 3190 572 3224 ecclesiae
610 3188 823 3223 coloniensis
861 3187 1109 3222 canonicatum
1147 3189 1276 3221 nactus
1312 3189 1389 3220 erat
1424 3186 1567 3228 (Ennen
1603 3186 1624 3220 l.
1652 3198 1679 3220 c.
1709 3185 1739 3219 V
1766 3185 1821 3227 7);
