2077 3461
266 194 318 233 14
752 189 851 225 1:200.
879 189 1043 224 Canisius
1070 189 1103 224 S.
1122 190 1313 224 Francisco
1339 190 1382 224 de
1407 190 1549 234 Borgia.

261 309 420 352 celauit
451 309 531 350 hoc
564 308 739 351 crimen.
803 308 886 350 Sed
918 308 1090 350 Domini
1121 308 1318 351 bonitate
1349 309 1514 351 factum
1547 312 1626 360 est,
1662 312 1710 351 ut
1741 310 1832 352 sine
1864 310 2016 362 turbis,

260 389 367 427 quas
407 374 728 424 metuebamus,
776 373 1089 427 proprietarius
1129 373 1202 414 ille
1243 373 1449 427 priuatim
1489 387 1515 415 a
1561 374 1782 428 superiore
1828 375 2017 418 monitus

258 438 500 492 resipuerit,
533 438 702 491 riteque
733 437 966 493 perfecerit
998 451 1109 490 quae
1142 438 1196 479 ad
1218 439 1416 479 votorum
1446 439 1771 481 renouationem
1803 442 2015 494 spectant.

376 503 562 545 Petrus1
593 502 895 552 Louaniensis,
939 502 1009 555 qui
1052 516 1147 543 cum
1188 501 1356 544 joanne
1390 503 1520 545 Viero
1560 502 1653 544 heri
1692 503 1913 557 profectus
1951 508 2018 546 est

258 568 453 618 Romam,
486 582 572 610 non
604 568 742 609 solum
773 567 855 616 hic,
889 567 964 608 sed
997 566 1127 608 etiam
1150 567 1412 621 Jngolstadij
1440 567 1616 610 nimium
1648 568 1758 609 liber
1788 568 1882 618 fuit,
1916 569 2016 611 dum

257 635 458 675 naturam
500 636 719 686 agrestem
760 634 805 674 et
835 631 973 673 feram
1007 631 1238 684 sequitura.
1302 632 1441 674 Valde
1479 646 1697 686 rogamus,
1730 635 1779 675 ut
1809 634 1864 675 ab
1895 633 2017 676 initio

257 699 529 752 deponantur
567 698 628 739 illi
670 698 833 739 Romae
875 710 1035 738 cornua
1049 696 1077 746 2,
1126 698 1258 750 utque
1300 696 1530 750 diligenter
1569 698 1776 751 probetur
1816 700 1861 740 et
1901 712 2016 741 com-

256 766 443 817 ponatur
482 763 562 804 hoc
594 762 811 815 ingenium
845 764 1000 814 suapte
1033 764 1187 815 sponte
1220 761 1450 803 barbarum
1485 764 1529 804 et
1559 762 1744 804 informe
1776 762 1896 814 satis,
1940 777 2014 805 ne-

257 842 339 881 que
381 828 529 871 statim
573 827 626 869 ad
667 827 811 869 studia
851 826 1135 879 ingrediatur.
1199 826 1408 868 Exhibuit
1449 829 1493 869 et
1533 827 1625 881 ipse
1664 827 1886 880 negotium
1927 828 2014 870 suis

257 907 387 947 saepe
419 892 689 934 Rectoribus.
753 892 915 933 Verum
957 891 1069 933 alter
1108 891 1248 934 frater
1288 891 1392 933 nihil
1433 891 1564 934 habet
1599 892 2012 946 reprehendendum,

259 958 331 1011 qui
363 961 407 1000 et
438 957 545 1012 pius,
581 960 624 999 et
656 955 874 998 studiosus
907 958 986 998 est.

375 1023 432 1066 M.
467 1021 712 1064 Gerardus3
748 1020 1031 1062 Louaniensis
1071 1020 1115 1061 in
1159 1021 1298 1062 classe
1330 1020 1490 1074 Logica
1531 1021 1657 1063 docet
1697 1021 1895 1072 feliciter,
1937 1022 2013 1064 sed

258 1087 371 1130 domi
402 1101 448 1129 se
480 1087 619 1141 ipsum
653 1086 765 1128 male
796 1085 922 1138 regit,
965 1088 1010 1127 et
1047 1085 1237 1128 natiuam
1276 1085 1319 1127 in
1350 1085 1576 1127 iudicando
1609 1089 1653 1128 et
1684 1086 1851 1140 agendo
1883 1087 2012 1129 liber-

254 1155 391 1195 tatem
423 1166 509 1194 non
540 1151 696 1193 vincit:
730 1150 843 1192 unde
874 1150 1044 1192 facilius
1077 1154 1293 1203 augentur
1324 1150 1385 1192 illi
1416 1151 1619 1205 scrupuli,
1653 1165 1884 1201 maerores,
1916 1154 2012 1193 ten-

252 1218 454 1267 tationes,
489 1216 642 1270 quibus
668 1230 754 1257 non
784 1229 937 1269 parum
969 1215 1188 1257 subiectus
1221 1229 1315 1256 esse
1348 1216 1471 1258 solet.
1525 1216 1606 1257 Hic
1639 1230 1807 1269 quoque
1840 1216 2010 1270 collegij

252 1282 440 1335 quietem
482 1281 660 1323 subinde
700 1281 940 1335 perturbat,
985 1280 1081 1321 dum
1124 1280 1300 1321 liberius
1332 1294 1463 1333 agere
1495 1281 1716 1333 multaque
1748 1281 1829 1322 sibi
1861 1284 2011 1323 contra

252 1360 498 1389 communes
530 1347 705 1398 regulas
746 1345 936 1399 permitti
970 1345 1087 1386 vult:
1129 1358 1267 1397 neque
1299 1348 1440 1387 tutum
1474 1348 1542 1387 est
1572 1345 1635 1386 illi
1666 1346 1804 1388 multa
1836 1360 2008 1399 negare,

252 1412 323 1465 qui
362 1412 490 1454 facile
530 1411 833 1465 perturbatur,
882 1410 963 1451 nisi
1005 1412 1220 1452 tractetur
1260 1410 1462 1452 molliter.
1535 1409 1744 1452 Dominus
1786 1412 2010 1454 confirmet

250 1477 412 1520 fratres
443 1477 486 1518 in
520 1480 702 1529 utroque
734 1475 906 1517 homine
937 1475 1187 1517 imbecillos.

369 1542 419 1584 D.
454 1542 642 1583 Thomas
683 1545 727 1584 et
759 1541 815 1583 M.
850 1540 1116 1582 Rauenstein
1159 1540 1272 1582 inter
1312 1554 1358 1581 se
1391 1540 1600 1582 dissident
1633 1540 1861 1593 aliquando
1894 1541 2009 1583 circa

251 1607 418 1660 collegij
452 1605 780 1660 Hieronijmiani
812 1605 1170 1659 gubernationem
1183 1607 1212 1655 4,
1254 1619 1393 1658 neque
1426 1605 1539 1648 alter
1570 1605 1696 1647 alteri
1727 1608 1898 1648 tantum
1929 1606 2007 1648 tri-

250 1672 342 1714 buit
383 1674 589 1725 quantum
631 1670 735 1725 parb
775 1673 855 1712 est.
926 1670 1020 1711 Hoc
1061 1670 1375 1712 incommodum
1418 1684 1471 1712 ex
1513 1670 1729 1712 differenti
1769 1670 2005 1723 utriusque,

249 1737 396 1779 suavis
419 1740 462 1779 et
485 1750 678 1786 severae,
712 1739 894 1778 naturae
916 1735 1085 1778 ratione
1107 1735 1362 1789 profectum,
1392 1735 1519 1776 facile
1540 1735 1636 1777 tolli
1656 1749 1782 1789 posse
1804 1735 2004 1789 putarim,

249 1802 284 1844 si
315 1802 545 1844 Rectorem
586 1801 796 1843 haberent
836 1800 1048 1854 aptiorem
1088 1800 1129 1841 in
1172 1800 1252 1842 hoc
1292 1800 1474 1853 collegio
1515 1800 1570 1842 ad
1608 1800 1821 1841 sedandos
1861 1800 2005 1842 huius-

249 1867 364 1909 modi
410 1869 552 1909 motus
600 1868 643 1908 et
690 1866 744 1908 ad
791 1865 969 1907 consilia
1014 1865 1056 1906 in
1104 1865 1232 1906 rebus
1279 1878 1410 1918 saepe
1455 1864 1661 1918 grauibus
1707 1865 2003 1918 impertienda.

250 1933 303 1975 D.
325 1932 512 1974 Thomas
544 1945 627 1972 non
661 1944 797 1983 aeque
829 1931 883 1972 ad
915 1930 1242 1983 gubernandum
1275 1930 1406 1977 valet,
1441 1943 1491 1971 ac
1512 1930 1569 1972 M.
1594 1929 1871 1979 Rabenstein‚
1905 1944 2004 1984 pro-

250 1998 340 2039 ficit
370 1999 517 2039 tamen
548 1996 590 2037 in
623 1996 703 2037 hac
728 1996 961 2045 functione,
995 1996 1128 2047 fitque
1150 1994 1323 2036 liberior
1345 1995 1458 2048 apud
1481 1994 1791 2045 adolescentes,
1824 2008 2004 2047 quorum

253 2076 356 2104 cura
396 2064 463 2104 est
504 2061 702 2114 Dilingae
744 2060 957 2102 difficilior
997 2059 1156 2114 partim
1198 2059 1251 2101 ob
1294 2059 1563 2100 immodicam
1606 2059 1799 2110 turbam,
1847 2059 2004 2113 partim

253 2127 305 2169 ob
338 2126 618 2180 praesentes5
661 2125 799 2167 adhuc
831 2128 1019 2175 exteros,
1062 2124 1134 2177 qui
1166 2127 1296 2166 antea
1327 2124 1623 2178 praefuerunt,
1666 2124 1822 2178 partim
1856 2125 1908 2165 ob
1940 2124 2005 2165 in-

251 2193 497 2234 veteratum
536 2204 698 2232 morem
742 2190 924 2243 collegij,
967 2189 1037 2242 qui
1079 2203 1180 2230 suas
1221 2188 1351 2231 etiam
1390 2188 1597 2242 spetiales
1628 2188 1748 2241 leges
1780 2188 1923 2231 adfert
1955 2203 2004 2230 ac

250 2257 440 2298 rationes
484 2255 718 2297 uiuendi06.
790 2254 929 2307 Igitur
969 2268 1052 2295 non
1093 2268 1245 2307 parum
1286 2253 1448 2306 negotij
1490 2253 1649 2295 nostris
1690 2253 1918 2295 exhibetur
1959 2252 2004 2295 in

249 2321 431 2374 collegio
453 2319 804 2373 Hieronymiano,
839 2319 950 2371 quod
982 2322 1029 2361 ut
1062 2319 1170 2360 bene
1197 2318 1498 2368 constituatur,
1532 2318 1697 2371 priores
1718 2317 1814 2359 illos
1846 2318 2003 2371 guber-

364 2419 392 2449 α)
414 2419 449 2443 In
469 2426 570 2449 maru„
592 2421 620 2441 ut
639 2425 748 2448 supra:
768 2416 822 2441 che
842 2416 940 2448 prima
960 2415 1056 2440 hauea
1077 2415 1113 2440 ad
1134 2414 1229 2441 hauer
1248 2415 1277 2440 la
1296 2414 1408 2440 facolta
1428 2415 1458 2440 et
1480 2415 1562 2441 chesi
1583 2413 1709 2442 aiutara.
1773 2415 1804 2447 b)
1825 2416 1872 2440 Ita
1893 2417 1920 2441 C.
1940 2416 2002 2447 ipse

246 2461 370 2485 correxit
398 2468 434 2485 ex
460 2459 515 2485 sat.
590 2460 615 2486 cs)
639 2460 673 2483 In
698 2466 789 2489 mwy.
810 2466 898 2482 manu
926 2466 1005 2488 rum„
1033 2461 1062 2481 ut
1089 2465 1198 2489 supra:
1223 2456 1276 2482 che
1301 2457 1423 2489 procuri
1449 2456 1478 2482 di
1504 2456 1632 2483 aiutarli.

368 2585 376 2604 ¹
402 2583 545 2622 Vranx;
574 2581 655 2615 vide
682 2593 790 2626 supra
815 2593 849 2625 p.
875 2582 908 2614 4.

363 2636 376 2656 ‘2
403 2635 583 2669 Canisium
615 2634 891 2679 „depositionem
919 2633 1109 2667 cornuum‘
1137 2633 1375 2674 „Beanoriuw'
1398 2644 1439 2666 ea
1465 2634 1583 2666 aetate
1609 2632 1781 2666 usitatam
1799 2632 2000 2675 significare

244 2701 288 2722 ex
314 2689 358 2722 iis
385 2700 476 2732 quae
502 2687 608 2731 paulo
634 2687 727 2721 infra
753 2688 961 2730 sequuntur,
990 2685 1197 2727 collegeris;
1235 2686 1277 2718 de
1304 2696 1373 2729 qua
1400 2685 1618 2730 depositione
1645 2685 1726 2718 vide
1752 2685 1846 2718 infra
1871 2695 1904 2728 p.
1931 2684 1998 2718 152.

363 2742 375 2761 3
400 2740 600 2781 Pastelius;
627 2740 709 2774 vide
739 2741 826 2774 Can.
852 2739 903 2772 IV
928 2739 997 2772 460
1025 2738 1103 2772 736.

361 2797 372 2814 ⁴
401 2793 439 2827 P.
467 2793 622 2827 Thomas
650 2793 880 2827 Darbishirus
907 2791 983 2825 sive
1005 2791 1185 2834 „Anglus“
1207 2790 1312 2824 huius
1339 2790 1560 2824 contubernii
1582 2790 1764 2833 „regens“‚
1790 2789 1829 2823 P.
1848 2789 1999 2823 Ioannes

242 2846 461 2880 Rabenstein
487 2847 646 2880 eiusdem
675 2846 911 2888 „subregens“
943 2847 1062 2884 erant;
1091 2844 1172 2877 vide
1202 2845 1287 2877 Can.
1315 2843 1365 2877 IV
1391 2845 1475 2878 599ι
1503 2843 1597 2877 762⁹.

361 2900 373 2918 ⁵
399 2899 521 2942 Usque
557 2899 600 2932 ad
635 2901 810 2933 aestatem
845 2898 903 2932 vel
929 2900 1139 2931 autumnum
1175 2909 1205 2931 a.
1238 2897 1327 2930 1564
1355 2896 1540 2931 Cornelius
1566 2894 1720 2929 Heerlen
1746 2906 1767 2927 a
1792 2894 1998 2935 Rosenthal,

242 2952 302 2995 qui
328 2952 435 2985 etiam
462 2951 709 2986 universitatis
734 2954 851 2985 rector
876 2951 1005 2991 fuerat,
1032 2949 1262 2984 contubernio
1280 2949 1363 2984 huic
1381 2950 1604 2994 praefuerat3
1631 2948 1714 2981 vide
1736 2947 1995 2986 Can.111283;

243 3003 293 3038 ΠΤ
320 3004 585 3098 69⁶4„S{3t5uta“
623 3057 701 3090 sive
735 3056 835 3098 leges
869 3056 975 3090 huius
1012 3055 1235 3090 contubernii
1270 3067 1300 3088 a.
1330 3055 1419 3089 1557
1456 3053 1500 3087 ab
1531 3052 1662 3086 Ottone
1698 3051 1869 3086 cardinali
1903 3052 1996 3086 latas

242 3110 356 3144 denuo
394 3109 560 3152 vulgavit
597 3109 720 3142 Thom.
748 3110 891 3152 Speeht,
932 3108 1147 3143 Geschichte
1187 3108 1247 3142 der
1286 3106 1510 3149 ehemaligen
1544 3104 1770 3140 Universitat
1803 3104 1995 3147 Dillingen,

244 3163 417 3204 Freiburg
443 3162 463 3195 i.
483 3161 541 3195 Br.
571 3161 672 3202 1902,
699 3161 896 3195 624—634.
