2045 3471
211 201 309 236 1395.
337 200 435 234 Hier.
453 199 595 234 Natalis
620 198 771 234 Canisio.
825 197 925 233 1396.
953 197 987 231 S.
1006 196 1219 230 Franciscus
1245 195 1288 229 de
1314 195 1444 239 Borgia
1472 194 1625 229 Canisio.
1739 196 1822 236 393

181 316 333 357 Natalis,
369 328 449 350 cum
476 316 532 350 20.
558 315 741 350 Februarii
771 315 861 350 1567
888 315 1024 360 priores
1058 313 1201 347 litteras
1227 313 1271 347 ad
1299 313 1465 356 Borgiam
1492 312 1603 352 daret,
1638 312 1823 355 ignorasse

64 370 216 411 videtur,
242 372 363 404 utrum
390 369 556 404 Canisius
574 368 796 414 Herbipolim
823 368 1006 413 profectus
1033 369 1128 400 esset
1154 377 1265 400 necne
1293 365 1391 408 (vide
1417 376 1526 410 supra
1551 377 1584 410 p.
1604 364 1702 407 385).
1741 363 1825 397 For—

62 426 160 457 tasse
186 422 298 466 igitur
323 421 466 456 litteras
491 422 706 462 canisianas,
742 432 832 465 quas
858 421 893 455 iu
920 419 1044 454 alteris
1070 419 1169 453 hisce
1195 418 1328 453 litteris
1355 420 1619 458 commemorat,
1654 416 1731 462 ipso
1757 416 1824 450 hoc

63 475 119 510 die
154 475 209 510 20.
237 475 432 516 Februarii,
474 486 554 509 cum
591 474 727 519 priores
767 473 849 508 illas
887 474 958 508 iam
996 472 1214 516 scripsisset,
1254 471 1412 515 accepit;
1450 470 1544 504 unde
1582 469 1823 510 coniectarim,

62 528 244 563 Canisium
271 527 427 570 Dilinga,
464 539 543 562 cum
579 527 655 561 fere
689 527 918 572 profecturus
952 528 1049 560 esset
1074 524 1307 569 Herbipolim,
1343 523 1465 558 Natali
1501 523 1708 568 scripsisse3
1744 533 1822 567 pro-

61 581 178 615 fectus
204 583 259 615 est
285 583 404 615 autem
431 580 537 625 paulo
561 582 642 625 post
668 580 824 614 medium
850 591 895 614 m.
915 578 1150 614 Februarium
1178 577 1273 621 [vide
1300 576 1393 610 infra
1418 587 1511 610 mon.
1538 576 1637 610 herb.
1665 574 1746 619 (8)].

181 634 314 668 Exstat
339 633 456 668 adhuc
473 635 745 667 *Fundationis
770 631 1030 678 herbipolensis
1057 630 1262 675 exemplum
1288 629 1466 674 quoddam
1493 628 1641 662 Romam
1669 628 1712 662 ad
1739 628 1822 661 Bor-

60 687 157 730 giam
186 687 301 731 (initio
328 699 359 722 a.
389 687 490 727 1567,
518 686 618 731 puto)
657 686 825 727 missum;
863 686 898 719 in
935 697 974 719 eo
1000 686 1214 719 Fridericus
1239 683 1428 728 episcopus
1454 684 1587 723 narrat,
1623 693 1661 716 se
1693 693 1713 715 a
1739 681 1822 715 sede

61 739 259 784 apostolica
284 739 493 774 monasterii
519 739 553 774 S.
581 739 734 782 Agnetis
760 739 796 772 in
823 739 1013 782 collegium
1041 737 1271 772 convertendi
1298 736 1511 770 facultatem
1537 734 1672 779 petisse
1699 736 1735 768 et
1760 734 1822 768 ali—

61 804 132 837 qua
168 793 203 827 in
231 805 270 827 eo
297 792 527 834 aedificasse;
563 792 778 826 monasterio
813 792 849 825 in
881 791 1098 826 Societatem
1124 789 1373 825 transferendo
1400 788 1616 828 assentitur3
1653 786 1822 821 Societati

60 846 222 881 aedificia
247 846 310 880 illa
336 846 466 886 donat;
502 845 689 890 promittit,
716 856 754 879 se
781 844 894 879 Sociis
921 846 957 879 et
981 843 1255 889 supellectilem,
1292 846 1328 877 et
1353 841 1525 887 quidquid
1551 842 1739 886 praeterea
1764 851 1822 874 ne—

60 900 256 934 cessarium
295 910 374 933 esse
412 898 592 939 duxerint,
627 898 984 933 subministraturum
1023 909 1064 932 ac
1099 897 1227 931 reditui
1265 908 1309 930 ex
1345 895 1562 930 monasterio
1597 892 1821 938 provenienti

59 954 200 987 tantum
235 952 440 986 additurum
476 963 565 993 esse,
601 953 642 985 ut
668 951 828 985 Societas
863 951 1054 995 quotannis
1084 951 1174 986 1500
1199 950 1353 984 florenos
1383 948 1534 989 habeat;
1569 950 1678 991 atque
1713 946 1821 980 etiam

59 1005 151 1040 hanc
185 1005 372 1050 pecuniam
409 1016 429 1039 a
463 1016 502 1039 se
537 1007 682 1038 auctum
719 1004 762 1038 iri
797 1005 901 1045 dicit;
938 1006 1043 1048 rogat
1078 1003 1229 1047 denique
1259 1002 1505 1048 praepositum
1531 999 1747 1045 generalem,
1782 1002 1822 1033 ut

60 1059 340 1094 contionatorem
367 1060 403 1092 et
427 1058 622 1101 magistros
648 1057 778 1099 mittat,
806 1059 842 1091 et
867 1059 988 1102 sperat
1015 1057 1230 1100 confiditque
1256 1056 1342 1097 fore,
1369 1058 1409 1089 ut
1431 1057 1514 1100 post
1537 1065 1668 1088 annum
1687 1052 1821 1087 alumni

58 1112 114 1147 sui
144 1111 444 1155 „gubernatores“
483 1123 529 1145 ex
563 1110 743 1145 Societate
769 1110 926 1144 habeant
954 1109 1107 1153 („Rhen.
1134 1109 1218 1154 Sup.
1245 1109 1356 1143 Fund.
1385 1108 1472 1143 Coll.
1500 1109 1541 1141 A.
1560 1107 1639 1141 VVJ‘
1670 1106 1694 1140 f.
1722 1105 1821 1148 253).

58 1226 209 1262 1395.
296 1226 357 1262 P.
382 1225 838 1263 HIERONYMUS
865 1224 1185 1267 NATALIS,
1213 1224 1404 1260 Societatis
1422 1224 1600 1265 visitator,
1620 1221 1819 1257 CANISIO.

1157 1278 1347 1322 Moguntia
1372 1278 1429 1314 20.
1455 1276 1642 1311 Februarii
1670 1276 1772 1310 1567.

176 1351 232 1385 Ex
257 1350 398 1385 Natalis
425 1351 470 1385 ad
495 1350 665 1394 Borgiam
693 1350 849 1395 epistula
875 1349 1083 1395 archetypa,
1111 1361 1201 1394 quae
1229 1352 1284 1383 est
1309 1349 1345 1382 in
1373 1348 1456 1383 Cod.
1487 1346 1589 1390 „EN“
1619 1357 1653 1380 n.
1682 1346 1759 1386 171,
1785 1347 1822 1379 et

57 1414 103 1438 ex
128 1403 329 1438 litterarum
357 1403 491 1438 Canisii
516 1403 672 1447 imagine
699 1403 994 1448 photographica,
1027 1403 1070 1437 de
1096 1414 1167 1447 qua
1193 1402 1286 1436 infra
1311 1413 1365 1446 ep.
1393 1413 1426 1435 11.
1455 1401 1557 1435 1406.
1607 1398 1748 1433 Natalis
1775 1398 1818 1431 ad

56 1457 225 1501 Borgiam
251 1457 406 1502 epistula
432 1459 554 1491 exstat
581 1458 688 1491 etiam
715 1457 750 1490 in
778 1456 866 1501 Epp.
895 1457 1018 1490 Nadal
1045 1456 1095 1490 ΙΙΙ
1123 1455 1320 1490 369-382,

179 1529 364 1562 Canisium
398 1529 515 1562 videre
549 1529 653 1572 iubet,
692 1539 776 1561 uum
810 1529 847 1561 in
882 1528 1037 1571 colleqiis
1070 1528 1188 1561 maior
1214 1527 1400 1560 Sociorum
1431 1535 1598 1559 ›iumerus
1624 1524 1675 1556 ali
1695 1523 1818 1566 possit,

57 1592 164 1626 quam
189 1583 230 1626 is,
265 1583 327 1625 qui
360 1582 511 1625 sinyulis
535 1584 582 1615 sit
607 1583 820 1625 assiynatus.
874 1582 925 1614 De
952 1579 1160 1625 „relapsis“,
1189 1581 1226 1614 P.
1253 1580 1363 1623 Fahe,
1395 1579 1533 1613 Canisii
1558 1577 1750 1611 laboribus.

174 1648 328 1691 Natalis,
360 1659 437 1681 cum
463 1659 496 1681 a.
526 1649 628 1689 1566,
663 1651 745 1690 quot
772 1647 894 1681 Socios
918 1647 1061 1690 sinyaecla
1091 1647 1306 1679 Germaniae
1330 1644 1529 1688 superioris
1555 1643 1698 1686 colleyia
1725 1642 1819 1674 alere

57 1705 87 1734 et
113 1702 199 1744 quid
224 1702 342 1734 eadem
368 1702 416 1734 ad
440 1702 547 1735 totius
567 1701 775 1743 provinciae
800 1702 953 1733 novicios
977 1699 1163 1733 Monaehii
1187 1699 1435 1732 sustentandos
1460 1697 1623 1738 conferre
1648 1695 1818 1737 deberent,

57 1754 289 1788 constituisset
313 1754 411 1796 [cide
437 1755 540 1796 infra
557 1764 650 1787 mon.
664 1765 740 1787 ταν.
757 1753 866 1795 (22)]
891 1758 920 1787 et
946 1755 982 1787 in
1011 1764 1048 1786 eo
1073 1754 1205 1795 scripto
1217 1764 1339 1796 pauca
1358 1752 1530 1795 quaedam
1545 1749 1700 1792 Boryiae
1711 1759 1818 1791 prae-

50 1808 168 1849 posito
191 1808 350 1850 yenerali
374 1808 493 1840 minus
512 1808 668 1850 probari
703 1818 745 1840 ea·
770 1807 923 1840 eiusdem
948 1808 1075 1840 litteris
1101 1807 1132 1839 8.
1160 1806 1333 1839 Ianuarii
1359 1807 1452 1838 1567
1486 1805 1580 1836 datis
1614 1807 1644 1835 et
1670 1804 1725 1835 20.
1752 1801 1818 1834 Fe-

57 1860 203 1894 bruarii
229 1864 321 1894 1567
354 1861 422 1894 sibi
456 1861 602 1894 traditis
628 1860 740 1903 (Epp.
768 1860 891 1893 Nadal
916 1860 982 1893 ΙΙΙ
1002 1862 1070 1892 363
1097 1860 1184 1899 375)
1220 1859 1456 1901 intelleoeisset,
1491 1857 1678 1899 Moyuntia
1704 1855 1818 1888 eodem

57 1915 90 1948 d.
116 1916 172 1948 20.
199 1915 397 1948 Februarii
422 1916 514 1947 1567
543 1914 695 1957 Boryicte
728 1914 823 1957 haec,
855 1917 999 1956 praeter
1033 1915 1107 1946 alia
1135 1914 1178 1954 (l.
1206 1924 1232 1946 c.
1261 1914 1362 1955 375),
1398 1911 1602 1954 respondit:
1642 1908 1722 1953 „Hb
1755 1909 1816 1951 qia

57 1967 139 2000 dato
175 1968 300 2001 ordine
325 1967 362 2000 (u
387 1967 543 2001 Maestro
572 1967 716 2001 Cauisio
753 1967 812 2000 che
846 1967 937 2000 ueda
971 1978 1006 2000 se
1030 1968 1062 2000 si
1081 1977 1246 2009 possono,
1280 1966 1427 1999 secondo
1453 1964 1512 1997 che
1546 1964 1582 1995 la
1617 1963 1817 2004 esperienza

57 2020 273 2064 muostrara,
299 2021 338 2054 in
365 2022 447 2064 oyni
472 2021 616 2063 colleyio
640 2024 837 2054 sustentare
858 2022 926 2063 piu
951 2021 991 2053 de
1017 2020 1125 2064 quelli
1151 2020 1211 2053 che
1235 2030 1321 2053 sono
1346 2017 1553 2052 nominati.“

175 2074 338 2107 Eandem
372 2075 568 2117 (pistillum,
599 2078 697 2116 puto,
733 2073 910 2116 siynificat
938 2074 1117 2117 Canisius,
1153 2084 1230 2106 cum
1265 2072 1453 2115 Herbipoli
1489 2074 1541 2105 10.
1569 2068 1699 2102 Martii
1728 2069 1817 2100 1567

58 2127 213 2169 Borye‘ae
238 2127 279 2160 de
304 2127 434 2160 Natale
467 2127 591 2161 scribit
627 2128 704 2167 (res
731 2137 839 2171 pono,
874 2137 945 2160 non
979 2127 1103 2167 verba)
1115 2139 1126 2160 .·
1167 2126 1287 2159 Censet
1320 2126 1525 2168 facultatem
1559 2123 1740 2156 hominum
1780 2122 1818 2153 iu

57 2179 232 2213 haeresim
257 2181 478 2223 relapsorum
507 2181 809 2223 absolvendorum,
844 2191 934 2223 quae
967 2191 989 2213 a
1017 2181 1183 2223 pontifice
1209 2189 1369 2212 concessa
1394 2180 1451 2221 sit,
1490 2175 1705 2210 Germaniae
1739 2183 1818 2206 con-

57 2234 222 2275 fessarii-s
247 2244 317 2267 non
342 2234 516 2276 sufficere.
566 2234 605 2268 P.
634 2233 777 2267 Petrum
803 2233 901 2267 Fahe
936 2234 1031 2266 bret-i
1057 2233 1280 2276 Herbipolim
1314 2237 1498 2265 venturum
1534 2241 1603 2263 esse
1631 2232 1736 2271 putat
1771 2227 1818 2259 ad

58 2288 234 2320 contiones
272 2288 310 2320 in
348 2287 489 2320 ecclesia
529 2287 727 2320 cathedrali
763 2287 953 2320 habendas.
1014 2287 1147 2320 Probat
1188 2286 1373 2320 Canisium
1410 2286 1529 2318 statim
1561 2286 1641 2326 post
1680 2279 1817 2314 Pascha

59 2340 247 2383 Herbipoli
271 2340 456 2381 Dilinaam
483 2341 602 2374 redire
628 2341 675 2373 ad
701 2341 920 2374 cardinalem
941 2340 1130 2373 Truchsess
1156 2340 1195 2372 in
1221 2339 1355 2383 synodo
1382 2339 1586 2371 dioecesana
1614 2334 1817 2368 iuccmdum.

59 2455 212 2492 1396.
321 2454 625 2492 SANCTUS
664 2454 1091 2491 FRANCISGUS
1131 2455 1222 2491 DE
1258 2452 1553 2495 BORGIA,
1592 2451 1818 2497 praepositus

273 2510 452 2554 generalis
479 2509 670 2544 Societatis
696 2509 789 2550 Iesu,
817 2508 1018 2544 CANISIO.
1235 2508 1348 2542 Roma
1374 2507 1430 2541 22.
1456 2505 1641 2540 Februarii
1668 2505 1769 2539 1567.

178 2578 235 2613 Ex
261 2579 436 2624 epistulae
455 2579 720 2622 commentario,
747 2579 840 2623 quod
860 2580 904 2614 ab
929 2579 1007 2624 ipso
1025 2579 1180 2613 Polanco
1199 2578 1391 2613 Societatis
1409 2576 1602 2611 secretario
1621 2577 1820 2609 correctum

61 2635 134 2673 est;
162 2632 196 2666 in
223 2633 396 2676 margine,
424 2633 548 2667 eadem
574 2644 702 2667 manu:
733 2634 922 2675 „Augusta
947 2632 1064 2667 Padre
1091 2632 1269 2667 Canisio“.
1313 2631 1396 2665 Cod.
1427 2630 1566 2672 „Germ.
1594 2629 1658 2663 65“
1688 2628 1712 2661 f.
1739 2627 1817 2661 226.

179 2703 265 2737 Visa
289 2708 371 2736 sunt
397 2704 530 2737 Romae
556 2705 674 2746 capita
699 2704 928 2745 fundationis
952 2704 1216 2747 herbipolensis.
1262 2704 1350 2736 Cum
1377 2702 1545 2735 Societati
1568 2712 1632 2744 per
1658 2701 1819 2734 constitu-

48 2756 170 2789 tiones
205 2767 276 2789 non
313 2757 415 2790 liceat
448 2768 483 2789 se
517 2757 556 2789 in
583 2757 842 2790 contionatores
876 2762 906 2790 et
931 2757 1124 2799 theoloqiae
1146 2758 1365 2799 professores
1391 2756 1638 2796 (cciziversitate
1664 2754 1819 2787 nondum

62 2810 269 2851 constituta)
296 2810 434 2843 (landos
460 2810 685 2853 obstriuyere,
712 2811 912 2843 curandum
939 2815 997 2853 est,
1028 2815 1065 2843 ut
1092 2811 1272 2852 episcopus
1292 2819 1362 2851 pro
1387 2809 1525 2840 ratione
1549 2808 1695 2848 reditus,
1722 2817 1821 2850 quem

63 2863 233 2906 assiynat,
271 2867 450 2897 contentus
483 2864 528 2895 sit
564 2863 716 2906 collefio,
755 2864 791 2896 in
829 2874 897 2906 quo
931 2864 1068 2896 litterae
1102 2863 1237 2896 latinae
1268 2871 1483 2904 yraecaeque
1508 2861 1726 2901 {mutamur-,-
1763 2871 1818 2892 esc-

60 2917 236 2958 perientia
270 2917 374 2949 etiam
400 2921 613 2959 compertum
639 2921 696 2957 est,
737 2927 794 2949 res
828 2917 952 2949 melius
986 2917 1178 2954 succedere,
1216 2915 1248 2948 si
1281 2926 1302 2946 a
1338 2914 1464 2947 scholis
1500 2914 1731 2956 inferioribus
1766 2914 1818 2946 in-

64 2968 230 3011 cipiatur,
267 2979 337 3002 non
372 2980 394 3002 a
423 2969 678 3012 philosophicis
713 2974 743 3002 et
777 2969 1001 3011 theoloyieis‚·
1031 2970 1239 3011 praesertim
1278 2978 1353 3000 eum
1389 2967 1557 3010 discipuli
1589 2968 1649 2999 rix
1683 2967 1730 2999 ad
1755 2966 1820 2999 has

62 3021 182 3062 futuri
206 3022 278 3054 sint
302 3022 433 3064 idonei,
468 3027 656 3065 antequam
683 3022 771 3055 duos
797 3026 904 3054 tresve
930 3032 1044 3053 cmznos
1071 3022 1144 3053 illis
1168 3031 1312 3063 operam
1337 3020 1521 3062 clederint;
1557 3024 1660 3064 atque
1686 3020 1819 3053 interea

65 3075 245 3117 episcopus
269 3075 484 3118 deliberabit,
510 3085 596 3109 uum
622 3075 888 3108 universitatem
912 3074 1068 3115 fundari
1093 3074 1276 3116 expediat,·
1298 3073 1519 3116 principium
1544 3077 1658 3106 tamen
1675 3073 1820 3115 aliquod

60 3125 315 3169 philosophiae,
341 3129 373 3160 si
398 3139 529 3161 necesse
555 3128 622 3160 erit
647 3128 794 3169 fierique
814 3128 959 3169 poterit,
985 3128 1090 3158 etiam
1111 3128 1219 3169 prius
1244 3127 1324 3168 siet,·
1349 3130 1377 3158 et
1397 3127 1562 3170 Societas,
1590 3127 1665 3159 licet
1691 3126 1819 3159 contio-

67 3180 201 3223 natori,
231 3182 459 3223 confessario,
485 3181 677 3223 theologiae
697 3180 898 3221 professori
921 3179 1132 3221 praebendis
1156 3190 1191 3211 se
1217 3179 1372 3222 οὸῖίμανε
1398 3185 1554 3222 nequeat,
1579 3184 1705 3223 tamen,
1732 3189 1820 3221 quae
