2045 3471
179 221 264 263 832
546 213 640 247 Mon.
660 209 845 246 888—889
872 207 949 242 sive
975 216 1052 240 var.
1074 201 1245 246 (8)-(9).
1281 199 1388 233 Initio
1414 209 1444 232 a.
1466 197 1567 231 1566.

179 349 222 372 ac
257 333 459 379 complures
485 329 699 366 Germaniae
734 326 919 372 episcopos
954 324 989 356 et
1024 320 1172 355 abbates
1206 315 1441 351 Truchsessio
1475 312 1736 356 Brendelioque
1771 309 1941 355 aequales

179 388 362 424 laudavit:
403 384 542 428 „Quis“,
576 382 704 427 inquit,
742 378 916 423 „lesuitas
953 375 1049 408 viros
1084 371 1258 407 sanctos‘?
1309 367 1396 410 Quis
1422 367 1577 401 Iesuitas
1603 364 1834 400 Orthodoxae
1859 362 1942 398 fidei

181 442 340 478 cultores
374 436 614 482 magnificos?
664 433 750 476 Quis
781 431 933 466 lesuitas
968 426 1109 473 pugiles
1143 435 1206 469 pro
1234 421 1423 458 CHRISTI
1458 419 1631 463 religione
1665 417 1838 457 inuictos,
1872 426 1942 450 non

182 492 421 530 miraretur?“
455 491 496 534 (f.
515 491 545 524 A
563 489 628 530 4³.)

186 597 298 634 888
325 598 403 632 sive
428 604 543 631 var.
564 590 667 637 (8).
741 587 812 623 Sub
838 585 1024 622 ineuntem
1050 591 1083 617 a.
1101 580 1195 617 1566.

305 669 361 703 Ex
387 663 620 709 autographo,
676 659 782 703 „GSC
809 658 873 692 66“
903 656 927 690 f.
954 666 1024 688 non
1049 653 1140 696 sign.
1168 653 1250 696 post
1274 649 1354 684 405.

306 740 345 773 P.
373 738 546 780 Hoffaezcs
570 737 685 767 rector
710 729 928 763 monacensis
961 726 999 758 P.
1032 723 1289 758 Theodoricum
1317 720 1503 754 Cauaseum
1528 721 1695 751 rectorem
1722 715 1945 756 dili'nya‘num

188 806 212 828 a
238 794 341 827 Petro
371 791 515 824 Cam‘se‘o
548 785 750 830 praeposito
779 779 1000 825 provinciali
1022 777 1152 820 pluris,
1187 785 1295 818 qnam
1319 777 1449 806 ceteros
1473 775 1633 813 rectores,
1667 769 1747 810 fieri
1773 766 1946 811 queritur,

190 857 299 891 neque
331 855 397 878 sua
433 853 509 875 cam
547 841 648 873 Petro
678 837 822 871 Canist'o
858 833 1120 867 communicare
1154 828 1237 862 vult.
1292 828 1411 868 Quare
1441 824 1689 865 Theodoricus,
1724 822 1801 854 licet
1835 819 1950 852 animi

190 899 403 934 conscientia
437 906 509 928 non
541 896 732 933 terreatur,
767 889 879 921 alium
910 887 1005 927 (loco
1031 884 1130 917 Petri
1153 881 1305 925 fratris)
1339 880 1408 912 sibi
1439 878 1616 921 praeponi
1649 875 1754 918 cupit.
1804 872 1951 915 Hoffaei

193 947 448 998 „Apologfflvffl
478 948 604 980 Petrus
632 944 800 978 Canise'us
825 941 941 973 alieno
966 939 1108 971 nomine
1133 935 1350 978 vulyandam
1375 943 1445 965 esse
1470 934 1590 964 censet.

314 1005 350 1037 P.
374 1000 612 1035 Theodora-ns
632 996 810 1037 Canisius,
833 992 1049 1026 Germaniae
1073 988 1273 1032 superioris
1296 984 1602 1028 viceprovincialis
1627 986 1657 1015 et
1683 980 1819 1022 collegii
1844 977 1952 1010 dilin-

189 1059 281 1103 9ani
296 1061 421 1098 rector,
440 1053 588 1094 Dilinya
606 1053 750 1083 exeunte
768 1059 811 1080 m.
832 1045 1016 1079 Decembri
1037 1045 1126 1077 1565
1152 1045 1203 1074 vet
1228 1042 1370 1073 *ineunte
1387 1049 1420 1072 α.
1434 1039 1526 1071 1566
1545 1037 1692 1069 Romam
1709 1034 1757 1066 ad
1776 1033 1813 1066 S.
1831 1031 1952 1064 Fran-

195 1114 323 1145 ciscum
342 1108 508 1150 Bormam
527 1104 768 1148 praepositum
784 1099 981 1143 9eneralem
998 1097 1092 1137 haec,
1115 1099 1264 1138 praeter
1282 1094 1369 1135 alia,
1388 1091 1523 1125 reltulc‘t
1541 1090 1582 1122 de
1599 1089 1638 1121 P.
1661 1087 1772 1120 Paulo
1791 1085 1952 1127 Hoffaeo,

194 1170 327 1199 rectore
353 1161 487 1203 eolleyii
512 1157 751 1191 monacensis.-
777 1151 907 1186 Audiui
928 1178 934 1185 .
955 1177 962 1184 .
982 1148 1148 1194 querelas
1167 1147 1243 1181 eius
1262 1146 1402 1189 aliquas
1421 1145 1545 1178 contra
1573 1141 1713 1175 modum
1740 1136 1954 1184 procedendi

196 1230 229 1263 p.
256 1213 486 1262 prouincialis
511 1209 627 1244 veluti
660 1207 722 1241 ille
757 1204 971 1250 quibusdam
1001 1202 1058 1245 (de
1085 1213 1141 1235 me
1167 1200 1300 1234 dictum
1337 1196 1516 1240 intelligo)
1553 1194 1705 1228 multum
1740 1190 1955 1234 indulgeret,

197 1274 232 1305 et
269 1281 331 1314 per
356 1266 474 1301 omnia
499 1262 712 1298 satisfacere
738 1259 909 1299 studeret,
944 1268 1014 1291 non
1047 1256 1133 1289 item
1159 1253 1241 1298 alijs
1268 1250 1491 1286 Rectoribus.
1543 1248 1631 1282 Cum
1658 1258 1704 1280 ex
1730 1245 1816 1279 vrbe
1842 1253 1956 1287 nuper

196 1322 400 1368 redijsset',
426 1318 518 1353 dixit
535 1316 622 1350 mihi
648 1326 686 1348 se
712 1312 820 1347 isthic
846 1312 1061 1355 impetrasse
1087 1310 1128 1342 vt
1153 1317 1291 1341 mecum
1318 1307 1459 1338 tantum
1487 1305 1523 1336 et
1548 1313 1618 1335 non
1644 1311 1723 1334 cum
1750 1300 1853 1343 patre
1879 1307 1956 1341 pro-

197 1375 343 1411 uinciali
369 1384 434 1408 sua
460 1368 748 1405 communicaret.
769 1393 776 1400 .
797 1393 804 1399 .
824 1392 831 1400 .
867 1361 1107 1408 Apologiam2
1133 1361 1203 1394 iam
1230 1358 1431 1393 absolutam
1457 1356 1501 1390 ad
1527 1366 1584 1389 me
1608 1353 1718 1395 misit,
1745 1351 1890 1390 addens,
1918 1350 1958 1381 vt

196 1430 295 1465 illam
323 1427 524 1465 retinerem,
561 1426 628 1457 etc.
655 1420 769 1457 mitto.
804 1419 932 1462 inquit,
968 1428 1009 1450 ac
1045 1415 1135 1449 dono
1169 1425 1236 1447 nec
1270 1412 1429 1456 recipere
1455 1409 1559 1454 cupio
1584 1407 1759 1451 scriptum
1795 1404 1837 1438 de
1864 1413 1958 1437 com-

200 1482 378 1518 munione.
427 1477 534 1521 Legit
568 1487 646 1510 eam
683 1473 721 1507 P.
748 1472 904 1506 Thomas
931 1469 1059 1505 Gallus
1094 1471 1131 1501 et
1166 1466 1304 1511 probat,
1339 1463 1492 1499 Dabitur
1527 1463 1563 1495 et
1588 1461 1627 1495 P.
1654 1456 1872 1493 Prouinciali
1897 1454 1958 1489 vbi

201 1535 356 1573 redierit,
392 1535 427 1567 et
453 1532 494 1566 D.
521 1529 671 1564 Peltano
697 1524 986 1561 examinanda⁸.
1012 1523 1051 1556 P.
1078 1518 1315 1556 Prouincialis
1340 1516 1484 1563 putauit
1509 1516 1553 1549 ad
1579 1513 1762 1559 proximas
1790 1510 1897 1554 (quae
1922 1508 1959 1542 in

201 1587 478 1634 quadragesima
513 1584 632 1624 erunt)
669 1580 848 1614 nundinas
885 1575 1201 1612 Francfordienses
1239 1571 1486 1606 excudendum
1522 1579 1601 1603 esse
1636 1567 1703 1600 hoc
1738 1562 1959 1609 opuseulum,

201 1643 264 1677 sed
292 1640 406 1674 alieno
431 1637 583 1672 nomine.
613 1662 620 1669 .
649 1662 656 1668 .
685 1661 692 1668 .
744 1633 873 1666 Fateor
899 1630 1090 1664 molestum
1117 1625 1307 1671 aliquando
1334 1623 1420 1658 mihi
1447 1622 1570 1662 fuisse,
1606 1620 1700 1664 quod
1726 1616 1898 1653 audierim
1923 1615 1961 1648 in

200 1695 331 1730 faciem
358 1692 443 1726 mihi
470 1690 549 1730 dici,
585 1687 677 1732 quod
705 1688 808 1732 pater
833 1682 1066 1730 prouincialis
1102 1692 1157 1715 me
1196 1681 1345 1713 fratrem
1371 1688 1473 1711 suum
1501 1675 1608 1709 nimis
1634 1677 1757 1707 tenere
1783 1670 1961 1713 diligeret,

202 1752 240 1782 et
265 1747 356 1792 quod
375 1749 450 1780 tam
476 1742 569 1788 apud
596 1741 695 1775 illum
716 1750 822 1783 quam
850 1737 944 1783 apud
963 1736 1142 1770 Romanos
1161 1734 1289 1767 Patres
1315 1731 1404 1765 meis
1422 1730 1536 1764 literis
1554 1727 1697 1772 quiduis
1722 1725 1961 1769 impetrarem,

203 1802 387 1844 maiorque
412 1797 498 1832 mihi
525 1807 631 1840 quam
659 1793 740 1838 alijs
766 1792 856 1826 fides
882 1792 1037 1825 daretur.
1089 1788 1188 1821 Haec
1223 1789 1343 1820 autem
1374 1795 1443 1817 non
1479 1781 1572 1816 malo
1607 1780 1726 1814 animo
1753 1779 1848 1812 dicta
1883 1786 1962 1809 esse

203 1858 290 1900 puto
324 1865 344 1887 a
371 1851 595 1896 quibusdam,
631 1847 866 1881 Occasionem
902 1848 1022 1878 tamen
1059 1841 1216 1885 aliquam
1256 1838 1342 1873 mihi
1369 1836 1544 1871 dederunt
1570 1832 1761 1878 aliquando
1787 1834 1828 1865 vt
1854 1829 1962 1864 alium

205 1908 324 1954 potius
359 1916 464 1950 quam
500 1904 647 1936 fratrem
676 1900 893 1934 Germanum
929 1898 1089 1941 optarem
1125 1893 1210 1927 mihi
1245 1890 1477 1936 superiorem,
1511 1900 1556 1922 ne
1582 1885 1717 1921 carnali
1743 1885 1874 1919 affectu
1899 1893 1963 1916 nos

206 1961 287 1995 duci
322 1957 496 2003 suspicari
532 1954 709 1999 quispiam
746 1952 869 1997 possit,
905 1950 1034 1985 Nescio
1060 1950 1163 1993 pater
1198 1946 1228 1980 si
1259 1945 1299 1978 P.
1326 1941 1590 1977 Prouincialem
1615 1943 1787 1983 tanquam
1814 1937 1964 1971 fratrem

206 2013 401 2048 secundum
427 2020 570 2045 carnem
598 2017 754 2050 vnquam
782 2005 816 2038 in
843 2003 1022 2038 Societate
1049 1999 1286 2045 aspexeri1n⁴‚
1321 1996 1377 2030 vel
1402 1995 1469 2029 hoc
1494 1994 1635 2028 nomine
1660 1991 1747 2025 mihi
1774 1989 1964 2034 aliquando

206 2066 389 2101 blanditus
422 2064 501 2102 sim,
537 2061 595 2095 vel
621 2058 864 2103 arrogauerim
890 2055 1037 2100 aliquid.
1088 2053 1280 2096 Vtcunque
1306 2050 1363 2092 sit,
1398 2049 1462 2083 fiat
1495 2048 1532 2081 in
1557 2046 1721 2081 omnibus
1747 2044 1814 2079 Dei
1847 2045 1884 2077 et
1907 2054 1964 2076 su-

206 2121 384 2165 periorum
411 2126 567 2150 meorum
594 2113 762 2147 voluntas
774 2112 797 2145 ⁵.

211 2220 320 2257 889
348 2222 425 2255 sive
452 2228 566 2255 var.
587 2216 687 2262 (9).
761 2214 871 2251 Initio
898 2223 930 2248 a.
950 2212 1044 2247 1566.

333 2292 382 2326 Ex
410 2289 643 2334 autographo.
699 2287 782 2332 „Ep.
811 2286 852 2320 G.
872 2286 958 2319 VH“
989 2285 1013 2318 f.
1044 2284 1136 2318 149³.

334 2362 543 2396 Cardinalis·
569 2360 702 2393 Hosius
727 2361 832 2401 optat,
859 2361 897 2390 ut
928 2356 1094 2389 Canisius
1119 2353 1292 2396 Elbinyae
1324 2355 1353 2383 et
1379 2351 1418 2383 in
1444 2350 1527 2382 aliis
1552 2347 1746 2381 Borusstae
1771 2344 1969 2378 civitatibus

213 2417 442 2450 contionetur.

336 2488 383 2528 P.
418 2485 672 2527 Franciscus
718 2483 897 2536 Simyer,
949 2480 1166 2522 Societatis
1210 2491 1287 2532 per
1332 2476 1550 2517 Potoniam
1598 2471 1968 2526 viceprovincialis,

217 2551 520 2604 Bramzsberya
553 2551 591 2589 5.
618 2547 845 2588 Februarii
869 2548 982 2587 1566
1015 2545 1074 2585 ad
1105 2545 1148 2586 S.
1174 2542 1451 2583 Franciseum
1484 2539 1534 2580 de
1566 2538 1724 2591 Boryz‘a
1755 2535 1969 2591 praeposi-

216 2623 301 2659 tum
332 2615 566 2669 yeneralem
600 2613 698 2653 haec
730 2613 889 2653 rettulit
922 2611 971 2651 de
1004 2609 1220 2651 cardinali
1247 2606 1460 2648 Staniszao
1485 2603 1627 2655 Hosio,
1664 2602 1847 2656 episcopo
1872 2613 1970 2640 var-

220 2682 388 2722 miensi:
421 2679 455 2719 Il
487 2676 713 2718 Cardinale
746 2675 877 2715 molte
909 2674 1027 2716 volte
1059 2673 1114 2714 mi
1147 2672 1194 2713 fa
1225 2669 1442 2712 mentione
1475 2667 1542 2709 del
1566 2666 1704 2708 Padre
1727 2663 1895 2707 canisio
1928 2663 1972 2704 et

220 2743 529 2797 grandemente
551 2740 587 2781 si
610 2739 916 2781 consolarebbe
939 2752 984 2779 se
1007 2752 1033 2779 a
1054 2741 1199 2791 tempo
1222 2736 1263 2777 lo
1285 2737 1459 2789 potesse
1491 2733 1652 2774 hauere
1684 2728 1903 2784 pensando
1931 2726 1973 2768 di

221 2811 346 2862 poter
378 2806 575 2859 agiutare
608 2804 758 2845 alcune
791 2803 898 2845 citta
929 2802 1119 2844 heretice
1152 2814 1272 2842 come
1294 2798 1496 2850 helbinga
1525 2799 1569 2838 et
1591 2796 1703 2837 altre
1726 2793 1769 2835 di
1789 2791 1972 2847 prussia.

345 2924 354 2944 ¹
390 2922 559 2956 Hoffaeus
596 2931 675 2953 cum
714 2919 820 2952 Petro
859 2918 1000 2952 Canisio
1040 2917 1252 2951 Germaniae
1290 2913 1484 2959 superioris
1521 2910 1725 2957 praeposito
1763 2906 1973 2954 provinciali

223 2978 356 3012 Romae
383 2974 560 3009 secundae
586 2972 853 3015 congregationi
881 2971 1039 3013 generali
1065 2970 1256 3004 Societatis
1283 2968 1514 3007 interfueram
1541 2966 1586 2999 cf.
1613 2975 1722 3008 supra
1747 2975 1780 3007 p.
1798 2963 1844 2996 44
1870 2961 1925 2996 89.

343 3030 356 3049 2
382 3028 433 3062 De
459 3027 525 3060 hoc
551 3025 689 3059 Hoffaei
715 3024 803 3057 libro
830 3035 864 3056 v.
891 3035 998 3067 supra
1028 3035 1061 3067 p.
1091 3022 1285 3057 147—148.

344 3083 357 3102 ³
384 3081 422 3115 P.
449 3079 574 3114 Gallus
599 3078 634 3111 in
660 3076 896 3110 universitate
923 3075 1115 3119 dilingana,
1148 3076 1186 3109 P.
1212 3074 1420 3108 Theodorus
1445 3071 1618 3106 Peltanus
1643 3070 1679 3103 in
1704 3065 1976 3112 ingolstadiensi

223 3135 443 3178 theologiam
470 3131 654 3166 docebant.

346 3190 357 3208 ⁴
386 3187 438 3220 Cf.
464 3185 553 3219 Rom
580 3184 611 3225 9,
639 3183 678 3223 3;
705 3182 726 3216 2
754 3181 820 3215 Cor
846 3181 877 3221 5,
906 3181 948 3215 16
975 3182 1042 3214 etc.
1187 3180 1200 3199 ⁵
1227 3179 1281 3212 Cf.
1306 3179 1361 3212 Mt
1387 3179 1418 3220 6,
1448 3178 1508 3217 10;
1535 3177 1604 3210 Act
1630 3175 1685 3215 21,
1714 3174 1757 3208 14
1782 3175 1849 3207 etc.
