2077 3461
226 181 283 222 82
733 179 833 214 1236.
861 179 1101 215 Theodoricus
1129 179 1294 215 Canisius
1321 180 1476 215 Canisio.

225 297 569 348 ContionatoreS,
593 297 785 351 insignes
808 299 1064 352 Theologos,
1094 299 1258 353 peritos
1279 299 1323 341 in
1346 300 1482 341 Prosa
1503 313 1717 353 uersuque
1740 300 1985 355 scriptores,

226 363 456 416 diligentes
477 362 767 416 professores,
796 364 1060 407 exercitatos
1084 377 1327 417 grauesque
1350 364 1660 414 confessarios,
1684 368 1834 419 gratos
1857 365 1986 418 vulgo

224 427 487 477 sacerdotes,
530 430 574 470 et
615 428 706 469 zelo
748 428 1019 471 conuenienti
1062 429 1284 483 praeditos
1326 429 1487 471 fratres
1520 429 1812 473 exhibeamus,
1875 429 1988 472 Hinc

225 492 338 533 enim
378 491 562 545 primum
603 493 834 546 populares
876 494 1055 544 animos,
1099 493 1252 535 deinde
1293 493 1521 548 primarios
1554 493 1684 536 etiam
1717 495 1833 537 uiros
1864 494 1987 537 nobis

226 556 426 599 fauentes
459 559 504 598 et
535 557 730 600 addictos
763 557 994 600 reddimus.

345 636 438 670 Huic
473 638 727 671 commentario
762 649 877 681 neque
903 638 1045 682 quando
1080 649 1195 682 neque
1221 639 1264 672 ad
1293 650 1398 682 quem
1425 639 1530 673 datus
1556 641 1662 679 esset,
1697 639 1892 684 ascriptum
1920 642 1985 674 est.

225 690 315 724 Eum
351 693 432 735 post
456 702 503 724 m.
530 690 775 734 Septembrem
803 702 834 724 a.
864 691 954 725 1563
980 692 1216 735 compositum
1253 703 1332 726 esse
1358 694 1459 736 patet
1490 704 1535 726 ex
1562 704 1612 733 eo,
1648 693 1741 737 quod
1768 692 1911 735 collegii
1937 693 1986 726 di-

223 743 360 786 lingani
388 744 450 786 (m.
470 742 616 777 Octobri
645 744 733 777 1563
761 743 933 786 incohati)
962 744 997 777 in
1025 755 1064 778 eo
1092 744 1132 778 fit
1158 744 1300 778 mentio.
1344 745 1420 779 Hoc
1446 757 1586 789 quoque
1612 745 1719 779 facile
1744 745 1985 787 intellegitur:

225 795 509 830 Commentarius
535 807 701 840 supremo
727 798 762 829 in
789 796 968 831 Societate
995 797 1083 831 Jesu
1108 797 1338 841 magistratui
1365 798 1566 832 destinatus
1593 800 1665 839 est;
1702 809 1809 842 quam
1835 798 1985 832 auctori-

223 850 334 882 tatem
355 849 545 883 Societatis
570 848 801 892 congregatio
828 849 1017 893 generalis,
1044 850 1113 890 vel,
1141 861 1220 884 cum
1248 852 1478 894 congregatio
1504 862 1574 884 non
1592 853 1657 892 est,
1684 851 1909 895 praepositus
1927 850 1986 884 vel

225 902 380 936 vicarius
406 902 586 945 generalis
603 901 747 936 habent.
786 903 838 936 Ac
858 903 1135 936 commentarius
1161 906 1224 937 aut
1242 903 1391 938 Romam
1418 906 1474 938 est
1491 904 1635 944 missus,
1662 906 1724 937 aut
1742 904 1777 937 in
1803 904 1882 948 ipsa
1900 904 1986 938 urbe

224 966 244 989 a
271 955 412 989 Canisio
439 955 680 999 conscriptus3
709 958 817 999 atque
843 955 997 990 alterum
1024 956 1090 990 hoc
1116 956 1237 1000 aliqua
1263 957 1401 990 ratione
1427 956 1610 1001 probabile
1645 956 1740 990 effici
1766 957 1910 990 videtur
1935 969 1985 998 eo,

225 1008 316 1052 quod
337 1007 502 1042 Canisius
519 1020 585 1042 nec
611 1020 738 1042 nomen
756 1020 822 1042 nec
845 1009 961 1043 locum
987 1021 1053 1043 nec
1070 1012 1213 1054 tempus
1232 1010 1418 1054 ascripsit;
1446 1010 1589 1044 videtur
1606 1021 1692 1052 ergo
1718 1011 1794 1054 ipse
1812 1010 1985 1054 scriptum

224 1062 266 1101 ei,
294 1061 350 1095 cui
369 1061 586 1095 destinatum
611 1063 697 1100 erat,
723 1061 926 1096 tradidisse.
964 1061 1130 1096 Canisius
1157 1065 1276 1096 autem
1303 1074 1434 1106 magna
1461 1074 1542 1096 cum
1568 1062 1783 1096 auctoritate
1809 1062 1985 1106 loquitur3

225 1126 287 1158 pro
307 1113 496 1148 Societatis
515 1114 731 1157 magistratu
749 1114 844 1158 agit:
864 1115 1106 1160 praepositum
1125 1115 1381 1160 provincialem
1402 1116 1487 1158 agit.
1515 1116 1763 1160 Praepositum
1782 1115 1985 1158 generalem

224 1179 292 1201 non
328 1166 504 1212 appellat;
539 1167 602 1201 sed
637 1167 668 1201 is
703 1167 738 1201 in
774 1169 882 1201 tertia
916 1179 1078 1212 persona,
1115 1171 1154 1202 ut
1189 1168 1307 1202 dicere
1333 1168 1500 1209 solemus,
1536 1169 1579 1203 ab
1606 1180 1645 1202 eo
1677 1171 1983 1202 commemoratur.

224 1219 321 1261 Quae
348 1232 429 1254 cum
455 1220 651 1261 considero,
678 1221 818 1254 animus
844 1221 879 1254 in
906 1221 940 1254 id
966 1221 1126 1262 inclinat,
1153 1224 1193 1255 ut
1219 1222 1425 1263 coniectem,
1454 1221 1645 1263 Canisium,
1673 1233 1752 1255 cum
1771 1220 1984 1256 Germaniae

223 1274 419 1317 superioris
436 1274 663 1318 praepositus
681 1273 914 1318 provincialis
932 1274 1065 1308 Romae
1088 1275 1266 1308 secundae
1285 1274 1555 1318 congregationi
1579 1275 1738 1318 generali
1756 1275 1799 1308 ab
1819 1275 1874 1308 21.
1892 1275 1983 1308 Iunii

223 1326 266 1360 ad
293 1328 324 1360 3.
345 1326 565 1371 Septembris
586 1327 675 1361 1565
701 1327 845 1360 habitae
871 1327 1075 1368 interesset,
1103 1327 1196 1361 hunc
1215 1328 1510 1361 commentarium
1536 1327 1725 1372 scripsisse
1752 1327 1984 1372 patribusque

224 1379 452 1423 congregatis
478 1379 679 1413 tradidisse.
724 1380 891 1413 Interfuit
909 1380 1051 1423 quidem
1071 1380 1236 1414 Canisius
1263 1380 1372 1414 etiam
1391 1380 1659 1423 congregationi
1677 1381 1815 1421 tertiae,
1842 1391 1872 1414 a.
1895 1380 1983 1414 1573

223 1432 377 1473 habitae,
413 1433 475 1467 sed
503 1433 620 1467 officio
655 1433 849 1478 praepositi
886 1433 1066 1476 generalis
1101 1433 1245 1467 levatus
1281 1436 1316 1467 et
1342 1446 1387 1467 ex
1422 1434 1598 1477 singulari
1624 1436 1764 1467 tantum
1797 1433 1913 1477 gratia
1939 1433 1983 1467 ad

224 1486 367 1520 comitia
392 1486 581 1520 admissus.
633 1486 723 1520 Sunt
758 1486 865 1520 etiam
902 1486 972 1520 alia
1007 1487 1042 1520 in
1077 1486 1143 1520 hoc
1179 1487 1442 1528 commentario,
1478 1498 1570 1531 quae
1605 1498 1684 1520 cum
1719 1490 1878 1531 tempore
1904 1498 1983 1520 con-

223 1540 445 1582 gregationis
470 1539 649 1574 secundae
681 1540 769 1573 bene
796 1542 1014 1582 congruant:
1050 1540 1217 1573 Proxime
1244 1542 1326 1574 ante
1358 1540 1451 1574 hanc
1477 1540 1789 1583 congregationem
1817 1539 1850 1573 S.
1876 1539 1983 1573 Fran-

223 1593 340 1626 ciscus
359 1592 509 1636 Borgias
528 1592 686 1626 vicarius
704 1592 882 1635 generalis
901 1592 1123 1637 praepositos
1142 1592 1381 1637 provinciales
1398 1593 1554 1627 iusserat
1572 1604 1707 1634 curare,
1734 1595 1774 1626 ut
1791 1592 1983 1637 prudentes

224 1649 259 1679 et
284 1645 389 1690 periti
414 1646 508 1679 inter
525 1657 609 1680 suos
628 1645 695 1679 viri
723 1645 936 1679 adnotarent
954 1646 1032 1679 vias
1060 1649 1096 1679 et
1121 1647 1288 1687 rationes,
1316 1658 1406 1690 quas
1430 1646 1680 1680 existimarent
1697 1645 1983 1679 accommodatas

224 1698 268 1731 ad
294 1699 476 1732 contiones
502 1698 695 1738 habendas,
731 1698 945 1732 familiarem
971 1699 1263 1732 consuetudinem
1291 1710 1371 1732 cum
1397 1699 1543 1744 pietatis
1569 1698 1690 1732 fructu
1716 1698 1982 1739 instituendam,

223 1750 363 1785 litteras
381 1752 583 1792 tradendas,
610 1752 734 1785 domus
758 1751 1070 1792 administrandas,
1089 1751 1178 1792 alia;
1206 1763 1296 1796 quae
1316 1752 1441 1785 deinde
1467 1752 1624 1786 rationes
1650 1752 1685 1785 in
1704 1752 1981 1794 congregatione

223 1807 505 1848 proponerentur
525 1805 750 1848 (Saccln'nus,
778 1804 872 1838 Hist.
893 1804 927 1838 S.
946 1805 978 1839 J.
1006 1805 1066 1846 Ill,
1093 1805 1115 1839 l.
1138 1806 1166 1845 1,
1193 1817 1226 1839 n.
1246 1806 1295 1848 5).
1335 1807 1454 1849 Atque
1473 1805 1539 1838 hoc
1557 1805 1810 1839 commentario
1831 1804 1982 1848 repetita

224 1859 259 1891 et
285 1858 387 1901 quasi
412 1858 447 1891 in
474 1870 582 1891 unum
602 1858 752 1892 collecta
778 1857 889 1891 habes
915 1869 966 1899 ea,
993 1869 1084 1901 quae
1105 1858 1269 1892 Canisius
1296 1858 1383 1903 ipsis
1409 1858 1512 1892 annis
1533 1858 1762 1892 1561—1565
1789 1857 1981 1891 identidem

223 1910 412 1944 Societatis
437 1911 659 1955 praepositos
686 1912 721 1944 et
747 1910 901 1944 maxime
928 1922 1114 1955 supremos
1140 1911 1298 1945 eiusdem
1324 1911 1567 1946 moderatores
1594 1912 1779 1944 monuerat
1805 1910 1848 1943 de
1867 1909 1980 1944 Socie-

223 1963 309 1997 tatis
335 1964 524 1997 iuvenibus
544 1964 675 1997 Romae
693 1964 782 1997 bene
802 1966 836 1997 et
855 1964 898 1997 ad
924 1964 1094 2008 pietatem
1114 1966 1149 1997 et
1167 1964 1210 1997 ad
1229 1964 1369 1998 litteras
1387 1964 1619 1998 instituendis
1637 1966 1745 2008 atque
1771 1964 1806 1996 in
1826 1962 1981 1996 docendo

224 2016 474 2057 exercitandis,
509 2017 551 2050 de
578 2017 703 2050 iisdem
730 2017 852 2057 Roma,
888 2020 1079 2060 antequam
1114 2019 1301 2060 aegrotare
1328 2017 1540 2061 coepissent,
1575 2017 1808 2055 remittendis,
1845 2016 1887 2050 de
1912 2027 1981 2049 non

223 2070 407 2104 mittendis
432 2070 467 2103 in
493 2069 719 2104 Germaniam
746 2069 814 2103 nisi
841 2069 1042 2104 hominibus
1069 2070 1238 2114 probatae
1264 2070 1420 2110 virtutis,
1448 2070 1490 2103 de
1517 2069 1628 2104 Sociis
1654 2070 1801 2103 honeste
1828 2069 1981 2102 vestien-

223 2123 277 2157 dis
312 2124 354 2156 de
389 2123 560 2167 ampliore
595 2123 796 2156 dimittendi
831 2123 1005 2157 facultate
1042 2123 1322 2167 provincialibus
1358 2123 1475 2157 danda
1511 2126 1598 2164 etc.;
1636 2123 1681 2156 cf.
1714 2123 1799 2156 Can.
1828 2122 1879 2156 HI
1911 2121 1979 2156 576

224 2176 409 2211 578—579
436 2177 504 2211 819
531 2176 617 2215 82ος
646 2176 694 2209 IV
722 2177 762 2210 21
794 2176 860 2210 138
889 2177 955 2210 143
985 2177 1049 2210 146
1077 2177 1145 2210 234
1172 2177 1239 2210 322
1267 2177 1335 2210 510
1363 2179 1448 2216 etc.;
1476 2187 1585 2220 supra
1611 2187 1643 2220 p.
1664 2176 1706 2210 37
1734 2176 1778 2208 45
1806 2177 1873 2208 etc.

343 2229 509 2263 Ceterum
527 2229 555 2263 si
577 2229 656 2272 quis
673 2229 840 2262 maluerit
860 2229 986 2270 dicere,
1015 2229 1196 2263 Canisium
1216 2230 1307 2263 hanc
1326 2229 1618 2263 commentarium
1645 2240 1675 2262 a.
1704 2229 1793 2262 1565
1812 2228 1870 2261 vel
1891 2227 1979 2261 1566

224 2282 352 2316 Sancto
387 2282 577 2316 Francisco
612 2282 780 2324 Borgiae.
817 2281 1006 2316 Societatis
1041 2283 1200 2325 generali
1235 2283 1387 2327 primum
1421 2282 1572 2322 vicario,
1608 2281 1733 2315 deinde
1767 2280 1979 2325 praeposito,

223 2336 364 2369 misisse
391 2335 449 2369 vel
477 2335 680 2374 tradidisse,
707 2335 869 2378 equidem
897 2338 1020 2369 contra
1046 2347 1114 2369 non
1141 2336 1304 2369 dixerim.

224 2445 376 2481 1236.
473 2445 534 2481 P.
562 2444 1054 2482 THEODORICUS
1075 2444 1409 2488 (Ji—&NISIUS‚
1437 2445 1642 2490 provinciae
1666 2445 1699 2480 S.
1714 2446 1746 2479 J.
1766 2443 1978 2480 Germaniae

389 2500 583 2544 superioris
611 2499 931 2544 viceprovincialis,
959 2499 1208 2534 universitatis
1227 2503 1261 2534 et
1280 2499 1423 2543 collegii
1441 2499 1612 2542 dilingani
1632 2500 1760 2538 rector,
1780 2495 1977 2532 CANISIO.

1462 2552 1610 2595 Dilinga
1637 2551 1691 2585 26.
1719 2551 1801 2584 Iulii
1829 2550 1930 2584 1565.

346 2617 400 2650 Ex
434 2617 656 2661 autographo
698 2617 770 2658 (20;
805 2619 828 2651 4
862 2616 959 2661 pp.);
999 2616 1061 2659 „G.
1088 2617 1152 2661 Ep.
1188 2616 1257 2650 VI“
1297 2616 1320 2650 f.
1357 2617 1539 2651 97³—9eb.
1598 2615 1762 2660 Epistula
1800 2626 1886 2649 usus
1925 2618 1980 2650 est

226 2670 431 2713 Saechinns,
459 2670 552 2704 Hist.
579 2670 613 2704 S.
641 2671 672 2704 J.
701 2670 760 2711 ΠΙ,
787 2670 809 2703 l.
841 2672 869 2710 1,
896 2682 928 2703 n.
957 2670 1011 2703 33.

342 2742 394 2774 De
420 2742 521 2774 rebus
540 2742 747 2783 provinciae
776 2741 989 2774 Germaniae
1014 2742 1230 2782 superioris:
1266 2741 1409 2783 Colleyii
1434 2740 1614 2783 dilingycmi
1641 2738 1738 2772 Socii
1763 2742 1793 2770 et
1818 2739 1976 2780 externi,-

226 2794 321 2826 Soeii
346 2794 417 2826 alio
444 2795 491 2826 ad
516 2797 650 2836 tempus
668 2795 842 2836 profecti,
875 2793 1033 2826 subsidia
1060 2795 1168 2825 matri
1188 2795 1345 2835 pauperi
1372 2794 1526 2826 alicuius
1550 2792 1693 2833 danda,·
1725 2791 1860 2824 scholae
1885 2791 1976 2824 theo-

224 2847 365 2888 loyioa-e,
378 2847 653 2889 philosophicae,
671 2847 865 2889 hebraicae,
885 2846 1146 2879 mathematicae
1160 2850 1217 2878 etc.
1228 2858 1240 2887 ,·
1259 2848 1451 2883 contiones,-
1470 2846 1654 2879 Sociorum
1669 2844 1758 2885 (PP.
1780 2844 1974 2885 Torrensis,

227 2899 409 2941 Seoagserii,
437 2900 593 2932 Huicocli
618 2902 696 2939 etc.)
728 2900 899 2942 valetudo,
935 2903 1065 2941 errata,
1099 2899 1198 2939 aha,
1232 2910 1357 2931 cursus
1384 2898 1648 2941 philosopha-us
1674 2898 1840 2939 Dilinycte
1871 2898 1975 2930 (iliter

224 2952 384 2984 traditur
410 2963 515 2994 quom
540 2953 694 2993 Romam
729 2953 950 2985 contubernii
977 2952 1012 2985 S.
1041 2952 1253 2994 Hieronymi
1278 2963 1335 2984 (ces
1361 2953 1513 2984 alienum
1541 2955 1570 2982 et
1595 2951 1807 2992 disciplina;
1841 2950 1975 2992 colleyii

227 3005 409 3038 Societatis
434 3007 603 3048 minister,
625 3010 855 3049 procurator,
883 3005 983 3037 aedes
1005 3015 1133 3044 novam
1157 3015 1393 3047 personarum
1420 3005 1648 3043 mntationes;
1673 3004 1842 3035 exercitia
1867 3004 1974 3044 spiri-

226 3058 362 3098 τιιαῖία;
404 3058 694 3099 <leelamati0nes,·
736 3058 934 3090 cardinalis
973 3057 1160 3090 Truehsess
1198 3058 1347 3089 comitiis
1382 3056 1530 3099 capituli
1566 3056 1758 3098 anynstani
1792 3056 1975 3096 intererit,-

230 3111 367 3143 Canisii
394 3113 599 3152 praesentia
634 3112 876 3151 desideratur,-
911 3111 1109 3143 cardinalis
1143 3114 1172 3142 et
1206 3110 1340 3152 colleyii
1374 3120 1429 3142 res
1457 3110 1713 3151 pecuniariam·
1744 3110 1883 3151 yrcttiae
1907 3118 1973 3150 pro

229 3165 264 3197 S.
292 3164 481 3196 Francisci
515 3164 667 3205 Βονῃῖαι1
702 3164 860 3196 electione
893 3163 1105 3196 sollemniter
1139 3164 1212 3195 Deo
1246 3167 1365 3203 actam
1402 3162 1437 3195 P.
1469 3162 1635 3194 Liberius
1669 3162 1891 3204 Matleinyam
1926 3161 1973 3193 ad
