2077 3461
248 208 323 238 XVI
787 205 831 239 ΙΙ.
860 204 1083 238 Prooemium
1110 203 1304 238 voluminis
1331 203 1457 247 quinti.

367 325 506 380 Ipsius
540 324 698 374 Canisii
732 324 954 378 epistulas,
990 326 1198 376 quantum
1222 323 1276 365 ad
1308 322 1388 364 hoc
1411 322 1609 364 volumen
1634 322 1865 376 pertinent,
1899 336 2010 376 pono

248 405 415 441 omnes,
459 392 670 443 quotquot
703 392 858 431 nactus
891 403 999 438 sum,
1034 402 1192 441 easque
1225 388 1434 440 integras,
1469 387 1617 441 paucis
1648 389 1818 430 tantum
1852 386 2010 438 verbis,

249 470 429 509 quorum
463 456 581 498 locus
613 454 725 496 infra
759 469 798 508 p.
833 456 917 496 469
960 453 1132 508 punctis
1173 451 1444 506 interpositis
1477 451 1750 504 designatur,
1794 452 2010 506 exceptis3

248 521 356 563 haec
379 521 489 562 enim
514 520 566 562 de
592 520 644 561 iis
677 520 805 561 rebus
838 521 951 568 sunt,
987 532 1097 571 quae
1130 532 1185 559 ex
1218 531 1303 559 una
1335 520 1461 571 parte
1494 516 1549 558 ad
1580 516 1831 559 historicam
1865 517 2012 570 cogni-

247 586 410 629 tionem
443 585 558 627 haud
591 584 821 627 admodum
855 585 1026 633 valent,
1070 597 1125 625 ex
1158 583 1299 625 altera
1330 585 1456 636 parte
1487 581 1660 624 interna
1692 595 1742 623 ac
1775 582 2012 624 domestica

248 652 450 705 spectant
482 664 621 704 neque
654 650 870 691 forensem
904 649 1040 690 lucem
1075 648 1236 690 habere
1269 647 1440 690 debent.
1487 646 1724 700 Plerasque
1756 661 1925 700 quoque
1958 661 2013 689 ex

250 716 446 770 epistulis
479 715 648 757 Canisio
692 714 834 756 missis
876 714 1072 766 integras
1104 713 1206 761 edo;
1250 712 1439 765 aliquas,
1484 711 1597 754 sicut
1638 712 1680 754 in
1722 711 2014 766 superioribus

250 781 536 822 voluminibus
568 780 663 829 feci,
696 780 738 821 in
762 782 937 832 regesta
960 778 1181 828 contraho,
1216 777 1286 818 vel
1310 791 1393 819 non
1415 791 1527 831 pono
1560 777 1641 819 nisi
1664 777 1832 831 aliquas
1865 790 2012 819 earum

250 849 411 900 partes.

367 911 442 953 III.
478 910 703 964 Epistulae
727 912 769 951 et
793 911 1072 950 monumenta
1105 907 1230 950 huius
1253 906 1483 949 voluminis
1516 907 1707 949 eiusdem
1739 907 1831 949 fere
1864 920 2014 960 gene-

250 976 326 1017 ris
359 979 472 1025 sunt,
507 979 636 1028 atque
669 974 882 1028 epistulae
905 977 948 1015 et
971 976 1250 1015 monumenta
1271 972 1502 1014 voluminis
1535 973 1700 1026 quarti;
1735 972 2016 1025 distinguitur

250 1046 396 1083 tamen
429 1041 509 1082 hoc
541 1040 742 1081 volumen
766 1054 791 1081 a
817 1038 1110 1093 superioribus
1143 1052 1206 1088 eo,
1241 1037 1353 1090 quod
1387 1037 1592 1079 maiorem
1625 1038 1758 1081 habet
1790 1051 2014 1079 numerum

250 1106 494 1149 litterarum
535 1105 729 1155 illarum,
774 1105 928 1158 quibus
969 1104 1211 1157 legationes
1244 1102 1550 1146 renuntiantur
1581 1103 2013 1156 („Gesandtschafts-

251 1171 510 1223 berichte“):
544 1170 778 1212 relationes
810 1169 922 1211 enim
957 1169 1100 1218 habet,
1136 1182 1243 1221 quas
1266 1168 1317 1209 de
1347 1167 1576 1222 pontificiis
1609 1168 1898 1221 legationibus
1921 1181 2015 1209 car-

251 1235 406 1277 dinalis
438 1236 621 1277 Ioannes
653 1234 911 1277 Franciscus
935 1234 1277 1276 Commendonus
1310 1236 1354 1275 et
1383 1232 1578 1275 Canisius
1610 1233 1701 1287 ipse
1733 1233 1929 1283 Romam,
1964 1233 2016 1274 de

251 1314 456 1342 caesarea
503 1301 617 1355 apud
663 1299 912 1354 pontificem
958 1299 1178 1353 legatione
1223 1298 1409 1352 Prosper
1455 1299 1508 1340 ab
1554 1299 1670 1340 Arcu
1716 1298 2015 1340 Vindobonam

251 1365 475 1407 miserunt.

370 1430 444 1474 IV.
479 1430 639 1480 Quibus
663 1431 714 1472 de
740 1430 906 1471 rebus
938 1429 981 1470 in
1003 1429 1129 1470 huius
1152 1428 1381 1470 voluminis
1404 1427 1601 1483 epistulis
1625 1427 1820 1481 actisque
1843 1430 2015 1481 agatur,

252 1495 398 1549 aliqua
430 1497 598 1538 ratione
631 1510 686 1537 ex
726 1495 832 1550 ipsis
871 1509 1041 1542 eorum,
1086 1493 1158 1547 qui
1199 1493 1409 1547 epistulas
1450 1493 1662 1535 dederunt
1703 1493 1773 1534 vel
1814 1493 1869 1535 ad
1910 1506 2016 1546 quos

252 1561 352 1602 illae
386 1561 516 1603 datae
547 1564 669 1611 sunt,
713 1560 955 1602 nominibus
998 1559 1144 1613 colligi
1183 1562 1350 1613 potest;
1394 1557 1627 1613 praecipua
1669 1571 1780 1612 pono
1822 1558 2016 1600 nomina:

253 1626 438 1669 Sanctus
460 1627 716 1668 Franciscus
749 1626 801 1667 de
835 1625 995 1678 Borgia
1029 1624 1261 1667 societatis
1283 1624 1379 1665 Iesu
1412 1623 1596 1677 primum
1629 1624 1828 1671 vicarius,
1863 1623 2016 1666 deinde

253 1691 528 1746 praepositus
554 1691 792 1745 generalis;
828 1690 1087 1732 venerabilis
1109 1689 1372 1743 Magdalena
1395 1688 1655 1731 Ferdinandi
1676 1689 1707 1732 I.
1741 1689 2016 1743 imperatoris

254 1757 363 1805 filia;
399 1757 639 1799 cardinales
672 1757 846 1798 Marcus
870 1755 1084 1798 Antonius
1107 1754 1304 1797 Amulius
1337 1754 1563 1808 episcopus
1592 1754 1798 1801 reatinus,
1832 1754 2016 1796 Ioannes

254 1822 511 1864 Franciscus
552 1822 915 1870 Oommendonus,
961 1821 1001 1863 S.
1038 1820 1100 1862 Pii
1135 1820 1187 1863 V.
1229 1820 1271 1861 in
1319 1819 1503 1862 comitiis
1547 1819 1715 1873 imperii
1760 1819 2016 1873 augustanis

255 1887 441 1940 legatus,
485 1887 730 1929 Stanislaus
764 1887 924 1928 Hosius
965 1886 1192 1940 episcopus
1234 1884 1504 1935 varmiensis,
1548 1883 1652 1927 Otto
1685 1883 1922 1926 Truchsess
1965 1884 2017 1925 de

257 1952 500 2006 Waldburg
544 1952 770 2006 episcopus
816 1951 1063 1994 albanensis
1111 1954 1155 1993 et
1202 1954 1496 2003 augustanus;
1551 1949 1793 1991 cardinales
1840 1949 2017 2002 inquisi-

256 2020 374 2060 tores
415 2018 642 2071 generales
683 2017 852 2064 cuncti;
898 2015 1211 2070 archiepiscopi
1253 2018 1297 2058 et
1338 2014 1527 2069 episcopi
1568 2015 1830 2064 bremensis,
1875 2014 2018 2056 herbi-

257 2083 459 2137 polensis,
502 2082 868 2132 monasteriensis,
912 2080 1287 2136 paderbornensis,
1329 2079 1676 2133 salisburgensis,
1723 2079 2016 2129 surrentinus3

257 2148 522 2190 Coloniensis
555 2148 815 2202 reipublicae
848 2150 1047 2191 senatus:
1084 2146 1128 2188 P.
1154 2145 1444 2198 Hieronymus
1470 2144 1644 2186 Natalis
1677 2144 1910 2187 Societatis
1942 2158 2019 2198 per

259 2212 533 2255 Germaniam
569 2216 612 2256 et
636 2212 821 2255 Galliam
854 2212 1069 2261 visitator,
1104 2210 1185 2253 PP.
1211 2210 1427 2252 Oliverius
1460 2210 1693 2252 Manareus
1729 2213 1774 2252 et
1805 2209 2019 2251 Antonius

259 2278 400 2320 Vinck
446 2278 766 2332 provinciarum
811 2277 1029 2318 francicae
1075 2279 1119 2318 et
1162 2275 1381 2317 rhenanae
1428 2275 1664 2329 praepositi
1709 2274 2018 2329 provinciales;

260 2343 305 2385 Ρ.
329 2343 621 2385 Theodoricus
644 2342 838 2384 Canisius
863 2341 1120 2384 Germaniae
1142 2340 1376 2394 superioris
1399 2340 1793 2394 viceprovincialis3
1826 2341 2019 2382 rectores

260 2408 538 2462 collegiorum
578 2408 808 2451 Societatis
850 2406 1120 2456 coloniensis,
1164 2405 1386 2457 dilingam,
1430 2405 1796 2458 ingolstadiensis,
1839 2417 2020 2457 mogun·-

258 2473 352 2524 tini,
394 2473 676 2523 monacensis,
716 2472 1007 2527 oenipontani,
1051 2470 1298 2525 p1·agensis;
1344 2470 1556 2523 Georgius
1597 2470 1770 2524 Fugger
1811 2469 2020 2523 patricius

261 2541 551 2592 augustanus:
594 2538 776 2580 Ioannes
810 2537 990 2580 Retliius
1025 2537 1065 2578 S.
1090 2537 1129 2579 J.
1164 2549 1320 2589 regens
1353 2535 1567 2589 gymnasii
1601 2535 1730 2578 trium
1765 2547 2019 2576 coronarum

261 2603 530 2645 coloniensis.

379 2669 591 2710 Volumen
613 2669 693 2710 hoe
727 2667 780 2710 ab
812 2667 987 2709 ineunte
1017 2680 1070 2707 ni.
1096 2665 1327 2707 Februario
1351 2678 1388 2706 a.
1419 2666 1529 2707 1565
1553 2677 1688 2717 usque
1711 2664 1765 2705 ad
1788 2664 2019 2704 exeuntem

263 2747 317 2775 m.
350 2733 504 2775 Iulium
539 2747 576 2776 a.
605 2735 713 2775 1567
749 2732 955 2787 procedit,
990 2731 1082 2772 sive
1106 2745 1131 2772 a
1154 2734 1362 2784 tempore,
1397 2744 1493 2783 quo,
1528 2730 1682 2771 Iacobo
1710 2728 1861 2770 Lainio
1896 2741 2020 2781 prae-

263 2798 403 2852 posito
436 2799 628 2852 generali
661 2802 844 2847 mortuo,
880 2797 1064 2839 Sanctus
1088 2796 1118 2837 F
1123 2795 1341 2837 ranciscus
1374 2794 1558 2848 Borgias
1581 2808 1674 2836 cum
1707 2792 1857 2834 vicarii
1889 2806 2021 2846 gene-

264 2863 367 2904 ralis
407 2866 627 2917 potestate
668 2863 914 2904 universam
953 2861 1214 2903 Societatem
1248 2859 1344 2901 Iesu
1387 2873 1539 2912 regere
1584 2858 1747 2912 coepit,
1791 2871 1925 2910 usque
1967 2856 2021 2898 ad

263 2932 447 2982 tempus,
482 2942 563 2981 quo
588 2928 782 2969 Canisius
805 2926 1035 2969 Societatis
1065 2939 1142 2980 per
1165 2924 1439 2966 Germaniam
1463 2923 1726 2977 superiorem
1750 2921 2021 2976 praepositus

264 2993 554 3047 provincialis,
598 2993 815 3046 legatione
849 2990 1197 3045 argentoratensi
1240 2990 1493 3043 perfunctus
1535 2991 1578 3030 et
1616 2987 1707 3028 fere
1747 3000 1825 3041 per
1861 2986 2021 3028 hebdo-

266 3059 433 3100 madem
457 3058 655 3110 Dilingae
679 3057 989 3111 Augustaeque
1013 3058 1218 3105 moratus,
1243 3054 1530 3108 Oeniponteni
1552 3052 1690 3106 petiit,
1723 3054 1772 3094 ut
1794 3051 2021 3104 collegium

269 3122 467 3165 visitaret
511 3125 555 3165 et
602 3122 754 3175 gravia
800 3121 975 3175 negotia
1020 3135 1113 3162 cum
1159 3118 1429 3161 Ferdinando
1475 3117 1527 3160 ΙΙ.
1573 3116 1801 3159 archiduce
1846 3115 2022 3168 eiusque

266 3188 483 3229 sororibus
522 3189 747 3231 tractaret.
