2045 3471
203 200 286 241 758
397 197 493 231 Mon.
512 196 697 232 820—821
725 197 803 231 sive
829 197 867 232 it.
889 197 1109 242 (27)-(28).
1149 197 1245 232 [nter
1270 209 1316 232 m.
1336 197 1475 232 Iunium
1502 200 1537 232 et
1564 198 1661 244 Sept.
1680 199 1781 234 1565.

205 313 314 350 820
343 314 422 349 sive
449 312 511 349 it.
531 313 664 358 (27).
740 313 842 350 Inter
867 324 914 350 m.
933 313 1075 351 Iunium
1101 314 1138 350 et
1164 313 1412 360 Septembrem
1439 313 1532 350 1565.

320 384 375 418 Ex
404 385 589 428 Sacchino,
617 383 704 419 Can.
732 385 812 426 220,
840 387 875 420 et
901 387 1026 429 Boero,
1055 385 1140 420 Can.
1167 385 1248 420 282.

320 457 452 489 Romae
476 460 628 498 tempore
654 457 936 499 eonyreyate'om‘s
958 456 1134 498 yeneralis
1151 456 1245 489 varii
1265 455 1370 498 Socii,
1397 456 1565 498 inprimis
1589 457 1750 499 lusitani,
1779 457 1965 490 C'am’sium

204 509 272 542 sibi
297 513 461 552 eoepetunt
486 511 750 551 727·02·z·nc2'alenz.

320 586 578 627 Franciscus
611 587 843 628 Sacchimaes
884 587 1082 628 coniectat
1115 600 1154 627 a.
1189 587 1303 627 1565
1336 585 1493 627 Romae
1535 586 1579 627 in
1614 586 1830 628 societatis
1871 601 1964 628 con-

201 651 444 705 sjreyationc
483 652 674 706 yeueralc'
705 651 856 692 Patres
892 650 1053 692 Ottom‘s
1085 651 1325 691 cardinalis
1357 651 1600 705 Auyustani
1634 650 1851 692 Canisium
1885 651 1966 692 sibi

204 716 542 771 Germaniaeque
565 717 786 757 universae
806 717 1064 757 vindicantis
1086 716 1416 770 reposceoztisque
1438 713 1493 765 (v.
1517 730 1650 770 supra
1670 730 1711 770 p.
1739 717 1826 757 536
1859 716 1965 766 731)

205 785 418 835 „respectu
449 780 600 822 φηοιέοεα
629 795 727 833 esse,
761 785 806 821 ut
832 781 903 833 „in
934 782 1206 835 yrauissimis
1228 780 1545 822 demandandis
1569 780 1812 822 muneribus
1840 794 1965 835 prae—

200 846 343 887 sertim
376 846 685 898 Assistemium,
720 860 811 887 eum
838 844 1166 900 praeterirenffl‘.
1230 845 1367 886 Addit
1399 849 1560 886 antem:
1601 844 1854 897 Quanquam
1886 858 1964 886 nec

202 909 385 951 aliarum
409 909 733 951 Prouinciarum
757 910 925 959 Patres,
960 924 1010 951 ac
1043 909 1296 951 nominatim
1328 908 1525 951 Lusitani
1557 909 1746 958 defuere,
1781 909 1853 962 qui
1885 909 1965 951 sibi

203 974 517 1016 Prouincialem
553 988 649 1016 eum
682 978 952 1028 expeterent.

320 1040 386 1081 De
417 1040 563 1081 iisdem
596 1041 730 1082 Sociis
762 1041 960 1081 lusitanis
993 1040 1150 1081 Boero:
1192 1038 1334 1080 Trovo
1368 1038 1446 1080 che
1488 1039 1631 1081 fecero
1674 1038 1856 1080 formale
1890 1038 1965 1080 do-

202 1104 361 1146 manda
394 1104 436 1145 di
469 1105 617 1146 averlo
649 1118 728 1158 per
758 1103 1040 1158 provinciale.

321 1184 486 1219 Dubitari
523 1196 593 1219 non
628 1186 758 1229 potest,
795 1184 880 1229 quin
907 1184 1114 1224 Sacchinus,
1150 1196 1302 1228 magnae
1337 1184 1419 1218 fidei
1455 1184 1735 1228 diligentiaeque
1773 1184 1966 1219 historicus

205 1237 309 1281 (Can.
329 1238 379 1271 III
410 1238 628 1279 661-662),
656 1249 701 1272 ex
727 1239 968 1272 monumentis
994 1238 1151 1272 romanis
1178 1238 1221 1272 ad
1249 1238 1283 1272 id
1310 1240 1453 1282 tempus
1479 1237 1741 1282 pertinentibus
1767 1237 1855 1272 haec
1880 1237 1964 1272 hau-

202 1291 300 1325 serit.
350 1291 480 1325 Iisdem
508 1289 567 1324 vel
602 1291 779 1325 similibus
804 1302 891 1325 usus
926 1303 1005 1325 esse
1032 1291 1176 1324 videtur
1201 1291 1325 1325 Boero.
1378 1291 1428 1324 Ea
1454 1291 1566 1334 igitur
1601 1302 1693 1324 anno
1722 1291 1812 1325 1908
1838 1292 1874 1324 et
1899 1302 1965 1334 ego

203 1345 239 1377 et
265 1344 326 1377 alii
360 1346 437 1378 tum
472 1344 507 1377 in
534 1344 636 1378 Actis
670 1344 849 1378 secundae
876 1344 1165 1387 congregationis
1202 1344 1392 1387 generalis,
1429 1355 1519 1388 quae
1546 1344 1581 1377 in
1609 1343 1798 1378 Codicibus
1829 1343 1966 1388 aliquot

201 1399 449 1438 asservantur,
484 1399 560 1430 tum
586 1397 621 1431 in
647 1397 728 1431 aliis
753 1396 887 1431 tabulis
913 1397 1177 1441 quaesivimus:
1215 1409 1329 1441 neque
1356 1409 1441 1431 vero
1468 1396 1663 1441 quidquam
1700 1398 1880 1441 repertum
1910 1398 1966 1431 est

202 1461 318 1493 neque
343 1450 379 1484 in
406 1449 519 1491 Italia,
547 1461 661 1493 neque
688 1450 723 1483 in
751 1450 947 1491 Lusitania,
973 1462 1088 1494 neque
1115 1450 1211 1484 alibi.

322 1502 361 1537 P.
388 1503 538 1537 Iacobus
564 1503 692 1544 Miron,
718 1503 925 1537 Lusitaniae
951 1503 1178 1548 praepositus
1204 1502 1446 1548 provincialis,
1473 1503 1530 1537 28.
1555 1502 1634 1536 Iulii
1656 1503 1745 1537 1565
1771 1503 1964 1548 praepositi

205 1555 384 1599 generalis
415 1555 628 1597 „assistens“
667 1568 729 1601 pro
756 1556 974 1598 Lusitaniae,
1010 1556 1143 1596 Indiae,
1170 1556 1346 1590 Brasiliae
1381 1556 1576 1601 provinciis
1613 1555 1749 1590 electus
1783 1559 1862 1590 erat
1889 1555 1966 1599 (In-

205 1611 366 1642 stitutum
394 1609 427 1643 S.
456 1609 488 1643 J.
517 1609 549 1642 II
576 1609 672 1651 200).
726 1609 812 1643 Post
846 1610 1041 1654 praepositi
1076 1610 1256 1653 generalis
1283 1610 1492 1643 electionem
1520 1609 1700 1643 admissus
1726 1610 1782 1643 est
1816 1609 1860 1643 ad
1886 1620 1965 1643 con-

207 1662 452 1705 gregationem
481 1673 560 1696 cum
587 1662 668 1695 aliis
694 1662 987 1707 procuratoribus
1014 1663 1121 1697 etiam
1148 1663 1187 1697 P.
1207 1663 1421 1697 Franciscus
1440 1662 1628 1706 EnriqueZ,
1654 1662 1861 1697 Lusitaniae
1886 1674 1964 1707 pro-

207 1717 351 1749 curator
378 1715 545 1758 (Astrain
571 1715 595 1749 l.
614 1727 642 1749 c.
670 1716 701 1748 ΙΙ
729 1715 842 1758 218²).

323 1767 497 1812 Equidem
533 1768 744 1802 crediderim
781 1769 893 1803 fuisse
928 1768 1046 1809 etiam,
1083 1769 1143 1812 qui
1181 1768 1362 1803 Canisium
1397 1769 1568 1802 substitui
1604 1768 1740 1802 vellent
1777 1769 1812 1802 in
1847 1767 1963 1802 locum

205 1820 244 1855 P.
271 1820 446 1855 Everardi
472 1821 699 1861 Mercuriani,
727 1822 922 1866 praepositi
949 1822 1181 1866 provincialis
1201 1822 1415 1857 Germaniae
1442 1821 1640 1862 inferioris3
1668 1821 1728 1866 qui
1756 1821 1878 1855 eodem
1903 1821 1966 1855 illo

205 1874 261 1908 die
287 1874 343 1909 28.
362 1874 442 1908 Iulii
474 1875 688 1916 „assistens“
718 1887 781 1920 pro
808 1875 1001 1910 Germania
1028 1878 1063 1909 et
1090 1875 1208 1910 Gallia
1234 1875 1371 1909 electus
1397 1876 1484 1909 erat.

208 1998 307 2035 821
334 2001 411 2035 sive
438 1999 501 2036 it.
521 1999 655 2045 (28).
730 1999 791 2036 30.
809 1999 968 2047 Augusti
994 1999 1087 2037 1565.

323 2076 379 2111 Ex
405 2077 693 2120 congregationis
720 2078 821 2113 Actis
848 2090 955 2112 manu
981 2078 1145 2123 scriptis;
1176 2078 1277 2120 „Aet
1304 2077 1391 2112 Gen.
1411 2077 1451 2111 T.
1479 2077 1568 2111 P.¹¹⁵“
1599 2089 1631 2122 p.
1651 2077 1706 2111 68.
1758 2076 1960 2117 Decretum,

205 2129 361 2174 ascripto
387 2142 420 2164 n.
448 2131 503 2170 39,
537 2133 657 2165 exstat
692 2131 726 2165 in
757 2131 942 2173 „Decretis
967 2131 1146 2166 secundae
1173 2130 1470 2173 Congregationis
1500 2132 1581 2175 post
1607 2130 1837 2164 electionem“
1866 2130 1965 2174 typis

206 2182 366 2226 vulgatis
393 2183 613 2226 (Institntzmz
640 2184 673 2218 II
699 2185 797 2228 203).

327 2259 472 2293 Canisio
506 2264 649 2302 uryente
684 2261 922 2303 constituitur,
957 2265 997 2294 ut
1024 2260 1209 2294 Societatis
1243 2260 1465 2303 conyreqatio
1500 2262 1532 2294 3.
1560 2259 1770 2303 Septembris
1803 2259 1965 2301 finiatur,

207 2313 353 2355 reliquis
378 2313 481 2346 rebus
505 2314 553 2345 (th
578 2314 779 2355 definitores
804 2314 950 2347 reiectis.

323 2390 377 2431 In
394 2391 580 2432 secunda
600 2393 915 2446 covqreyatione
936 2391 1126 2445 yenerali
1142 2391 1359 2432 Societatis
1375 2391 1534 2432 Romae
1549 2392 1619 2432 30.
1638 2391 1821 2444 Auqustzi
1838 2391 1966 2438 1565,

210 2455 396 2505 „actione
427 2454 543 2507 21f‘,
587 2457 746 2497 decreto
780 2458 849 2498 56.
883 2460 1086 2496 statutum
1119 2460 1200 2496 est:
1239 2454 1342 2496 Cum
1375 2457 1553 2507 urgeret
1584 2453 1825 2507 Superioris
1859 2453 1966 2495 Ger-

206 2519 375 2561 maniae
408 2520 689 2561 Prouincialis
721 2534 798 2561 suo
831 2523 876 2562 et
908 2519 1190 2573 complurium
1223 2518 1555 2561 Prouincialium
1586 2518 1771 2568 nomine,
1806 2521 1854 2561 ut
1885 2519 1964 2559 hoc

208 2597 354 2625 mense
401 2584 689 2638 Congregatio
742 2583 959 2637 generalis
1012 2583 1344 2634 dissolueretur,
1397 2584 1522 2626 iuxta
1573 2583 1794 2625 decretum
1842 2583 1965 2625 46:²³1

209 2647 360 2689 Visum
382 2651 449 2690 est
470 2648 819 2702 Congregationi,
853 2650 901 2691 ut
933 2649 987 2691 ad
1020 2651 1102 2691 3³⁰¹
1126 2648 1237 2690 diem
1260 2647 1525 2702 Septembris
1556 2647 1765 2698 finiretur,
1799 2650 1842 2689 et
1874 2647 1965 2689 sine

208 2711 292 2752 alio
325 2712 498 2756 decreto
532 2727 583 2755 ea
615 2714 667 2755 de
708 2727 755 2755 re
795 2713 994 2755 faciendo
1036 2713 1248 2754 dissoluta
1279 2712 1568 2766 Congregatio
1607 2714 1878 2760 censeretur;
1922 2714 1965 2753 et

208 2775 244 2816 si
285 2790 394 2828 quae
434 2778 621 2819 nondum
662 2778 862 2820 absoluta
903 2781 1203 2828 remanerent,
1245 2778 1473 2819 dummodo
1515 2777 1569 2819 ad
1602 2776 1963 2819 Constitutionum

208 2839 541 2891 innonationem,
584 2843 653 2884 uel
695 2842 1021 2896 abrogationem
1063 2856 1147 2884 non
1180 2842 1464 2896 pertinerent,
1505 2841 1574 2883 uel
1616 2841 1671 2883 ad
1710 2854 1963 2893 magnorum

209 2903 494 2956 Collegiorum
527 2906 865 2957 dissolutionem,
904 2907 958 2948 ab
990 2906 1095 2960 ipsis
1128 2906 1433 2948 diffinitoribus
1464 2906 1580 2948 intra
1611 2908 1708 2947 octo
1741 2904 1831 2946 dies
1863 2918 1964 2946 con-

209 2971 438 3020 sequentes
469 2973 568 3023 post
600 2970 922 3013 dissolutionem
946 2970 1307 3024 Congregationis
1339 2971 1680 3020 absoluemntur,
1713 2969 1826 3023 apud
1858 2982 1964 3022 quos

210 3030 359 3074 liceret
389 3032 670 3077 intercedere.

332 3169 341 3188 ¹
367 3169 405 3202 In
432 3170 584 3205 decretis
610 3173 752 3206 excusis
778 3172 844 3206 hoc
870 3184 904 3207 n.
931 3173 975 3206 52
1003 3173 1184 3215 signatum
1212 3175 1285 3214 est;
1314 3173 1357 3207 de
1383 3185 1424 3207 eo
1450 3173 1495 3207 cf.
1523 3183 1632 3217 supra
1657 3183 1691 3216 p.
1719 3171 1798 3206 755.
