2077 3461
222 215 305 256 212
508 209 608 244 1298.
634 207 785 248 Natalis,
814 206 987 245 canisius,
1015 204 1187 239 Ledesma
1215 202 1249 238 S.
1268 201 1458 236 Francisco
1484 199 1527 234 de
1554 198 1696 242 Borgia.

222 331 314 364 inter
340 342 377 363 se
406 328 673 373 paciscerentur
703 326 764 368 (cf.
791 335 900 369 supra
928 336 960 368 p.
981 323 1101 365 170¹);
1128 321 1164 355 in
1190 319 1432 366 propositione
1460 329 1545 351 vero
1570 315 1706 350 nullam
1732 315 1802 348 iam
1828 312 1984 347 faciebat

221 383 437 418 mentionem
479 380 585 414 huius
620 378 797 424 pactionis
834 377 896 421 (cf.
924 378 1075 411 Janssen
1104 374 1126 409 1.
1154 385 1183 408 c.
1210 372 1350 407 IV¹5-¹⁶
1387 371 1484 413 223).
1536 367 1793 414 Propositionis
1820 365 1985 410 exempla

222 435 443 481 principibus
467 433 704 468 tradebantur
732 431 921 473 (Hc‘iberlz’n
949 429 972 463 l.
992 440 1022 464 c.
1040 427 1090 461 VI
1120 427 1216 469 148),
1244 428 1352 470 atque
1379 425 1427 458 ita
1454 423 1561 458 facile
1586 422 1622 456 in
1649 421 1831 455 Sociorum
1858 429 1985 453 manus

226 489 347 524 venire
374 490 552 534 poterant.

341 541 440 584 Quod
467 540 619 584 denique
654 539 698 573 ad
729 537 942 583 „pestilens“
981 534 1070 568 illud
1105 533 1278 578 scriptum
1313 531 1513 576 principum
1540 527 1816 573 protestantium
1844 525 1985 568 attinet,

224 595 388 640 equidem
413 597 509 640 puto,
545 592 705 627 libellum
740 588 937 635 significari
972 587 1144 621 mandatu
1170 584 1382 629 XVolfgangi
1409 581 1565 617 Palatini
1601 580 1702 614 ducis
1728 577 1985 621 neoburgensis

224 651 259 683 et
286 646 536 692 Christophori
568 645 669 680 ducis
695 641 1051 685 wurttembergensis
1087 639 1334 684 compositum,
1371 637 1431 681 qui
1468 636 1499 670 7.
1527 633 1662 679 Aprilis
1690 633 1780 667 1566
1811 632 1846 665 in
1873 629 1986 664 Wolf-

225 702 333 746 gangi
348 700 553 736 deversorio
569 710 688 734 coram
703 697 885 732 ordinibus
899 694 1183 740 protestantibus
1197 692 1370 726 recitatus
1388 692 1582 731 (Donati-er
1596 687 1619 722 l.
1635 698 1663 720 c.
1680 686 1753 728 38),
1768 686 1824 720 25.
1841 683 1986 728 Aprilis,

223 754 405 789 nonnullis
439 754 546 787 rebus
580 750 791 790 immutatis,
826 747 1105 794 protestantium
1140 745 1282 780 nomine
1316 743 1472 778 traditus
1508 743 1562 775 est
1588 738 1806 784 imperatori.
1858 737 1988 770 Exstat

223 808 340 842 adhuc
366 808 499 841 Romae
534 806 570 839 in
605 804 752 838 archivo
778 802 945 836 vaticano
980 798 1305 838 *Commentarius,
1341 808 1409 840 quo
1436 793 1580 829 libellus
1606 793 1665 826 ille.
1690 791 1802 826 latine
1827 790 1987 824 redditus

225 865 261 896 et
286 861 321 895 in
352 859 598 904 compendium
625 856 802 901 quoddam
828 855 996 889 redactus
1028 855 1083 887 est
1112 852 1257 895 („Conc.
1284 850 1319 884 di
1344 849 1476 883 Trento
1502 859 1536 881 n.
1566 846 1650 880 149“
1681 845 1706 879 f.
1732 842 1986 886 2832—2852);

225 913 517 950 commentarium
555 912 593 945 P.
620 910 777 944 Didacus
812 909 972 942 Jimenez
1002 907 1036 941 S.
1064 906 1098 940 J.
1133 904 1287 949 scripsit,
1325 902 1490 938 Canisius
1525 911 1590 935 sua
1626 910 1733 933 manu
1768 895 1988 940 recognovit,

225 969 265 1003 P.
292 968 443 1002 Ioannes
469 966 512 1000 de
538 964 692 998 Polanco
719 963 771 997 sic
802 961 1005 1005 inscripsit:
1045 958 1305 1002 „Summariuni
1333 968 1378 990 ex
1403 955 1536 999 scripto
1564 950 1927 987 Confessionistarum
1953 949 1988 982 in

226 1021 380 1065 comitijs
398 1018 622 1062 Augustanis
648 1016 843 1051 exhibito“.
883 1013 1066 1048 Canisium
1092 1012 1208 1057 ipsum
1235 1009 1412 1044 versionis
1431 1010 1612 1042 auctorem
1632 1016 1711 1039 esse
1730 1016 1774 1037 ex
1792 1003 1869 1047 ipso
1887 1001 1987 1036 latini

225 1074 400 1110 sermonis
435 1083 563 1117 genere
589 1070 695 1105 valde
722 1067 904 1114 probabile
941 1067 1108 1101 efficitur.
1161 1065 1281 1099 Pauca
1308 1075 1352 1097 ex
1379 1061 1499 1096 libello
1525 1060 1582 1094 hic
1609 1070 1710 1104 pono,
1738 1068 1850 1101 eaque
1876 1054 1989 1100 ipsius

226 1127 358 1162 Canisii
384 1126 504 1160 verbis
531 1135 713 1169 expressa.
766 1121 960 1156 Affirmant
985 1120 1240 1164 protestantes,
1276 1128 1315 1150 se
1346 1115 1532 1157 „mandato
1560 1113 1644 1146 Dei“
1675 1111 1822 1144 adactos
1852 1109 1989 1151 „vitare

226 1181 388 1215 ethnicas
415 1178 707 1217 abominationes,
743 1178 779 1209 et
804 1173 1038 1209 idolomanias
1064 1183 1155 1216 quae
1181 1171 1272 1204 fiunt
1298 1172 1334 1203 et
1360 1171 1444 1202 sunt
1470 1167 1504 1200 in
1532 1164 1707 1210 Papatu“.
1758 1162 1911 1207 Sperant
1936 1161 1990 1194 fu-

226 1238 344 1269 turam
371 1245 415 1268 ex
442 1231 597 1267 comitiis
628 1229 894 1273 „liberationem
926 1226 1120 1260 multorum
1157 1235 1176 1257 a
1203 1222 1394 1268 tyrannide
1421 1223 1457 1254 et
1483 1218 1744 1254 abominatione
1771 1214 1990 1260 Papistica“.

233 1287 446 1332 „Disputant
471 1297 516 1319 ex
542 1283 702 1328 historijs
728 1282 903 1316 aduersus
923 1279 1120 1313 Primatum
1142 1276 1363 1310 Pontificis‘.
1407 1273 1612 1315 Queruntur
1643 1271 1704 1312 „de
1731 1267 1992 1303 abominatione

229 1341 380 1375 Missa&
412 1341 479 1373 etc.
507 1340 543 1372 et
584 1337 647 1380 „de
682 1335 763 1380 alijs
800 1333 1059 1378 multiplicibus
1095 1330 1293 1370 erroribus,
1333 1339 1396 1373 per
1434 1337 1522 1370 quos
1558 1323 1717 1358 doctrina
1752 1324 1893 1366 patrum
1929 1321 1992 1354 aut

229 1395 375 1439 perierit
401 1392 553 1433 omnino,
589 1392 652 1425 aut
677 1390 711 1424 in
747 1388 895 1432 impium
931 1397 1077 1420 sensum
1104 1385 1244 1418 detorta
1271 1382 1329 1423 sit,
1365 1393 1428 1426 per
1460 1391 1548 1423 quos
1575 1377 1681 1411 etiam
1709 1387 1794 1409 uera
1820 1373 1991 1413 doctrina,

229 1460 298 1493 quo
324 1447 466 1490 longius
493 1457 532 1479 eo
559 1443 675 1487 magis
702 1442 902 1481 obscurata,
930 1442 965 1474 et
990 1438 1114 1472 multis
1139 1435 1271 1471 seculis
1298 1446 1380 1469 cum
1405 1430 1649 1477 inexplicabili
1675 1427 1892 1474 praeiudicio
1919 1425 1991 1460 ani-

230 1512 368 1536 marum
395 1498 598 1534 durauerit“
622 1524 629 1531 .
650 1524 656 1530 .
677 1523 683 1530 .
708 1506 839 1539 „usque
875 1494 919 1527 ad
949 1495 1102 1536 tempus
1139 1502 1208 1534 quo
1234 1489 1279 1523 40
1307 1487 1435 1522 abhinc
1461 1485 1564 1530 annjs
1591 1482 1802 1517 mirabiliter
1828 1480 1991 1523 Regnum

231 1553 466 1589 Germanicae
491 1550 656 1585 Nationis
682 1561 701 1583 a
721 1548 794 1582 Deo
821 1547 1040 1581 illustratum
1065 1546 1119 1578 est·
1145 1543 1225 1577 luce
1252 1541 1307 1575 sui
1333 1539 1527 1583 magnifici,
1554 1539 1589 1571 et
1606 1533 1838 1570 immutabilis
1857 1532 1991 1566 uerbi‘.

230 1608 269 1641 In
297 1606 444 1641 concilio
471 1603 690 1643 Tridentino,
722 1602 830 1641 aiunt,
868 1602 959 1643 „tam
985 1598 1094 1643 impia
1121 1599 1157 1630 et
1181 1595 1358 1629 horrenda
1385 1592 1551 1627 conclusa
1577 1592 1671 1629 sunt,
1708 1591 1748 1622 ut
1772 1598 1842 1621 non
1868 1586 1994 1631 putent

229 1661 383 1705 aliquem
412 1671 456 1693 ex
482 1657 636 1692 statibus
663 1654 858 1690 Catholicis
885 1664 976 1693 esse,
1013 1651 1074 1695 qui
1101 1662 1169 1684 non
1205 1648 1445 1692 obstupescat,
1477 1647 1512 1678 et
1537 1644 1682 1678 horreat
1708 1652 1749 1675 ea
1773 1640 1909 1683 legens,
1935 1639 1994 1673 uel

229 1714 387 1754 audiens,
414 1710 621 1746 nominatim
649 1711 768 1743 autem
794 1707 929 1741 addunt
954 1705 1067 1739 multa
1094 1703 1201 1747 impie
1228 1703 1263 1735 et
1281 1703 1405 1735 contra
1431 1697 1675 1744 propheticam
1695 1697 1730 1729 et
1748 1692 1993 1738 Apostolicam

231 1766 428 1802 doctrinam
455 1764 601 1799 definita
620 1774 709 1796 esse.
731 1789 737 1795 .
757 1788 764 1795 .
786 1789 792 1795 .
829 1761 924 1795 Jtem
945 1759 987 1792 de
1006 1755 1274 1792 confirmatione
1293 1753 1497 1798 Papisticae
1516 1748 1788 1784 abominationis
1806 1747 1842 1780 in
1860 1746 1993 1779 Missae

234 1819 443 1854 sacrifici0“.
492 1818 695 1860 „Accusant
722 1813 925 1848 Catholicos
952 1822 1101 1856 quorum
1128 1809 1266 1843 artibus
1293 1810 1328 1840 et
1354 1805 1542 1839 fraudibus
1567 1802 1655 1837 nihil
1681 1801 1730 1835 sit
1755 1801 1931 1839 effectum,
1958 1798 1993 1832 in

235 1872 439 1917 Colloquiis,
467 1869 677 1916 praesertim
704 1866 974 1901 XVormatiensi.
995 1892 1002 1899 .
1023 1893 1029 1898 .
1051 1892 1056 1898 .
1101 1863 1220 1897 Graue
1255 1861 1343 1906 ipsis
1369 1870 1458 1895 esse,
1495 1857 1587 1901 quod
1615 1853 1789 1889 Catholici
1816 1851 1995 1886 noluerint

234 1938 313 1961 cum
340 1926 428 1970 ipsis
463 1925 497 1958 in
525 1922 777 1957 tractationem
805 1920 846 1953 de
873 1918 1060 1962 Religione
1086 1915 1236 1959 ingredi,
1272 1925 1351 1947 cum
1378 1915 1498 1946 tamen
1525 1910 1572 1943 sit
1599 1909 1734 1953 primus
1760 1905 1933 1940 articulus
1958 1904 1993 1937 in

235 1979 470 2014 Comiciorum
496 1976 700 2010 indictione.
744 1974 941 2007 Romanam
968 1969 1168 2005 Ecclesiam
1195 1967 1356 2002 haesisse
1382 1966 1558 1999 hactenus
1585 1963 1619 1996 in
1639 1961 1823 2000 coecitate,
1850 1961 1886 1992 et
1910 1958 1993 1991 irre-

232 2033 377 2068 futabili
402 2030 634 2065 idololatria.“
694 2028 921 2072 „Proponunt
940 2052 946 2058 .
968 2052 974 2058 .
995 2052 1013 2065 .,
1049 2025 1090 2057 ut
1116 2020 1377 2066 quamprimum
1415 2020 1451 2052 et
1485 2018 1561 2051 sine
1596 2027 1705 2056 mora,
1740 2014 1777 2047 in
1804 2011 1995 2047 Germania

235 2086 367 2121 Caesar
401 2086 508 2127 cogat
534 2081 731 2116 Concilium
766 2078 957 2118 nationale,
993 2077 1051 2111 cui
1087 2077 1161 2120 ipse
1199 2074 1293 2108 adsit
1328 2075 1363 2105 et
1398 2070 1533 2116 praesit
1566 2069 1601 2102 in
1638 2077 1788 2113 persona
1818 2064 1991 2110 p1·opria.“

239 2140 389 2182 „Postea
416 2138 458 2172 de
485 2134 753 2180 grauaminibus
788 2134 989 2177 proponunt
1018 2131 1033 2163 l
1064 2129 1117 2163 Ob
1145 2127 1299 2162 afflictos
1335 2124 1558 2158 Christianos
1593 2132 1702 2155 causa
1728 2118 1926 2162 Religionis
1959 2117 1995 2150 in

236 2193 385 2227 Camera
403 2189 590 2235 Jmperiali
617 2189 637 2221 2
656 2187 735 2221 Von
762 2187 824 2220 der
849 2185 929 2218 Frei
948 2183 1112 2225 Stellung
1133 2209 1139 2215 .
1162 2209 1168 2215 .
1190 2208 1195 2214 .
1224 2180 1382 2224 Cupiunt
1399 2175 1580 2211 admoneri
1606 2186 1696 2218 quae
1720 2173 1826 2213 sint“,
1857 2172 1995 2213 „sectae

235 2248 425 2280 nascentes
452 2246 486 2278 et
512 2243 638 2276 natae“
674 2243 729 2283 „et
755 2239 909 2273 offerunt
935 2247 1078 2282 operam
1114 2235 1159 2268 ad
1194 2233 1275 2267 illas
1302 2230 1579 2266 excludendas“.
1630 2226 1787 2260 Maxime
1813 2235 1899 2258 sane
1924 2223 1996 2257 illis

237 2299 332 2333 cordi
361 2300 439 2332 erat
461 2295 664 2331 autonomia
682 2293 743 2327 illa
761 2293 838 2326 sive
861 2289 1140 2331 „Freistellting“
1157 2301 1163 2328 ;
1190 2284 1474 2320 interdicendum
1493 2293 1572 2316 esse
1590 2280 1766 2319 dicebant,
1793 2289 1836 2311 ne
1855 2276 1995 2311 ordines

237 2352 405 2386 catholici
429 2349 590 2384 homines
617 2346 762 2391 imperio
789 2356 852 2379 suo
879 2343 1071 2383 subiectos,
1098 2341 1158 2385 qui
1184 2340 1227 2374 ad
1252 2337 1509 2373 confessionem
1537 2335 1775 2377 augustanam
1793 2329 1996 2372 transgredi

238 2405 383 2445 vellent,
410 2403 727 2448 persequerentur-3
760 2396 1036 2442 expungendum
1064 2395 1171 2429 etiam
1199 2405 1244 2426 ex
1276 2402 1381 2436 „pace
1408 2387 1612 2432 religionis“
1644 2397 1722 2419 esse
1752 2385 1995 2426 „reservatum

239 2456 557 2496 ecclesiasticun1“‚
593 2454 670 2488 sive
706 2453 814 2496 caput
848 2449 946 2489 illud,
983 2460 1051 2492 quo
1088 2446 1256 2491 episcopi,
1292 2442 1455 2489 praelati,
1492 2439 1613 2475 clerici
1639 2438 1709 2477 alii,
1741 2447 1820 2470 cum
1847 2435 1889 2469 ad
1917 2446 1996 2469 con-

238 2511 430 2545 fessionem
457 2509 695 2552 augustanam
722 2504 928 2543 transirent,
956 2502 999 2536 ab
1019 2499 1285 2546 episcopatibus
1304 2496 1524 2540 reliquisque
1542 2491 1724 2527 beneficiis
1743 2488 1997 2523 ecclesiasticis

238 2564 508 2598 removerentur
536 2559 746 2604 (Christoph
778 2557 976 2599 Lehmann,
1011 2554 1063 2588 De
1090 2554 1183 2587 Pace
1209 2549 1407 2593 Religionis
1434 2550 1525 2582 Acta
1559 2544 1703 2590 publica
1737 2544 1773 2576 et
1798 2540 1995 2584 originalia,

240 2616 457 2651 Franckfurt
475 2625 531 2648 am
551 2614 660 2657 Mayn
682 2611 781 2651 1707,
808 2608 999 2651 96—102).
1047 2607 1106 2649 „In
1125 2605 1251 2639 keiner
1269 2601 1508 2641 bffentlichen,
1528 2599 1606 2632 dem
1625 2597 1758 2631 andern
1776 2594 1878 2628 Theil
1896 2594 1996 2628 noth-

240 2669 384 2712 wendig
409 2665 727 2702 mitzutheilenden
753 2662 921 2702 Sch1·ift“,
948 2660 1064 2704 inquit·
1089 2658 1241 2692 Michael
1267 2657 1429 2700 Ιῃηαίίιιε
1447 2652 1614 2695 Schmidt,
1646 2660 1739 2691 „war
1764 2659 1802 2682 so
1829 2647 1901 2681 viel
1926 2658 1997 2680 von

242 2723 463 2766 Abgijtterey
482 2718 703 2764 gesprochen
722 2715 884 2750 worden“
904 2714 1059 2757 (Neuere
1079 2710 1294 2746 Geschichte
1314 2710 1375 2742 der
1392 2705 1596 2741 Deutschen
1615 2703 1657 2743 Π,
1676 2701 1759 2735 Ulm
1779 2700 1879 2740 1786,
1899 2700 1995 2743 274).

359 2775 576 2808 Litterarum
612 2781 752 2815 quoque
787 2780 807 2802 a
833 2767 962 2802 Natale
997 2766 1145 2799 Romam
1180 2763 1382 2802 missarum,
1418 2759 1545 2804 quibus
1572 2755 1674 2796 Socii,
1710 2753 1795 2797 quid
1829 2752 1997 2787 catholici

243 2828 284 2861 de
311 2826 467 2862 caesaris
493 2823 734 2870 propositione
764 2821 949 2861 sentirent,
986 2819 1030 2853 ad
1056 2818 1225 2861 Borgiam
1251 2814 1464 2853 referebant,
1500 2809 1676 2849 Canisius,
1711 2806 1741 2841 si
1767 2818 1836 2840 non
1862 2808 1996 2846 auctor,

244 2882 339 2914 certe
358 2890 488 2921 magna
506 2889 600 2923 pars,
626 2878 666 2910 ut
684 2875 845 2915 dicimus,
873 2875 968 2913 erat3
996 2870 1176 2906 Canisium
1204 2868 1297 2903 enim
1317 2864 1601 2902 Commendonus
1625 2861 1822 2899 monuerat,
1848 2858 1999 2898 videret,

244 2935 284 2966 ut
310 2932 481 2966 eiusmodi
507 2931 649 2964 litterae
668 2929 857 2967 darentur;
886 2924 1089 2968 germanice
1106 2934 1172 2956 nec
1190 2920 1330 2955 Natalis
1356 2918 1504 2956 sciebat,
1530 2926 1595 2948 nec
1613 2913 1805 2952 Ledesma;
1833 2911 1998 2946 Canisius

245 2984 448 3029 proceribus
475 2982 660 3016 catholicis
686 2990 878 3023 eorumque
906 2976 1120 3012 consiliariis
1145 2975 1251 3018 longe
1278 2970 1492 3007 familiarius
1510 2967 1687 3005 utebatur,
1715 2975 1821 3008 quam
1848 2964 1898 2997 illi
1917 2963 1996 2998 duo.

363 3035 643 3080 Propositionem
662 3044 801 3077 quoque
824 3031 895 3074 (vel
920 3028 1232 3075 ⁷,propositiones⁴‘,
1259 3028 1299 3059 ut
1316 3022 1457 3058 Natalis
1487 3020 1553 3062 ait)
1575 3018 1801 3062 imperatoris
1820 3019 1854 3050 et
1873 3027 1996 3061 pacem

246 3088 428 3132 religionis
455 3087 616 3120 Canisius
643 3085 701 3120 vel
726 3086 802 3130 ipse
829 3083 1032 3127 germanice
1059 3080 1178 3121 vertit,
1205 3078 1264 3112 vel
1290 3077 1334 3111 ab
1360 3075 1439 3109 aliis
1466 3083 1609 3107 versum
1636 3069 1855 3113 recognovit.

365 3142 540 3174 Polcmeus
576 3139 746 3172 mandatu
784 3137 935 3180 Borgiae
970 3135 1081 3168 Roma
1117 3133 1173 3167 20.
1204 3130 1337 3175 Aprilis
1374 3127 1463 3162 1566
1498 3123 1619 3159 Natali
1657 3123 1893 3167 respondens:
1931 3121 1997 3155 Die

251 3195 304 3230 16.
332 3192 484 3237 Aprilis,
510 3191 634 3234 inquit,
678 3190 787 3232 ,ando
822 3192 943 3222 nostro
970 3187 1085 3222 Padre
1111 3183 1257 3228 general
1284 3181 1342 3216 dal
1367 3191 1468 3225 papa,
1505 3180 1539 3211 et
1566 3177 1597 3210 io
1623 3176 1656 3210 lo
1684 3175 1927 3219 acompagnai,
1962 3176 1997 3208 et
