2045 3471
204 210 288 251 282
419 208 519 242 1337.
545 207 684 242 Natalis
711 210 746 242 et
772 207 936 243 Canisius
963 208 1049 242 Iulio
1075 209 1239 243 Pavesio.
1289 207 1434 251 Dilinga
1459 220 1505 243 m.
1524 208 1612 243 lulio
1641 209 1741 244 1566.

203 326 323 369 Atque
350 326 457 359 etiam
483 327 687 371 scriptores,
723 326 785 370 qui
820 338 862 360 ea
893 328 1012 360 aetate
1038 326 1089 360 rei
1116 325 1314 360 catholicae
1339 327 1618 370 propugnandae
1645 339 1788 372 operam
1816 327 1958 367 dabant,

201 381 240 412 ut
267 379 467 412 Fridericus
493 378 690 424 Staphylus
726 382 761 413 et
789 379 1003 413 Guilielmus
1029 379 1251 422 Eisengrein,
1287 378 1411 413 multis
1445 379 1496 413 rei
1530 381 1751 414 nummariae
1781 381 1959 423 angustiis

202 432 457 475 premebantur
494 432 554 474 (cf.
586 434 673 466 Can.
700 432 751 465 ΙΙΙ
777 433 868 472 396;
903 432 953 466 IV
980 433 1067 472 971;
1104 433 1256 476 Poyz'ani
1290 431 1473 476 Epistolae
1508 433 1542 466 ΙΙ
1572 433 1657 473 241;
1695 435 1784 468 Luz.
1812 435 1958 478 Pfleyer,

204 483 373 517 Wilhelm
392 484 614 528 Eisengrein,
640 486 676 519 in
699 485 963 528 ,Historisches
981 484 1183 519 Jahrbuch“
1205 484 1307 518 XXV
1326 485 1542 527 787—791).
1585 485 1700 527 Quare
1718 486 1825 520 etiam
1846 486 1959 520 cardi-

200 536 293 570 nalis
316 537 504 572 Tricchsess
528 537 565 571 in
591 539 844 572 commentario
872 538 1024 581 quodam
1043 537 1176 571 Romae
1202 549 1248 572 m.
1268 537 1432 571 Ianuario
1451 549 1481 572 a.
1503 538 1593 573 1566
1611 539 1745 583 scripto
1762 541 1959 574 monuerat.

201 589 321 632 legato
348 590 391 624 ad
419 591 562 625 comitia
588 591 728 636 imperii
755 591 930 625 mittendo
957 591 1153 624 curandum
1179 591 1266 631 fore,
1292 592 1333 624 ut
1351 591 1537 635 episcopos
1556 591 1769 626 Germaniae
1795 592 1839 626 ad
1857 595 1959 636 typo-

201 643 358 687 graphos
382 644 577 678 catholicos
600 645 774 678 iuvandos
798 644 992 678 adduceret
1012 643 1078 687 (W.
1097 645 1139 678 E.
1161 645 1340 687 Schwam,
1368 643 1454 678 Vier
1479 644 1727 687 ungedruckte
1754 644 1959 679 Gutacbten

201 696 263 730 des
291 696 480 731 Kardinals
507 697 592 731 Otto
619 698 826 737 Truchsess,
853 697 889 730 in
919 696 1129 738 ,Romische
1156 697 1455 738 Quartalsch1·ift“
1485 697 1535 731 IV
1554 698 1628 741 36).

320 749 351 782 3.
380 748 467 783 Cum
503 761 544 783 ea
577 752 695 784 aetate
721 750 938 788 auctoribus,
973 750 1220 795 typographis,
1257 749 1458 795 bibliopolis
1492 750 1594 794 leges
1628 750 1712 784 illae
1746 751 1960 794 singulares.

202 801 330 846 quibus
348 814 442 836 nunc
466 802 637 836 librorum
656 804 856 847 proprietas
874 802 1050 837 vindicari
1068 805 1197 848 potest,
1223 805 1368 848 praesto
1386 815 1455 837 non
1475 806 1606 845 essent,
1632 803 1812 849 principes
1834 804 1959 849 „privi-

201 855 296 899 legia
320 855 602 900 typographica“
625 856 668 890 iis
695 856 888 890 concedere
915 856 1088 895 solebant,
1115 857 1193 890 sive
1219 856 1361 890 litteras
1387 856 1561 901 publicas,
1589 857 1717 901 quibus
1743 857 1811 902 ipsi
1837 857 1961 902 poenis

202 909 395 953 propositis
430 909 702 944 interdicebant.
736 921 781 943 ne
813 910 874 953 qui
900 909 960 943 alii
995 909 1032 943 in
1057 909 1132 944 suis
1158 909 1265 944 terris
1298 909 1407 944 libros
1439 910 1520 944 illos
1547 910 1766 944 excuderent
1791 910 1849 944 vel
1875 922 1960 944 ven-

202 962 328 995 derent
357 961 516 1003 (Friedr.
543 964 662 1006 Kapp,
699 962 916 997 Geschichte
949 963 1010 997 des
1037 962 1233 997 deutschen
1260 963 1512 997 Buchhandels
1539 964 1564 1004 I,
1594 964 1737 1008 Leipzig
1766 964 1865 1001 1886,
1893 963 1961 998 736

203 1015 247 1048 ad
275 1015 371 1058 739).
421 1015 540 1059 Atque
575 1015 762 1060 pontifices
797 1017 830 1050 in
868 1016 1042 1050 eiusmodi
1076 1016 1209 1050 litteris
1244 1016 1342 1060 ipsas
1377 1016 1485 1050 etiam
1512 1017 1891 1051 excommunicationis
1926 1020 1961 1051 et

203 1067 384 1102 interdicti
422 1079 555 1112 poenas
596 1068 850 1113 proponebant.
910 1069 1109 1103 Perdoctus
1150 1072 1270 1103 autem
1309 1070 1366 1103 vir
1404 1069 1538 1103 Paulus
1575 1070 1760 1104 Manutius
1799 1072 1960 1111 venetus,

203 1121 379 1165 praeclari
404 1121 500 1155 illius
525 1121 607 1155 Aldi
633 1122 786 1156 Manutii
812 1122 1026 1167 typographi
1055 1124 1091 1156 et
1116 1122 1262 1157 editoris
1286 1122 1393 1163 filius,
1421 1134 1452 1157 a.
1474 1123 1559 1157 1561
1589 1134 1609 1156 a
1635 1123 1698 1157 Pio
1724 1123 1785 1156 IV.
1812 1122 1959 1157 Romam

203 1174 341 1208 accitus
368 1177 455 1215 erat,
485 1177 524 1208 ut
550 1175 659 1209 libros
686 1187 819 1216 sacros,
856 1187 961 1220 opera
988 1175 1148 1216 Patrum,
1183 1176 1377 1220 insignium
1412 1176 1660 1219 theologorum
1695 1177 1829 1221 scripta
1863 1176 1961 1220 typis

202 1226 380 1270 vulgaret.
431 1228 487 1261 Ita
514 1240 543 1262 a.
566 1228 655 1262 1565
681 1229 751 1262 tria
778 1228 892 1273 prima
909 1228 1089 1262 volumina
1116 1240 1262 1273 operum
1289 1228 1322 1263 S.
1341 1229 1552 1273 Hieronymi
1578 1240 1598 1262 a
1623 1229 1784 1262 Mariano
1803 1228 1962 1262 Victorio

202 1280 476 1323 recognitorum,
513 1293 543 1314 a.
574 1281 663 1315 1566
691 1280 939 1316 Catechismus
975 1281 1114 1316 concilii
1141 1281 1339 1315 Tridentini
1374 1294 1419 1315 ex
1454 1282 1530 1316 eius
1566 1282 1708 1315 officina
1743 1281 1961 1326 prodierunt.

202 1332 363 1374 Quantae
406 1346 490 1367 vero
532 1334 766 1368 difficultates
801 1334 990 1369 Germanis
1032 1334 1219 1369 catholicis
1261 1347 1306 1368 ex
1346 1334 1547 1379 privilegiis
1580 1334 1732 1368 Manutii
1774 1335 1962 1375 orirentur,

202 1387 345 1420 Natalis
379 1387 576 1431 explicavit
610 1387 645 1421 in
680 1387 812 1422 litteris
839 1387 942 1432 Spira
975 1388 1028 1422 12.
1056 1387 1264 1422 Decembris
1299 1388 1389 1422 1566
1416 1388 1563 1422 Romam
1600 1388 1643 1422 ad
1680 1387 1713 1421 S.
1733 1387 1962 1421 Franciscum

201 1439 370 1482 Borgiam
396 1440 535 1474 missis:
566 1439 781 1485 „Stampano
799 1440 864 1474 tali
882 1440 963 1474 libri
990 1440 1014 1474 li
1041 1440 1201 1481 heretici,
1228 1443 1264 1474 et
1282 1440 1312 1474 si
1330 1440 1480 1474 burlano
1500 1440 1592 1474 della
1611 1441 1960 1480 excomunicatione3

202 1494 238 1526 et
263 1492 287 1526 li
313 1492 397 1526 altri
424 1493 603 1534 catholici,
630 1506 649 1527 0
676 1505 761 1528 sono
788 1493 935 1528 sforzati
963 1505 1146 1539 comprare
1174 1493 1283 1537 quelli
1310 1493 1390 1527 libri
1419 1494 1504 1528 dalli
1531 1493 1690 1535 heretici,
1717 1505 1782 1527 con
1808 1493 1962 1538 pericolo

203 1545 236 1578 di
273 1545 381 1579 esser’
408 1547 565 1587 cori-otti,
602 1558 620 1579 o
647 1558 686 1581 se
721 1547 745 1580 li
778 1546 895 1580 hanno
932 1558 953 1580 a
988 1558 1195 1592 comparare
1230 1547 1273 1580 de
1309 1547 1418 1591 quelli
1456 1547 1490 1580 di
1517 1546 1638 1587 Roma,
1674 1547 1698 1581 li
1731 1558 1961 1591 comprarano

203 1598 378 1632 carissimi
414 1610 523 1643 supra
556 1600 719 1633 modum“
752 1599 998 1645 (Epp.Nadaz
1024 1600 1073 1634 lll
1109 1599 1323 1643 345—346).
1375 1600 1540 1634 Natalem
1567 1599 1661 1634 haud
1687 1611 1886 1644 perperam,
1920 1611 1963 1633 ne

203 1650 369 1685 catholici
395 1651 476 1685 libri
511 1652 546 1685 in
574 1651 765 1687 Germania
800 1665 863 1697 per
888 1653 1136 1697 typographos
1171 1655 1415 1698 protestantes
1442 1656 1765 1697 corrumperentur,
1800 1652 1964 1686 timuisse

203 1704 385 1747 colligitur
411 1716 455 1738 ex
482 1717 532 1745 eo,
569 1706 660 1749 quod
697 1706 732 1739 in
768 1706 845 1750 ipsa
881 1706 987 1740 etiam
1016 1706 1191 1751 Hispania
1217 1706 1354 1740 factum
1389 1717 1468 1740 esse
1494 1708 1616 1740 narrat
1641 1707 1681 1740 P.
1708 1707 1918 1740 Domine'cus
1942 1717 1962 1739 a

205 1759 288 1792 Soto
325 1757 589 1801 (1494—1560)
629 1758 669 1792 O.
697 1759 767 1799 Pr.‚
803 1759 1006 1802 theologiae
1048 1759 1082 1793 in
1117 1759 1355 1801 universitate
1390 1759 1660 1793 salmanticensi
1694 1759 1885 1804 professor,
1928 1759 1963 1792 in

207 1810 502 1852 „Commentariis
527 1811 562 1844 in
590 1814 756 1855 quartum
777 1811 1078 1852 Sententia1·um“‚
1106 1824 1136 1845 a.
1159 1812 1247 1846 1557
1275 1811 1515 1846 Salmanticae
1543 1814 1578 1845 et
1604 1814 1728 1856 postea
1751 1811 1963 1856 compluries

204 1863 309 1897 editis
339 1863 436 1906 (dist.
462 1864 517 1905 50,
545 1875 603 1907 qu.
630 1865 744 1904 unica,
773 1867 838 1898 art.
858 1865 914 1908 6):
946 1865 1181 1907 „Rudimenta
1207 1865 1289 1898 fidei
1324 1865 1358 1898 in
1386 1865 1487 1899 breui
1513 1864 1677 1899 chartula
1703 1865 1843 1908 uulgari
1879 1864 1963 1898 idio-

204 1919 299 1950 mate
325 1917 661 1961 simplicissimoque
688 1917 784 1962 stylo
803 1917 1009 1962 conscripsi.
1054 1918 1155 1952 Hanc
1174 1918 1267 1962 apud
1287 1917 1565 1963 Compostellam
1591 1917 1711 1962 praelo
1737 1918 1963 1952 commissam

204 1971 417 2014 impostores
443 1970 587 2014 quidam
613 1970 785 2005 haeretici
811 1971 1126 2012 commacularunt,
1153 1971 1302 2005 calculis
1327 1971 1467 2005 nomine
1485 1983 1563 2005 meo
1588 1971 1845 2015 imprimentes,
1871 1970 1964 2014 quod

204 2022 451 2056 sacratissima
486 2023 640 2067 Deipara
675 2024 777 2067 uirgo
812 2036 881 2057 non
920 2026 1016 2058 esset
1050 2026 1222 2067 tanquam
1258 2024 1416 2058 adiutrix
1458 2026 1493 2058 et
1531 2024 1706 2058 aduocata
1740 2027 1863 2058 nostra
1901 2024 1964 2057 im-

204 2075 388 2120 ploranda.
432 2075 540 2110 Cuius
559 2076 779 2110 contrarium
798 2088 863 2119 ego
882 2076 917 2110 in
943 2077 1106 2121 proxima
1125 2077 1353 2121 praecedenti
1378 2077 1510 2121 pagina
1528 2077 1722 2111 secundum
1743 2075 1963 2110 Catholicam

206 2128 311 2162 fidem
338 2129 602 2163 admonueram.
655 2129 723 2163 Sed
757 2129 818 2163 ille
845 2129 1142 2174 chalcographus,
1177 2130 1220 2163 ob
1246 2129 1353 2163 aliam
1388 2129 1421 2163 id
1456 2141 1569 2173 genus
1594 2130 1839 2174 imposturam,
1874 2130 1964 2173 pati—

206 2181 288 2215 bulo
306 2181 375 2215 fuit
391 2183 606 2226 suspensus“
627 2182 899 2225 (Commentarii
916 2183 950 2215 in
970 2185 1137 2225 quartum
1157 2182 1420 2216 Sententiarum
1439 2183 1483 2221 ΙΙ,
1498 2182 1661 2216 Venetiis
1681 2182 1782 2221 1570.
1808 2182 1832 2216 f.
1848 2182 1961 2225 28411).

208 2234 254 2268 Et
287 2234 323 2268 in
359 2234 551 2269 Germania
585 2235 813 2269 doctissimus
838 2235 899 2269 ille
925 2237 1075 2269 Ioannes
1105 2236 1293 2270 Coemaeus
1321 2235 1586 2279 (1479—1552)
1623 2236 1666 2269 de
1692 2235 1964 2269 Lutheranismo

208 2287 421 2322 affirmavit:
453 2287 627 2331 „Multum
653 2289 832 2333 promouit
856 2300 987 2322 nouum
1014 2288 1110 2322 istud
1136 2288 1372 2332 Euangelium
1393 2288 1741 2333 Chalcographorum
1769 2299 1810 2322 ac
1836 2287 1964 2322 Biblio-

208 2340 367 2385 polarum
393 2352 505 2382 mens,
531 2340 717 2382 industria,
744 2341 905 2385 impensa
931 2343 966 2374 et
992 2353 1110 2386 opera.
1160 2341 1251 2375 Nam
1278 2341 1446 2385 quicquid
1472 2353 1535 2386 pro
1562 2341 1718 2375 Luthero
1743 2343 1830 2381 erat,
1857 2352 1963 2384 quam

207 2393 481 2436 diligentissime
507 2405 549 2428 ac
574 2394 865 2428 emendatissime
900 2394 1189 2438 imprimebatur:
1225 2393 1398 2438 Quicquid
1426 2406 1510 2428 uero
1536 2405 1598 2439 pro
1625 2393 1830 2435 Catholicis,
1865 2394 1964 2436 igna-

209 2447 355 2480 uissime
382 2459 424 2481 ac
449 2446 702 2481 uitiosissime⁴⁴
744 2447 1023 2489 (Commentaria
1050 2447 1092 2480 de
1122 2447 1220 2481 Actis
1246 2449 1281 2480 et
1308 2447 1458 2492 Scriptis
1483 2447 1629 2481 Martini
1656 2446 1802 2480 Lutheri
1828 2446 1854 2487 I,
1889 2446 1963 2479 Mo·

208 2499 354 2542 guntiae
383 2500 483 2541 1549,
509 2500 583 2543 58).
635 2499 801 2533 Ceterum
828 2500 1015 2540 erraveris,
1052 2500 1081 2533 si
1108 2500 1308 2534 Manutium
1344 2499 1543 2545 privilegiis
1569 2500 1613 2533 ad
1639 2499 1784 2532 divitias
1819 2510 1963 2541 congre-

209 2553 345 2595 gandas
371 2564 475 2586 usum
501 2564 580 2587 esse
599 2552 748 2593 dixeris;
776 2554 852 2597 ipse
871 2555 967 2587 certe
986 2554 1174 2587 Manutius
1200 2573 1243 2576 —
1262 2553 1366 2587 homo
1384 2553 1414 2586 is
1433 2555 1511 2586 erat
1535 2552 1666 2597 probus
1685 2553 1721 2585 et
1745 2551 1900 2596 prudens
1918 2571 1963 2575 —

207 2605 339 2639 litteris
364 2605 527 2640 Venetiis
562 2606 617 2640 26.
645 2605 853 2639 Decembris
890 2606 980 2640 1570
1015 2605 1058 2639 ad
1094 2606 1282 2639 Horatium
1318 2605 1557 2640 Cardanetum
1593 2604 1685 2638 datis
1720 2604 1888 2644 affirmat,
1925 2616 1963 2638 se

208 2658 340 2692 Romae
372 2659 511 2700 „decem
547 2670 719 2692 annorum
746 2658 927 2692 laboribus
954 2658 1016 2692 vix
1050 2658 1118 2692 tria
1152 2660 1373 2692 scutatorum
1401 2658 1522 2699 millia,
1557 2657 1590 2691 id
1619 2659 1684 2697 est,
1719 2659 1892 2700 quantum
1919 2657 1962 2690 ad

208 2709 314 2743 filiam
335 2711 575 2744 collocandam
593 2711 808 2754 requiratur,
827 2711 995 2754 colligere
1013 2711 1191 2755 potuisse“
1214 2710 1332 2754 (Pauli
1350 2710 1502 2744 Manutii
1521 2709 1761 2754 Epistolarum
1777 2709 1873 2743 Libri
1884 2709 1962 2750 XII,

210 2762 262 2795 ed.
289 2764 360 2797 Iac.
392 2765 611 2808 TIzonzasius,
637 2763 778 2809 Lipsiae
807 2765 907 2802 1669,
935 2764 1032 2806 585).

326 2816 358 2849 4.
385 2815 518 2850 Romae
544 2817 771 2861 pereruditus
796 2817 853 2850 vir
880 2816 1092 2851 Guilielmus
1119 2816 1269 2850 Sirletus
1298 2814 1576 2859 (1514-1585),
1604 2826 1635 2848 a.
1656 2814 1744 2848 1565
1772 2814 1963 2848 cardinalis

211 2869 350 2901 creatus
372 2868 522 2912 (aliquot
540 2870 643 2903 annis
661 2873 742 2914 post
759 2869 995 2903 bibliothecae
1010 2870 1198 2903 vaticanae
1216 2870 1421 2914 praefectus
1439 2868 1522 2911 est),
1540 2867 1790 2901 bibliothecam
1809 2866 1964 2900 habebat

212 2919 390 2953 codicibus
414 2920 536 2955 latinis
561 2925 597 2955 et
624 2923 763 2965 graecis
789 2922 959 2956 refertam
982 2922 1036 2965 (P.
1056 2923 1218 2965 Battifol,
1248 2922 1298 2956 La
1315 2921 1490 2955 Vaticane
1516 2921 1559 2954 de
1579 2920 1669 2953 Paul
1686 2919 1737 2953 ΠΙ
1765 2921 1783 2953 a
1812 2919 1901 2953 Paul
1919 2919 1962 2959 V,

212 2971 314 3005 Paris
343 2973 442 3011 1890,
469 2975 618 3009 51-60.
670 2977 719 3009 St.
739 2976 859 3019 Elzses,
887 2975 1182 3020 Korrespondenz
1209 2975 1270 3008 des
1296 2974 1488 3008 Kardinals
1515 2972 1666 3006 Cervino
1701 2972 1766 3005 mit
1791 2971 1962 3006 Wilhelm

212 3022 319 3057 Sirlet
346 3023 476 3067 [1546]
510 3027 544 3059 in
575 3027 784 3068 ,Romische
811 3027 1111 3069 Qua1·talschrift“
1142 3027 1203 3065 XI,
1230 3027 1317 3060 Rom
1348 3026 1447 3066 1897,
1478 3024 1694 3067 595—604).
1744 3025 1856 3058 Paulo
1883 3026 1964 3069 post

211 3076 371 3109 futurum
398 3080 485 3117 erat,
521 3081 560 3111 ut
586 3079 750 3113 Canisius
775 3081 851 3124 ipse
877 3081 945 3114 hac
970 3080 1185 3114 bibliotheca
1212 3081 1352 3124 copiose
1378 3080 1539 3112 uteretur
1566 3077 1674 3120 (Petr.
1698 3077 1874 3119 Cam'se‘us,
1910 3077 1962 3110 De

212 3128 326 3161 Maria
352 3128 499 3170 Virgine
526 3131 804 3175 incomparabili.
832 3133 1041 3175 ingolstadii
1070 3133 1170 3172 1577,
1199 3133 1270 3174 15).

332 3180 439 3214 Plura
467 3182 508 3214 de
535 3182 590 3216 his
617 3184 747 3217 litteris
773 3185 854 3218 vide
881 3186 916 3218 in
947 3185 1212 3227 ,Historisches
1238 3184 1443 3218 ιῙα]ινῖ)ιισ]ι“
1473 3181 1574 3216 XXX
1600 3182 1750 3216 62—72.
