2077 3461
740 188 884 232 Dilinga
910 188 965 222 26.
985 188 1065 222 Iulii
1093 188 1194 222 1565.
1794 189 1846 230 87

86 307 256 350 Domini
295 309 394 349 sunt
436 307 566 349 corda
606 307 824 349 hominum
840 309 867 350 1.
938 306 1077 348 Valde
1118 309 1292 360 optaret
1332 307 1384 348 D.
1427 305 1666 347 Cardinalis
1707 306 1847 348 Reue-

85 372 270 414 rentiam
294 372 342 415 Τ.
376 385 462 413 vna
495 386 590 413 cum
613 372 744 414 Patre
766 371 917 414 Natali
939 372 1006 412 vel
1031 370 1162 413 Patre
1184 371 1409 412 Euerardo
1423 372 1451 421 2,
1486 370 1625 412 alioue
1656 370 1849 413 authori-

85 439 223 480 tatem
255 436 369 490 apud
406 436 513 478 istos
551 436 738 478 habente
779 437 833 478 ad
874 436 1142 490 praedictum
1176 435 1288 476 diem
1330 436 1496 484 adesse,
1539 435 1670 477 Nullo
1703 438 1848 478 autem

85 501 211 543 modo
243 503 371 555 putat
402 502 454 544 D.
487 501 727 543 Cardinalis
762 501 1049 543 Reuerentiae
1082 500 1129 543 T.
1164 500 1406 542 absentiam
1449 500 1759 542 diuturniorem
1794 500 1848 542 ad

86 566 320 621 placandos
353 565 660 607 Canonicorum
695 566 861 607 animos
893 566 987 607 fore
1020 568 1290 619 oportunam.
1335 566 1399 606 De
1432 565 1563 607 Patre
1593 565 1849 607 Guilielm03

88 630 269 679 dubitat,
311 644 396 672 non
438 630 711 672 existimaret
752 632 925 672 tamena
957 631 1033 672 abs
1065 644 1112 671 re
1154 630 1260 680 fore,
1303 629 1338 671 si
1381 630 1434 671 ad
1476 643 1636 684 paucos
1679 643 1849 671 menses

87 695 189 737 alibi
220 695 293 736 ille
325 695 505 737 viueret.
551 695 601 737 D.
626 695 867 737 Cardinalis
900 695 1013 737 omni
1045 695 1228 749 primum
1252 694 1483 744 suauitate,
1517 694 1658 736 acrius
1683 694 1847 743 deinde,

87 774 137 802 ac
169 774 335 802 summo
367 760 543 802 tandem
575 759 667 801 iure
701 774 793 801 cum
829 759 1054 802 Canonicis
1086 774 1132 802 se
1165 773 1296 813 agere
1329 760 1441 801 velle
1474 759 1597 802 dixit.

205 824 440 877 Collegium
473 827 668 867 nostrum
702 825 898 877 quamuis
931 839 1090 879 paucos
1122 825 1282 867 habeat
1313 824 1488 875 fratres,
1533 824 1670 866 multa
1702 826 1848 866 tamen

87 889 218 932 habet
251 889 409 938 debita,
445 903 554 942 quae
586 891 732 930 tamen
757 890 811 931 ad
833 891 963 931 finem
986 889 1087 932 anni
1108 890 1236 931 facile
1259 889 1467 931 soluenda
1489 903 1628 943 spero.
1671 889 1697 930 J
1701 889 1850 931 uuabit

87 954 218 996 etiam
241 953 442 996 fortassis
466 954 828 1008 Reuerendissimj
853 954 1105 1005 liberalitas,
1139 955 1211 1007 qui
1232 954 1428 1009 proximo
1453 969 1563 996 anno
1588 967 1687 996 aere
1710 954 1849 996 alieno

87 1019 356 1060 liberandum
389 1032 436 1060 se
469 1018 658 1061 confidit.
722 1019 940 1061 Hesterno
974 1019 1040 1061 die
1072 1023 1172 1073 post
1204 1020 1483 1062 decantatum
1517 1018 1767 1061 solemniter
1799 1019 1850 1060 de

87 1086 238 1125 sancto
261 1084 288 1126 J
292 1083 425 1125 acobo
440 1084 468 1134 4,
504 1083 622 1125 cuius
645 1083 803 1126 festum
829 1085 1053 1137 agebatur,
1089 1099 1271 1135 sacrum,
1305 1084 1346 1125 in
1371 1084 1611 1137 gratiarum
1634 1083 1848 1126 actionem

87 1163 164 1203 pro
198 1149 336 1191 electo
370 1151 518 1191 nostro
553 1149 767 1199 Generali,
807 1149 1101 1203 Antiphonam
1135 1150 1186 1191 de
1219 1149 1389 1191 nomine
1421 1149 1552 1192 IESV
1586 1148 1754 1191 cantari
1785 1148 1850 1189 in-

87 1213 231 1256 stituit
261 1213 435 1263 musice,
470 1213 709 1255 orationem
742 1214 835 1268 ipse
866 1214 1174 1268 pontificaliter
1205 1214 1406 1257 inductus
1439 1214 1607 1264 cecinit,
1642 1216 1753 1268 post,
1788 1213 1849 1254 Te

89 1279 226 1320 Deum
259 1278 486 1320 laudamus
520 1279 799 1321 decantatum
834 1283 913 1329 est,
958 1281 1002 1321 et
1035 1279 1146 1321 aliae
1178 1293 1329 1333 preces
1362 1279 1415 1321 ab
1449 1279 1598 1321 eodem
1630 1279 1850 1320 Reueren-

89 1343 264 1385 dissimo
297 1343 563 1386 subiunctae.
628 1343 739 1385 Hinc
778 1344 831 1386 ad
865 1344 1101 1397 Collegium
1135 1347 1329 1386 nostrum
1364 1344 1496 1393 venit,
1531 1346 1575 1386 et
1607 1343 1848 1398 prandium,

89 1409 201 1462 quod
227 1408 455 1462 magnifice
477 1408 759 1458 instruxerat,
793 1409 1014 1450 nobiscum
1037 1409 1221 1462 sumpsit
1242 1423 1400 1462 magna
1424 1409 1552 1451 animi
1575 1408 1745 1451 laetitia
1767 1411 1848 1451 etc.

207 1474 258 1516 D.
295 1473 596 1515 Gubernator-²1
629 1473 812 1515 amicum
861 1488 907 1515 se
950 1477 1146 1516 nostrum
1195 1473 1406 1524 ostendit,
1452 1473 1611 1515 Missus
1655 1473 1738 1516 fuit
1782 1473 1850 1515 die

89 1538 311 1580 Dominico
334 1538 562 1592 proximo6
594 1538 647 1580 ad
680 1538 989 1580 monasterium
1024 1538 1237 1591 quoddam
1261 1538 1448 1580 Sanctae
1471 1538 1687 1591 Brigittae
1716 1552 1849 1592 prope

89 1602 377 1655 Nordlingam
424 1617 510 1644 vna
556 1617 650 1644 cum
692 1603 823 1646 Patre
865 1603 1098 1657 Stephano,
1144 1606 1193 1645 vt
1235 1603 1286 1644 de
1329 1603 1596 1645 instituenda
1639 1617 1752 1645 noua
1793 1603 1849 1645 ibi

89 1667 326 1710 Abbatissa
358 1667 528 1709 nomine
561 1667 924 1722 Reuerendissimj
959 1668 1151 1720 ageret?
1205 1668 1337 1710 Pater
1369 1668 1612 1722 Stephanus
1645 1668 1850 1710 exhorta-

87 1733 248 1775 tionem
282 1733 336 1774 ad
370 1732 563 1786 virgines
594 1732 758 1783 habuit,
802 1733 1104 1774 Confessiones
1145 1733 1332 1774 omnium
1366 1733 1551 1786 excepit,
1595 1736 1639 1776 et
1680 1747 1849 1775 sacram

89 1797 150 1839 eis
182 1798 370 1851 synaxin
401 1797 607 1851 perrexit.

208 1863 447 1904 Semestres
470 1862 748 1916 prouinciae8
770 1862 1044 1915 negligenter
1066 1862 1187 1913 satis,
1211 1866 1261 1905 vt
1282 1863 1427 1913 timeo,
1452 1863 1651 1917 scriptas,
1675 1863 1848 1905 tandem

89 1927 312 1970 mittimus
361 1928 583 1978 Dominus,
609 1930 658 1969 vt
680 1927 846 1969 maiora
868 1930 913 1970 et
934 1928 1086 1970 melius
1109 1928 1310 1982 deinceps
1332 1928 1583 1978 scribamus,
1617 1928 1852 1969 clementer

89 1993 311 2035 concedat.

206 2057 483 2107 Vacationes,
518 2071 628 2110 quae
658 2057 770 2099 festo
803 2058 854 2101 D.
879 2057 1071 2099 Vdalrici
1103 2061 1351 2111 coeperunt,
1385 2058 1440 2099 ad
1472 2058 1631 2100 festum
1655 2057 1849 2099 Hilariae

87 2123 215 2164 finem
257 2122 510 2175 accipient9.
581 2123 885 2176 Expectantur
929 2122 1052 2164 multi
1098 2123 1264 2164 nobiles
1309 2122 1504 2165 studiosi.
1568 2122 1694 2164 Calor
1736 2136 1848 2163 nunc

213 2210 239 2239 a)
262 2210 320 2233 Hoc
340 2217 363 2232 r.
385 2218 401 2231 n
427 2209 527 2232 Yswml'.
549 2211 577 2233 (’.
598 2216 690 2240 supra
713 2216 825 2233 versum
847 2209 988 2240 stu-sptium
1010 2212 1059 2234 est.

212 2317 220 2335 ¹
247 2316 299 2350 Cf.
320 2316 392 2349 ΡΠ
416 2315 470 2356 21,
492 2316 520 2349 1.
667 2315 680 2335 ²
706 2315 943 2349 Mercuriano.
979 2315 1032 2349 Cf.
1058 2315 1151 2349 infra
1175 2327 1267 2349 mon.
1289 2326 1370 2358 aug.
1398 2315 1434 2358 (a
1449 2316 1498 2357 5).
1645 2315 1657 2335 ³
1686 2313 1849 2348 Elderen.

208 2371 220 2388 ⁴
246 2369 391 2409 Maiore,
419 2367 592 2412 apostolo.
737 2368 750 2387 ⁵
777 2368 963 2402 Cornelius
989 2368 1123 2402 Herlen
1149 2380 1169 2402 a
1195 2368 1402 2402 Rosenthal.
1548 2368 1561 2387 ⁶
1587 2367 1642 2401 22.
1662 2367 1753 2400 Iulii.

208 2423 219 2441 Ἰ
246 2421 410 2456 Dubitari
437 2433 504 2454 non
531 2423 661 2465 potest,
688 2421 773 2464 quin
792 2421 954 2455 Liberius
981 2433 1060 2455 cum
1089 2421 1244 2455 Herleno
1269 2421 1377 2455 suerit
1403 2421 1438 2455 in
1466 2420 1681 2454 monasterio
1700 2420 1849 2453 Mariae-

87 2474 332 2519 Mayhingano
361 2474 595 2516 (Maihingen,
627 2485 722 2507 nunc
748 2474 850 2508 vicus
877 2474 1082 2518 provinciae
1109 2475 1275 2508 suebicae
1302 2475 1403 2517 regni
1430 2473 1618 2516 bavarici)‚
1645 2473 1738 2517 quod
1765 2475 1849 2507 tunc

87 2527 269 2571 virginum
307 2527 441 2562 ordinis
480 2526 667 2570 birgittani
705 2529 792 2567 erat,
832 2538 863 2561 a.
903 2528 1135 2562 1607-1608
1174 2527 1347 2561 fratribus
1383 2526 1681 2561 conventualibus
1715 2526 1849 2560 ordinis

87 2580 265 2615 Minorum
300 2580 492 2621 traditum,
528 2591 559 2614 a.
590 2580 821 2615 1802—1803
848 2580 1030 2614 sublatum
1057 2583 1113 2614 est
1142 2580 1203 2623 (G.
1231 2582 1379 2623 Bz'nder,
1407 2579 1622 2614 Geschichte
1655 2579 1718 2612 der
1744 2578 1848 2623 baye-

87 2633 228 2668 rischen
254 2633 618 2677 Birgitten-Kloster,
656 2632 894 2676 Regensburg
923 2633 1032 2674 1896,
1068 2633 1136 2668 208
1164 2633 1231 2667 213
1260 2633 1475 2675 235-236).
1527 2632 1626 2672 Quod
1659 2634 1779 2665 autem
1805 2631 1847 2665 ad

87 2686 306 2721 abbatissam
334 2686 431 2721 illam
459 2687 601 2727 attinet,
630 2685 873 2720 Elisabetham
900 2686 1069 2720 Mullerin
1097 2688 1335 2729 augustanam
1362 2686 1569 2729 significari,
1603 2687 1711 2728 atque
1737 2685 1788 2718 ita
1814 2685 1849 2718 iu

88 2740 351 2774 abbatissarum
386 2740 697 2783 maihinganarum
735 2739 899 2782 catalogo
935 2739 1183 2782 corrigendum
1221 2750 1299 2772 esse
1335 2739 1498 2782 equidem
1531 2738 1700 2778 dixerim;
1736 2749 1849 2781 usque

88 2793 204 2827 adhuc
239 2795 331 2827 enim
363 2793 600 2835 XValburgem
633 2803 654 2825 a
688 2792 948 2835 Mindoffingen
984 2804 1014 2826 a.
1045 2793 1297 2832 1561--1568,
1335 2791 1579 2825 Elisabetham
1617 2791 1848 2826 1568—1573

88 2846 290 2881 abbatissas
324 2847 437 2880 fuisse
472 2846 699 2880 tradiderunt
728 2845 784 2887 (C.
811 2847 877 2879 Fr.
905 2847 954 2880 W.
981 2846 1165 2889 Freyherr
1190 2856 1256 2878 ron
1282 2846 1464 2887 Nettelbm,
1500 2844 1709 2887 Vorlaufige
1746 2843 1848 2877 kurz-

89 2899 247 2942 gefasste
274 2899 471 2933 Nachricht
505 2911 574 2932 von
611 2898 751 2940 einigen
778 2898 948 2932 Klijstern
988 2898 1050 2932 der
1085 2898 1129 2932 H.
1157 2897 1433 2932 Schwedischen
1468 2897 1622 2941 Birgitte
1657 2896 1848 2931 auserhalb

90 2952 296 2993 Schweden‚
323 2952 520 2986 Frankfurt
546 2963 580 2986 u.
608 2951 690 2984 Ulm
720 2951 820 2991 1766,
849 2951 928 2986 100.
964 2952 1102 2984 Binder
1126 2950 1149 2984 l.
1177 2962 1207 2985 c.
1234 2950 1301 2985 208
1328 2951 1425 2993 ⁶240).

208 3008 219 3025 ⁸*
244 3005 296 3039 De
320 3005 593 3047 „semestribus“
616 3004 715 3038 hisce
744 3003 876 3037 litteris
895 3003 987 3045 vide,
1015 3015 1106 3047 quac
1124 3003 1191 3037 sub
1210 3003 1325 3048 ipsam
1353 3003 1446 3037 hanc
1465 3003 1655 3048 epistulam
1675 3003 1847 3037 dicentur.

208 3060 220 3077 '³
246 3058 445 3093 Cardinalis
481 3070 526 3092 m.
554 3057 668 3102 Aprili
699 3057 789 3091 1565
820 3056 1014 3099 „minores“
1055 3056 1120 3090 has
1155 3056 1214 3090 vel
1253 3056 1498 3099 „caniculares
1533 3056 1760 3090 vacationes¹‘
1799 3056 1848 3089 iu<

89 3111 258 3145 stituerat
284 3113 329 3151 et,
364 3114 404 3145 ut
431 3111 486 3145 die
513 3110 547 3145 S.
575 3110 733 3144 Udalrici
769 3110 847 3143 sive
874 3110 906 3143 4.
935 3109 1014 3143 Iulii
1041 3109 1250 3153 inciperent,
1287 3109 1401 3154 pridie
1428 3109 1497 3143 diei
1524 3109 1557 3144 S.
1585 3109 1744 3143 Hilariae
1770 3109 1846 3143 sive

90 3163 145 3197 die
174 3164 225 3198 11.
254 3164 410 3208 Augusti
436 3164 727 3203 terminarentur,
755 3162 991 3196 mandaverat
1020 3162 1161 3205 (Spa-ht
1187 3162 1209 3196 l.
1238 3174 1267 3196 c.
1297 3163 1394 3205 179).
