2077 3461
642 217 686 251 II.
713 216 937 251 Prooemium
965 216 1156 251 voluminis
1183 215 1310 260 quinti.
1781 216 1858 246 XXI

97 333 268 367 mandatu
286 344 348 378 per
366 333 549 368 Canisium
568 333 856 373 commentarius,
874 344 943 377 quo
960 333 1104 368 libellus
1121 333 1359 373 refutabatur,
1385 333 1609 377 conscriptus
1636 335 1710 373 est;
1737 343 1857 376 quam-

97 396 204 429 quam
238 385 306 426 hic,
340 388 381 419 ut
415 386 587 420 cardinali
614 385 876 420 Commendono
910 386 1010 430 pacis
1036 385 1299 420 studiosissimo
1335 385 1539 426 satisfieret,
1576 388 1639 420 aut
1663 395 1857 429 nunquam,

97 440 160 472 aut
194 440 301 472 certe‘
324 440 405 483 post
439 438 582 473 comitia
617 439 758 473 demum
785 441 821 473 et
854 438 931 473 sine
957 438 1114 473 auctoris
1139 439 1281 472 nomine
1307 439 1405 483 typis
1432 440 1634 483 exscriptus
1661 441 1715 472 est
1743 437 1856 482 (812).

97 491 257 526 Maxima
291 491 485 526 difficultas
513 492 774 526 Commendono
810 491 957 536 eiusque
991 491 1169 534 theologis
1204 493 1282 525 orta
1309 494 1364 525 est
1389 491 1455 525 sub
1481 491 1589 525 finem
1615 491 1857 525 comitiorum:

99 543 272 579 Catholici
302 544 436 589 aliquid
462 556 631 588 magnum
658 556 697 579 se
723 547 951 579 assecuturos
986 556 1064 579 esse
1091 544 1358 586 existimabant,
1392 544 1424 578 si
1457 544 1602 578 efficere
1627 546 1785 589 possent,
1819 545 1860 577 ut

98 597 222 639 denuo,
249 597 346 631 nulla
372 598 576 632 condicione
602 598 781 638 adiuncta,
807 598 1077 632 confirmaretur
1108 609 1198 642 „pax
1223 597 1427 640 religionis“
1458 597 1529 639 illa,
1555 608 1647 641 quae
1672 598 1860 641 Augustae

96 650 133 684 in
167 650 322 686 comitiis
355 651 449 685 inter
475 650 678 686 Catholicos
712 654 749 686 et
774 651 997 685 Lutheranos
1031 650 1121 685 inita
1156 652 1234 684 erat
1259 662 1351 684 anno
1380 650 1481 692 1555,
1508 661 1577 694 quo
1603 649 1859 684 catholicorum

97 704 258 748 potentia
290 704 447 738 nondum
481 703 532 738 ita
559 706 636 738 erat
660 704 858 746 imminuta,
895 706 936 738 ut
959 716 1054 738 anno
1080 704 1170 738 1566
1200 703 1312 747 (243).
1363 702 1497 737 Verum
1523 703 1722 737 afferuntur
1748 703 1861 736 Roma

96 756 239 791 litterae
272 757 464 802 pontificis,
499 757 628 801 quibus
653 757 807 800 legatus,
834 757 893 791 ubi
918 757 1054 801 aliquid
1080 769 1101 791 a
1127 757 1288 791 doctrina
1318 756 1457 790 concilii
1492 756 1678 790 tridentini
1703 756 1859 790 alienum

98 810 320 851 decernatur,
349 810 683 855 7,1110163131100610“
705 810 930 855 interponere
949 813 985 844 et
998 811 1164 853 Augusta
1181 809 1279 844 abire
1305 809 1447 845 iubetur
1467 809 1580 853 (252).
1615 808 1860 851 Quaerebatur

97 862 218 905 igitur,
253 864 337 907 quid
364 863 406 897 de
432 863 700 897 confirmatione
725 863 826 908 pacis
851 866 1077 907 augustanae
1103 865 1200 897 esset
1224 863 1467 897 statuendum.
1518 862 1588 896 Per
1615 862 1658 896 14
1684 862 1759 896 dies
1785 873 1859 896 car-

98 915 227 950 dinalis
245 915 530 951 Commendonus
547 916 676 950 Patres
691 915 870 957 Natalem,
891 916 1085 958 Canisium,
1112 916 1322 950 Ledesmam
1347 916 1460 950 tantis
1477 915 1660 950 laboribus
1678 915 1860 955 onerabat,

97 971 138 1003 ut
163 969 225 1003 vix
252 969 377 1003 edendi
395 972 430 1003 et
456 969 653 1004 dormiendi
678 971 821 1014 tempus
838 969 883 1003 iis
901 972 1110 1014 suppeteret
1131 969 1216 1012 (584
1233 969 1451 1012 590—591).
1492 968 1571 1003 Non
1589 967 1861 1003 consentiebant

97 1022 191 1056 inter
224 1033 263 1057 se
298 1033 421 1057 omnes
446 1022 637 1057 cardinalis
662 1022 839 1066 theologi;
877 1022 1107 1057 Lancellotus
1144 1022 1219 1066 (qui
1255 1025 1380 1067 postea
1407 1021 1600 1056 cardinalis
1624 1021 1709 1065 fuit)
1737 1032 1861 1066 pacem

99 1087 180 1110 cum
205 1075 384 1119 dogmatis
410 1075 614 1110 tridentinis
639 1087 800 1120 pugnare
826 1075 1060 1110 asseverabat
1086 1075 1171 1120 (586
1196 1075 1303 1118 589);
1331 1074 1511 1109 Sanderus
1531 1074 1631 1119 (585)
1655 1077 1690 1109 et
1708 1077 1782 1108 tres
1809 1073 1862 1108 illi

99 1128 142 1163 de
168 1128 345 1163 Societate
371 1129 528 1173 theologi
554 1129 754 1173 negabaut;
791 1131 888 1163 certe
914 1129 949 1163 id
975 1140 1044 1163 non
1072 1140 1151 1163 esse
1177 1129 1427 1169 manifestuum
1455 1128 1533 1162 ideo
1559 1128 1720 1172 legatum
1745 1138 1862 1171 neque

98 1181 228 1227 palam,
262 1193 379 1226 neque
410 1182 580 1228 privatim
615 1194 735 1216 coram
770 1182 926 1217 testibus
965 1182 1300 1227 „protestationem“
1339 1182 1459 1216 facere
1495 1181 1634 1223 debere,
1669 1182 1861 1224 antequam

99 1236 260 1281 pontifex
296 1236 410 1270 denuo
444 1236 669 1281 scripsisset;
708 1236 1015 1281 protestationem,
1050 1236 1078 1270 si
1106 1236 1200 1270 forte
1227 1247 1316 1280 opus
1342 1238 1450 1277 esset,
1477 1236 1584 1269 etiam
1611 1237 1693 1280 post
1719 1234 1862 1269 comitia

99 1289 174 1323 fieri
201 1300 324 1333 posse;
358 1289 389 1323 si
423 1289 459 1323 in
495 1289 648 1324 comitiis
674 1289 788 1331 fieret,
822 1301 897 1323 rem
934 1288 1149 1324 catholicam
1183 1289 1219 1323 in
1244 1300 1422 1323 summum
1449 1288 1641 1323 discrimen
1667 1288 1861 1322 adductum

98 1341 161 1383 iri;
188 1344 328 1376 tantum
347 1343 544 1377 curandum
562 1354 653 1383 esse,
678 1345 718 1377 ut
736 1342 905 1377 catholici
930 1343 966 1376 in
993 1342 1148 1376 comitiis
1174 1342 1361 1376 concilium
1379 1342 1612 1376 tridentinum
1631 1340 1862 1376 admitterent

99 1395 205 1440 idque
231 1395 352 1440 aliqua
377 1397 515 1430 ratione
541 1397 715 1430 testatum
742 1397 904 1430 facerent
930 1395 1132 1439 (230—247
1151 1396 1220 1430 585
1240 1395 1338 1438 589).
1379 1395 1504 1439 Neque
1530 1395 1621 1429 satis
1647 1396 1724 1428 erat
1750 1393 1863 1428 Sociis

99 1449 219 1492 legato
254 1450 322 1494 ipsi
348 1449 590 1494 compluribus
616 1449 762 1494 scriptis
787 1449 821 1484 id
847 1449 1081 1494 persuadere;
1119 1449 1334 1494 scriptorum
1369 1448 1534 1493 exempla
1559 1448 1634 1482 suis
1659 1446 1862 1481 nominibus

99 1503 243 1546 signata
260 1502 408 1537 Romam
435 1503 479 1537 ad
506 1503 539 1538 S.
558 1503 585 1536 F
587 1503 787 1537 ranciscum
807 1503 975 1546 Borgiam
995 1502 1184 1537 Societatis
1204 1502 1446 1547 praepositum
1465 1500 1670 1545 generalem
1687 1499 1864 1534 miserunt

101 1566 253 1599 eumque
279 1554 511 1590 vehementer
544 1558 728 1599 rogarunt,
763 1558 804 1590 ut
838 1567 945 1600 quam
979 1555 1133 1600 primum
1160 1555 1202 1589 ad
1238 1566 1417 1589 summum
1444 1554 1650 1599 pontificem
1676 1553 1864 1587 accederet

101 1608 248 1652 eiusque
283 1608 439 1642 animum
475 1620 495 1643 a
529 1610 788 1654 protestatione
822 1608 884 1643 illa
918 1611 1110 1643 averteret.
1161 1608 1195 1642 S.
1222 1608 1310 1642 Pius
1336 1608 1379 1642 V.
1407 1607 1467 1641 diu
1502 1618 1634 1652 anceps
1668 1605 1860 1645 haerebat;

99 1661 244 1695 tandem
278 1662 538 1706 protestatione
564 1662 817 1696 abstinendum
849 1673 928 1696 esse
958 1661 1096 1695 censuit
1126 1660 1209 1704 (232
1237 1661 1454 1705 252-255).
1505 1660 1559 1694 113
1585 1671 1643 1694 res
1668 1658 1862 1703 tranquille

99 1716 305 1749 transactae
331 1718 434 1755 sunt;
471 1714 637 1750 catholici
664 1715 805 1749 ordines
840 1714 1048 1759 congregati
1084 1714 1228 1748 decreta
1264 1713 1422 1756 concilii,
1458 1725 1549 1758 quae
1583 1713 1627 1747 ad
1664 1712 1863 1746 doctrinam

100 1767 183 1802 fidei
209 1767 447 1813 pertinebant,
482 1768 723 1809 admiserunt;
760 1768 904 1803 decreta
930 1767 1157 1812 disciplinam
1181 1767 1394 1812 spectantia,
1430 1769 1603 1811 quantum
1629 1765 1706 1799 fieri
1731 1767 1864 1810 posset,

101 1821 251 1865 exsequi
275 1823 500 1861 statuerunt;
537 1821 580 1855 de
606 1821 785 1866 aliquibus
819 1824 960 1862 tamen,
995 1821 1088 1865 quod
1124 1821 1159 1854 10
1187 1820 1380 1854 Germania
1414 1820 1584 1854 maiorem
1610 1818 1862 1853 difficultatem

99 1874 283 1915 haberent,
318 1885 356 1908 se
391 1874 549 1919 pontifici
584 1874 850 1919 supplicaturos
885 1886 964 1909 esse
995 1874 1258 1909 Commendono
1293 1874 1593 1917 significaverunt
1628 1871 1860 1915 (592—594).

100 1926 152 1961 De
177 1927 362 1962 ordinibus
387 1927 567 1970 religiosis
601 1928 694 1972 apud
722 1927 919 1962 Germanos
953 1927 1197 1962 instaurandis
1231 1927 1380 1961 consilia
1414 1927 1508 1960 inter
1534 1925 1753 1960 Felicianum
1778 1923 1862 1958 Nin-

101 1980 275 2023 guardam
309 1980 584 2022 dominicanum‚
619 1980 804 2022 Natalem,
841 1980 1025 2015 Canisium
1061 1980 1192 2014 collata
1226 1982 1330 2020 sunt;
1369 1991 1461 2024 quae
1496 1982 1621 2024 postea
1654 1977 1863 2021 Ninguarda

100 2032 257 2078 pontifici
295 2034 480 2078 proposuit
521 2034 636 2077 (597).
696 2033 805 2068 Stetit
846 2035 1072 2068 reservatum
1110 2033 1407 2068 ecclesiasticum.
1468 2032 1646 2077 Colloquii
1688 2031 1864 2066 similisve

100 2088 249 2120 conatus
274 2086 374 2120 nulla
399 2086 435 2120 in
465 2087 649 2129 „recessu‘
680 2087 906 2121 comitiorum
937 2087 1035 2121 facta
1061 2088 1118 2121 est
1149 2087 1283 2121 mentio
1312 2085 1428 2130 (248).
1478 2086 1578 2120 Τ1100
1603 2085 1756 2130 primum
1782 2085 1863 2128 post

100 2139 232 2173 multos
258 2150 369 2173 annos
396 2139 562 2174 catholici
596 2140 632 2174 in
668 2140 822 2174 comitiis
853 2151 923 2174 non
958 2139 1074 2174 solum
1108 2139 1197 2174 nihil
1231 2140 1474 2184 perdiderunt,
1510 2139 1572 2173 sed
1608 2138 1717 2173 etiam
1751 2148 1863 2171 novos

101 2192 239 2226 animos
270 2194 501 2237 sumpserunt
527 2195 563 2227 et
587 2193 724 2227 viribus
752 2193 848 2228 aucti
874 2195 959 2227 sunt
986 2193 1069 2237 (587
1098 2193 1197 2237 591).
1248 2192 1303 2226 Pii
1329 2193 1361 2227 V
1389 2192 1696 2237 exspectationem
1723 2201 1862 2224 omnem

100 2245 159 2280 1110
184 2246 305 2280 exitus
329 2246 518 2290 superavit
545 2245 659 2291 (270).
697 2245 898 2281 Cardinalis
925 2245 1211 2280 Commendonus
1231 2245 1414 2280 Canisium
1441 2245 1588 2289 eiusque
1615 2244 1657 2278 de
1683 2243 1862 2278 Societate

102 2298 260 2342 collegas
286 2299 438 2333 multum
464 2298 626 2333 laudavit
655 2299 736 2343 (591
765 2299 864 2343 594).

220 2353 317 2386 10161·
333 2351 511 2393 Natalem,
538 2352 732 2394 Canisium,
758 2352 970 2386 Ledesmam
995 2351 1131 2386 nullam
1156 2352 1193 2386 in
1219 2352 1373 2387 comitiis
1391 2351 1638 2386 diversitatem
1657 2349 1862 2394 opinionum

100 2405 212 2440 fuisse
230 2405 371 2440 Natalis
397 2408 553 2440 testatus
579 2408 636 2440 est
656 2406 769 2449 (591).
806 2406 962 2440 Exstant
987 2405 1104 2440 adhuc
1122 2406 1370 2440 commentarii
1396 2405 1440 2439 ab
1466 2405 1510 2439 iis
1537 2403 1742 2448 compositi;
1771 2413 1862 2446 quos

99 2458 376 2502 diligentissime
403 2461 440 2493 et
474 2458 509 2492 in
545 2458 611 2493 hoc
638 2459 807 2493 volumen
841 2459 1082 2494 transcribere
1117 2462 1153 2493 et
1187 2458 1479 2493 adnotationibus
1514 2457 1695 2491 illustrare
1729 2455 1862 2489 studui.

100 2511 235 2546 Notatu
258 2511 493 2555 singulariter
519 2512 665 2556 dignum
692 2515 748 2546 est
773 2512 947 2557 scriptum
974 2511 1073 2553 illud,
1100 2524 1170 2556 quo
1197 2512 1340 2555 singula
1366 2512 1466 2556 pacis
1493 2511 1610 2555 capita
1637 2509 1862 2554 explicantur

103 2564 224 2608 (241);
257 2565 383 2610 scripti
410 2567 591 2599 auctorem
617 2566 847 2610 praecipuum
875 2565 1056 2601 Canisium
1083 2566 1195 2600 fuisse
1222 2565 1378 2605 dixeris;
1414 2575 1496 2598 nam
1523 2564 1553 2598 is
1579 2563 1676 2598 solus
1701 2563 1862 2606 linguam

101 2618 343 2662 germanicam
371 2618 457 2662 (qua
483 2629 554 2663 pax
579 2618 715 2663 scripta
740 2619 811 2662 est)
843 2618 1016 2659 callebat;
1053 2619 1084 2652 is
1118 2630 1210 2652 anno
1240 2618 1328 2652 1555
1356 2617 1579 2651 comitiorum
1614 2618 1773 2660 tempore
1800 2615 1860 2649 ali-

101 2671 271 2715 quamdiu
290 2672 476 2715 Augustae
503 2672 641 2713 fuerat;
668 2672 698 2706 is
725 2671 926 2716 complures
945 2683 990 2705 ex
1008 2671 1229 2716 principibus
1255 2674 1291 2705 et
1318 2670 1541 2710 consiliariis,
1569 2669 1629 2713 qui
1654 2668 1861 2703 tractationi

101 2724 153 2759 illi
178 2724 426 2764 interfuerant,
462 2725 551 2758 bene
578 2727 741 2759 noverat.
792 2724 926 2759 Canisii
958 2726 1079 2759 autem
1114 2724 1364 2769 interpretatio
1390 2723 1551 2757 nonnihil
1586 2723 1630 2757 ab
1666 2734 1707 2756 ea
1733 2722 1860 2762 differt,

101 2789 207 2822 quam
226 2777 369 2812 saeculo
387 2777 500 2812 XVII.
520 2777 656 2822 aliquot
681 2777 841 2822 theologi
867 2777 1044 2819 catholici,
1071 2777 1167 2822 iique
1185 2779 1222 2811 et
1246 2777 1315 2822 ipsi
1341 2777 1410 2810 viri
1432 2788 1576 2818 graves,
1602 2778 1862 2821 proposuerunt

104 2831 226 2875 (247);
255 2831 375 2875 aliqua
401 2831 505 2872 enim,
533 2842 623 2875 quae
649 2830 686 2864 hi
712 2830 816 2875 plene
842 2832 878 2865 et
903 2831 981 2865 sine
1007 2830 1080 2865 ulla
1106 2830 1181 2864 fere
1208 2829 1413 2864 condicione
1439 2841 1461 2864 a
1479 2829 1665 2864 catholicis
1691 2839 1861 2864 concessa

101 2895 181 2919 esse
207 2884 382 2925 dicebant,
419 2883 584 2918 Canisius
611 2884 655 2918 ad
689 2886 833 2929 tempus
867 2886 1008 2918 tantum
1042 2886 1077 2917 et
1112 2894 1192 2917 cum
1219 2883 1486 2917 condicionibus
1512 2882 1656 2917 concedi
1683 2882 1858 2921 affirmat:

101 2938 152 2972 ita
178 2939 285 2982 caput
310 2937 409 2978 illud,
437 2938 528 2982 quod
556 2937 599 2971 de
624 2937 726 2971 bonis
753 2937 1009 2972 ecclesiasticis
1035 2948 1099 2981 per
1119 2935 1343 2970 Lutheranos
1369 2936 1499 2971 ablatis
1525 2938 1591 2977 est,
1617 2936 1783 2970 Canisius
1808 2935 1860 2969 sic

101 2991 378 3036 interpretatur:
414 2990 589 3025 Catholici
623 2990 712 3025 haec
739 2990 830 3025 bona
863 3002 979 3034 neque
1015 2990 1125 3024 armis
1150 3001 1266 3034 neque
1301 2989 1381 3024 aliis
1417 2989 1615 3024 rationibus
1649 3000 1860 3033 recuperare

101 3044 306 3085 studebunt,
331 3044 405 3086 sed,
431 3046 471 3078 ut
488 3043 704 3078 Lutheranis
722 3046 900 3084 maneant,
927 3043 1135 3088 permittent
1152 3043 1298 3084 tamdiu,
1326 3043 1437 3078 donec
1454 3042 1551 3077 vires
1568 3042 1860 3087 recuperaverint

102 3098 145 3131 ad
173 3098 227 3132 ius
253 3109 356 3132 suum
382 3097 647 3132 vindicandum.
687 3097 853 3131 Ceterum
880 3097 914 3130 in
941 3107 1028 3141 pace
1054 3102 1259 3140 augustana
1285 3108 1460 3130 venenum
1487 3095 1684 3130 discordiae
1710 3095 1860 3129 latuisse

102 3162 196 3185 nunc
214 3162 337 3185 omnes
352 3150 513 3185 fatentur
533 3151 634 3195 (231⁸
652 3150 757 3193 247);
776 3149 868 3194 quod
887 3152 1006 3184 tamen
1026 3149 1215 3193 quominus
1234 3150 1310 3194 ipso
1325 3149 1395 3184 iam
1409 3149 1553 3184 saeculo
1567 3148 1660 3183 XVI.
1677 3149 1711 3182 in
1726 3148 1857 3183 bellum

104 3203 208 3238 civile
234 3206 455 3249 erumperet,
482 3215 544 3248 per
570 3203 787 3238 cardinalem
806 3203 1109 3238 Commendonum
1128 3202 1276 3247 eiusque
1295 3202 1482 3245 theologos
1508 3202 1718 3246 impeditum
1745 3205 1810 3235 est.
