<?xml version="1.0" encoding="UTF-8"?>
<!DOCTYPE html PUBLIC "-//W3C//DTD XHTML 1.0 Transitional//EN"
    "http://www.w3.org/TR/xhtml1/DTD/xhtml1-transitional.dtd">
<html xmlns="http://www.w3.org/1999/xhtml" xml:lang="en" lang="en">
 <head>
  <title>
</title>
<meta http-equiv="Content-Type" content="text/html;charset=utf-8" />
  <meta name='ocr-system' content='tesseract 3.04.00' />
  <meta name='ocr-capabilities' content='ocr_page ocr_carea ocr_par ocr_line ocrx_word'/>
</head>
<body>
  <div class='ocr_page' id='page_1' title='image "beatipetricanisi05cani_0187.png"; bbox 0 0 2077 3461; ppageno 0'>
   <div class='ocr_carea' id='block_1_1' title="bbox 664 177 1821 228">
    <p class='ocr_par' dir='ltr' id='par_1_1' title="bbox 664 177 1821 228">
     <span class='ocr_line' id='line_1_1' title="bbox 664 177 1821 228; baseline -0.005 -9"><span class='ocrx_word' id='word_1_1' title='bbox 664 185 780 219; x_wconf 87' lang='lat' dir='ltr'>Roma</span> <span class='ocrx_word' id='word_1_2' title='bbox 807 185 862 219; x_wconf 86' lang='lat'>27.</span> <span class='ocrx_word' id='word_1_3' title='bbox 882 182 1101 228; x_wconf 82' lang='lat' dir='ltr'>Septembris</span> <span class='ocrx_word' id='word_1_4' title='bbox 1129 181 1230 215; x_wconf 87' lang='lat'>1565.</span> <span class='ocrx_word' id='word_1_5' title='bbox 1745 177 1821 217; x_wconf 84' lang='lat'>101</span> 
     </span>
    </p>
   </div>
   <div class='ocr_carea' id='block_1_2' title="bbox 66 294 1839 1725">
    <p class='ocr_par' dir='ltr' id='par_1_2' title="bbox 66 294 1839 1725">
     <span class='ocr_line' id='line_1_2' title="bbox 67 294 1827 359; baseline -0.01 -7"><span class='ocrx_word' id='word_1_6' title='bbox 67 310 220 359; x_wconf 86' lang='lat' dir='ltr'>redire,</span> <span class='ocrx_word' id='word_1_7' title='bbox 255 311 299 350; x_wconf 92' lang='lat' dir='ltr'>et</span> <span class='ocrx_word' id='word_1_8' title='bbox 321 319 502 356; x_wconf 85' lang='lat' dir='ltr'>errores,</span> <span class='ocrx_word' id='word_1_9' title='bbox 537 318 588 347; x_wconf 89' lang='lat' dir='ltr'>ac</span> <span class='ocrx_word' id='word_1_10' title='bbox 611 304 830 346; x_wconf 79' lang='lat' dir='ltr'>Haereses</span> <span class='ocrx_word' id='word_1_11' title='bbox 852 316 953 344; x_wconf 89' lang='lat' dir='ltr'>suos</span> <span class='ocrx_word' id='word_1_12' title='bbox 974 312 1299 353; x_wconf 84' lang='lat' dir='ltr'>recognoscere,</span> <span class='ocrx_word' id='word_1_13' title='bbox 1333 299 1377 339; x_wconf 90' lang='lat' dir='ltr'>et</span> <span class='ocrx_word' id='word_1_14' title='bbox 1399 294 1609 338; x_wconf 86' lang='lat' dir='ltr'>detestari</span> <span class='ocrx_word' id='word_1_15' title='bbox 1630 294 1827 336; x_wconf 84' lang='lat' dir='ltr'>uolentes</span> 
     </span>
     <span class='ocr_line' id='line_1_3' title="bbox 66 357 1828 429; baseline -0.01 -13"><span class='ocrx_word' id='word_1_16' title='bbox 66 374 234 429; x_wconf 87' lang='lat' dir='ltr'>(preuia</span> <span class='ocrx_word' id='word_1_17' title='bbox 273 376 421 415; x_wconf 89' lang='lat' dir='ltr'>tamen</span> <span class='ocrx_word' id='word_1_18' title='bbox 463 383 657 412; x_wconf 88' lang='lat' dir='ltr'>errorum</span> <span class='ocrx_word' id='word_1_19' title='bbox 699 382 749 410; x_wconf 86' lang='lat' dir='ltr'>ac</span> <span class='ocrx_word' id='word_1_20' title='bbox 782 368 1022 409; x_wconf 84' lang='lat' dir='ltr'>Haeresum</span> <span class='ocrx_word' id='word_1_21' title='bbox 1065 377 1239 406; x_wconf 88' lang='lat' dir='ltr'>suorum</span> <span class='ocrx_word' id='word_1_22' title='bbox 1280 362 1323 403; x_wconf 90' lang='lat' dir='ltr'>in</span> <span class='ocrx_word' id='word_1_23' title='bbox 1364 360 1561 402; x_wconf 88' lang='lat' dir='ltr'>manibus</span> <span class='ocrx_word' id='word_1_24' title='bbox 1601 357 1828 400; x_wconf 90' lang='lat' dir='ltr'>cuiuslibet</span> 
     </span>
     <span class='ocr_line' id='line_1_4' title="bbox 67 423 1829 488; baseline -0.011 -7"><span class='ocrx_word' id='word_1_25' title='bbox 67 441 273 488; x_wconf 89' lang='lat' dir='ltr'>uestrum,</span> <span class='ocrx_word' id='word_1_26' title='bbox 307 438 477 478; x_wconf 87' lang='lat' dir='ltr'>secreta</span> <span class='ocrx_word' id='word_1_27' title='bbox 508 434 577 476; x_wconf 90' lang='lat' dir='ltr'>uel</span> <span class='ocrx_word' id='word_1_28' title='bbox 610 433 780 487; x_wconf 90' lang='lat' dir='ltr'>publica</span> <span class='ocrx_word' id='word_1_29' title='bbox 812 429 1094 479; x_wconf 87' lang='lat' dir='ltr'>abiuratione,</span> <span class='ocrx_word' id='word_1_30' title='bbox 1138 431 1182 471; x_wconf 92' lang='lat' dir='ltr'>et</span> <span class='ocrx_word' id='word_1_31' title='bbox 1214 427 1276 469; x_wconf 91' lang='lat' dir='ltr'>eis</span> <span class='ocrx_word' id='word_1_32' title='bbox 1308 424 1511 479; x_wconf 86' lang='lat' dir='ltr'>imposita</span> <span class='ocrx_word' id='word_1_33' title='bbox 1543 437 1619 478; x_wconf 88' lang='lat' dir='ltr'>per</span> <span class='ocrx_word' id='word_1_34' title='bbox 1650 436 1741 472; x_wconf 91' lang='lat' dir='ltr'>uos,</span> <span class='ocrx_word' id='word_1_35' title='bbox 1785 423 1829 464; x_wconf 91' lang='lat' dir='ltr'>et</span> 
     </span>
     <span class='ocr_line' id='line_1_5' title="bbox 69 488 1827 557; baseline -0.01 -12"><span class='ocrx_word' id='word_1_36' title='bbox 69 502 302 557; x_wconf 72' lang='lat' dir='ltr'>quemlibet</span> <span class='ocrx_word' id='word_1_37' title='bbox 324 503 516 543; x_wconf 88' lang='lat' dir='ltr'>uestrum</span> <span class='ocrx_word' id='word_1_38' title='bbox 539 497 807 553; x_wconf 87' lang='lat' dir='ltr'>poenitentia</span> <span class='ocrx_word' id='word_1_39' title='bbox 829 494 1023 543; x_wconf 86' lang='lat' dir='ltr'>salutari,</span> <span class='ocrx_word' id='word_1_40' title='bbox 1052 496 1181 548; x_wconf 90' lang='lat' dir='ltr'>prout</span> <span class='ocrx_word' id='word_1_41' title='bbox 1203 491 1338 541; x_wconf 83' lang='lat' dir='ltr'>uobis,</span> <span class='ocrx_word' id='word_1_42' title='bbox 1373 493 1416 533; x_wconf 90' lang='lat' dir='ltr'>et</span> <span class='ocrx_word' id='word_1_43' title='bbox 1439 488 1614 530; x_wconf 77' lang='lat' dir='ltr'>cuilibet</span> <span class='ocrx_word' id='word_1_44' title='bbox 1636 489 1827 529; x_wconf 90' lang='lat' dir='ltr'>uestrum</span> 
     </span>
     <span class='ocr_line' id='line_1_6' title="bbox 68 553 1830 620; baseline -0.01 -11"><span class='ocrx_word' id='word_1_45' title='bbox 68 567 220 609; x_wconf 89' lang='lat' dir='ltr'>melius</span> <span class='ocrx_word' id='word_1_46' title='bbox 252 565 486 620; x_wconf 85' lang='lat' dir='ltr'>expediens</span> <span class='ocrx_word' id='word_1_47' title='bbox 518 562 747 612; x_wconf 87' lang='lat' dir='ltr'>uidebitur,</span> <span class='ocrx_word' id='word_1_48' title='bbox 790 563 834 604; x_wconf 89' lang='lat' dir='ltr'>et</span> <span class='ocrx_word' id='word_1_49' title='bbox 874 573 1004 615; x_wconf 92' lang='lat' dir='ltr'>super</span> <span class='ocrx_word' id='word_1_50' title='bbox 1045 558 1198 612; x_wconf 89' lang='lat' dir='ltr'>quibus</span> <span class='ocrx_word' id='word_1_51' title='bbox 1230 553 1526 598; x_wconf 86' lang='lat' dir='ltr'>Conscientias</span> <span class='ocrx_word' id='word_1_52' title='bbox 1558 555 1742 601; x_wconf 88' lang='lat' dir='ltr'>uestras,</span> <span class='ocrx_word' id='word_1_53' title='bbox 1786 553 1830 593; x_wconf 91' lang='lat' dir='ltr'>et</span> 
     </span>
     <span class='ocr_line' id='line_1_7' title="bbox 70 615 1829 679; baseline -0.01 -4"><span class='ocrx_word' id='word_1_54' title='bbox 70 632 297 675; x_wconf 89' lang='lat' dir='ltr'>cuiuslibet</span> <span class='ocrx_word' id='word_1_55' title='bbox 318 633 510 672; x_wconf 87' lang='lat' dir='ltr'>uestrum</span> <span class='ocrx_word' id='word_1_56' title='bbox 533 625 782 679; x_wconf 84' lang='lat' dir='ltr'>oneramus)</span> <span class='ocrx_word' id='word_1_57' title='bbox 800 625 1004 679; x_wconf 88' lang='lat' dir='ltr'>recipere,</span> <span class='ocrx_word' id='word_1_58' title='bbox 1029 627 1073 666; x_wconf 92' lang='lat' dir='ltr'>et</span> <span class='ocrx_word' id='word_1_59' title='bbox 1095 622 1325 666; x_wconf 74' lang='lat' dir='ltr'>admittere</span> <span class='ocrx_word' id='word_1_60' title='bbox 1347 618 1535 674; x_wconf 76' lang='lat' dir='ltr'>possitis,</span> <span class='ocrx_word' id='word_1_61' title='bbox 1560 620 1605 660; x_wconf 89' lang='lat' dir='ltr'>et</span> <span class='ocrx_word' id='word_1_62' title='bbox 1626 615 1829 665; x_wconf 83' lang='lat' dir='ltr'>ualeatis3</span> 
     </span>
     <span class='ocr_line' id='line_1_8' title="bbox 69 683 1829 750; baseline -0.01 -11"><span class='ocrx_word' id='word_1_63' title='bbox 69 711 120 739; x_wconf 88' lang='lat' dir='ltr'>ac</span> <span class='ocrx_word' id='word_1_64' title='bbox 152 696 212 738; x_wconf 89' lang='lat' dir='ltr'>illi</span> <span class='ocrx_word' id='word_1_65' title='bbox 246 710 321 750; x_wconf 87' lang='lat' dir='ltr'>per</span> <span class='ocrx_word' id='word_1_66' title='bbox 353 709 431 737; x_wconf 91' lang='lat' dir='ltr'>uos</span> <span class='ocrx_word' id='word_1_67' title='bbox 464 692 649 746; x_wconf 88' lang='lat' dir='ltr'>eligendi</span> <span class='ocrx_word' id='word_1_68' title='bbox 681 691 860 745; x_wconf 82' lang='lat' dir='ltr'>possint,</span> <span class='ocrx_word' id='word_1_69' title='bbox 895 692 940 732; x_wconf 93' lang='lat' dir='ltr'>et</span> <span class='ocrx_word' id='word_1_70' title='bbox 971 689 1161 737; x_wconf 87' lang='lat' dir='ltr'>ualeant,</span> <span class='ocrx_word' id='word_1_71' title='bbox 1197 685 1517 733; x_wconf 83' lang='lat' dir='ltr'>auctoritatem,</span> <span class='ocrx_word' id='word_1_72' title='bbox 1550 683 1829 736; x_wconf 86' lang='lat' dir='ltr'>potestatem,</span> 
     </span>
     <span class='ocr_line' id='line_1_9' title="bbox 70 745 1830 812; baseline -0.011 -7"><span class='ocrx_word' id='word_1_73' title='bbox 70 765 114 804; x_wconf 89' lang='lat' dir='ltr'>et</span> <span class='ocrx_word' id='word_1_74' title='bbox 159 762 414 804; x_wconf 83' lang='lat' dir='ltr'>facultatem</span> <span class='ocrx_word' id='word_1_75' title='bbox 462 759 505 800; x_wconf 93' lang='lat' dir='ltr'>in</span> <span class='ocrx_word' id='word_1_76' title='bbox 551 755 801 812; x_wconf 83' lang='lat' dir='ltr'>praemissis</span> <span class='ocrx_word' id='word_1_77' title='bbox 849 754 1067 804; x_wconf 88' lang='lat' dir='ltr'>omnibus,</span> <span class='ocrx_word' id='word_1_78' title='bbox 1117 755 1161 795; x_wconf 93' lang='lat' dir='ltr'>et</span> <span class='ocrx_word' id='word_1_79' title='bbox 1205 750 1385 804; x_wconf 87' lang='lat' dir='ltr'>singulis</span> <span class='ocrx_word' id='word_1_80' title='bbox 1433 748 1554 790; x_wconf 90' lang='lat' dir='ltr'>uobis</span> <span class='ocrx_word' id='word_1_81' title='bbox 1602 745 1830 795; x_wconf 89' lang='lat' dir='ltr'>concessis,</span> 
     </span>
     <span class='ocr_line' id='line_1_10' title="bbox 70 809 1832 881; baseline -0.01 -12"><span class='ocrx_word' id='word_1_82' title='bbox 70 826 273 881; x_wconf 81' lang='lat' dir='ltr'>quamdiu</span> <span class='ocrx_word' id='word_1_83' title='bbox 302 827 449 867; x_wconf 86' lang='lat' dir='ltr'>tamen</span> <span class='ocrx_word' id='word_1_84' title='bbox 481 837 570 872; x_wconf 77' lang='lat' dir='ltr'>UOS‚</span> <span class='ocrx_word' id='word_1_85' title='bbox 605 826 650 864; x_wconf 90' lang='lat' dir='ltr'>et</span> <span class='ocrx_word' id='word_1_86' title='bbox 672 824 864 862; x_wconf 89' lang='lat' dir='ltr'>uestrum</span> <span class='ocrx_word' id='word_1_87' title='bbox 898 819 1077 872; x_wconf 86' lang='lat' dir='ltr'>quilibet</span> <span class='ocrx_word' id='word_1_88' title='bbox 1109 820 1309 860; x_wconf 89' lang='lat' dir='ltr'>uersatus</span> <span class='ocrx_word' id='word_1_89' title='bbox 1340 814 1473 857; x_wconf 84' lang='lat' dir='ltr'>fuerit</span> <span class='ocrx_word' id='word_1_90' title='bbox 1504 813 1548 854; x_wconf 93' lang='lat' dir='ltr'>in</span> <span class='ocrx_word' id='word_1_91' title='bbox 1579 811 1664 853; x_wconf 90' lang='lat' dir='ltr'>illis</span> <span class='ocrx_word' id='word_1_92' title='bbox 1696 809 1832 865; x_wconf 85' lang='lat' dir='ltr'>parti-</span> 
     </span>
     <span class='ocr_line' id='line_1_11' title="bbox 71 877 1833 940; baseline -0.009 -6"><span class='ocrx_word' id='word_1_93' title='bbox 71 893 149 933; x_wconf 92' lang='lat' dir='ltr'>bus</span> <span class='ocrx_word' id='word_1_94' title='bbox 192 889 465 939; x_wconf 84' lang='lat' dir='ltr'>Germaniae,</span> <span class='ocrx_word' id='word_1_95' title='bbox 509 902 583 929; x_wconf 89' lang='lat' dir='ltr'>seu</span> <span class='ocrx_word' id='word_1_96' title='bbox 625 886 720 940; x_wconf 88' lang='lat' dir='ltr'>alijs</span> <span class='ocrx_word' id='word_1_97' title='bbox 761 885 888 934; x_wconf 86' lang='lat' dir='ltr'>locis,</span> <span class='ocrx_word' id='word_1_98' title='bbox 931 886 976 926; x_wconf 89' lang='lat' dir='ltr'>et</span> <span class='ocrx_word' id='word_1_99' title='bbox 1018 882 1255 936; x_wconf 87' lang='lat' dir='ltr'>Prouincijs</span> <span class='ocrx_word' id='word_1_100' title='bbox 1298 879 1561 922; x_wconf 87' lang='lat' dir='ltr'>Haeresibus</span> <span class='ocrx_word' id='word_1_101' title='bbox 1603 877 1833 918; x_wconf 83' lang='lat' dir='ltr'>dumtaxat</span> 
     </span>
     <span class='ocr_line' id='line_1_12' title="bbox 70 940 1833 1006; baseline -0.01 -7"><span class='ocrx_word' id='word_1_102' title='bbox 70 956 256 1006; x_wconf 84' lang='lat' dir='ltr'>infectis,</span> <span class='ocrx_word' id='word_1_103' title='bbox 290 955 454 1003; x_wconf 88' lang='lat' dir='ltr'>damus,</span> <span class='ocrx_word' id='word_1_104' title='bbox 488 951 773 1001; x_wconf 89' lang='lat' dir='ltr'>concedimus,</span> <span class='ocrx_word' id='word_1_105' title='bbox 807 953 852 992; x_wconf 91' lang='lat' dir='ltr'>et</span> <span class='ocrx_word' id='word_1_106' title='bbox 880 949 1164 1003; x_wconf 85' lang='lat' dir='ltr'>impartimur,</span> <span class='ocrx_word' id='word_1_107' title='bbox 1198 947 1245 989; x_wconf 93' lang='lat' dir='ltr'>In</span> <span class='ocrx_word' id='word_1_108' title='bbox 1279 944 1542 988; x_wconf 88' lang='lat' dir='ltr'>contrarium</span> <span class='ocrx_word' id='word_1_109' title='bbox 1575 940 1833 984; x_wconf 86' lang='lat' dir='ltr'>facientibus</span> 
     </span>
     <span class='ocr_line' id='line_1_13' title="bbox 71 1006 1832 1071; baseline -0.011 -7"><span class='ocrx_word' id='word_1_110' title='bbox 71 1036 157 1063; x_wconf 94' lang='lat' dir='ltr'>non</span> <span class='ocrx_word' id='word_1_111' title='bbox 197 1019 469 1063; x_wconf 88' lang='lat' dir='ltr'>obstantibus</span> <span class='ocrx_word' id='word_1_112' title='bbox 510 1017 845 1071; x_wconf 89' lang='lat' dir='ltr'>quibuscunque.</span> <span class='ocrx_word' id='word_1_113' title='bbox 908 1014 964 1056; x_wconf 82' lang='lat' dir='ltr'>Jn</span> <span class='ocrx_word' id='word_1_114' title='bbox 1007 1026 1188 1066; x_wconf 90' lang='lat' dir='ltr'>quorum</span> <span class='ocrx_word' id='word_1_115' title='bbox 1231 1011 1438 1060; x_wconf 90' lang='lat' dir='ltr'>omnium,</span> <span class='ocrx_word' id='word_1_116' title='bbox 1482 1011 1527 1051; x_wconf 87' lang='lat' dir='ltr'>et</span> <span class='ocrx_word' id='word_1_117' title='bbox 1566 1006 1832 1060; x_wconf 90' lang='lat' dir='ltr'>singulorum</span> 
     </span>
     <span class='ocr_line' id='line_1_14' title="bbox 70 1069 1834 1139; baseline -0.01 -11"><span class='ocrx_word' id='word_1_118' title='bbox 70 1087 211 1136; x_wconf 88' lang='lat' dir='ltr'>fidem,</span> <span class='ocrx_word' id='word_1_119' title='bbox 255 1087 509 1139; x_wconf 80' lang='lat' dir='ltr'>praesentes</span> <span class='ocrx_word' id='word_1_120' title='bbox 548 1085 721 1124; x_wconf 87' lang='lat' dir='ltr'>nostras</span> <span class='ocrx_word' id='word_1_121' title='bbox 754 1081 962 1122; x_wconf 89' lang='lat' dir='ltr'>Patentes</span> <span class='ocrx_word' id='word_1_122' title='bbox 1003 1079 1166 1127; x_wconf 87' lang='lat' dir='ltr'>literas,</span> <span class='ocrx_word' id='word_1_123' title='bbox 1210 1076 1406 1118; x_wconf 89' lang='lat' dir='ltr'>manibus</span> <span class='ocrx_word' id='word_1_124' title='bbox 1446 1072 1607 1115; x_wconf 90' lang='lat' dir='ltr'>nostris</span> <span class='ocrx_word' id='word_1_125' title='bbox 1648 1069 1834 1124; x_wconf 86' lang='lat' dir='ltr'>proprijs</span> 
     </span>
     <span class='ocr_line' id='line_1_15' title="bbox 73 1138 1834 1205; baseline -0.01 -11"><span class='ocrx_word' id='word_1_126' title='bbox 73 1151 339 1205; x_wconf 85' lang='lat' dir='ltr'>subscriptas</span> <span class='ocrx_word' id='word_1_127' title='bbox 384 1148 539 1191; x_wconf 81' lang='lat' dir='ltr'>exinde</span> <span class='ocrx_word' id='word_1_128' title='bbox 583 1146 697 1197; x_wconf 89' lang='lat' dir='ltr'>fieri,</span> <span class='ocrx_word' id='word_1_129' title='bbox 744 1147 789 1187; x_wconf 90' lang='lat' dir='ltr'>et</span> <span class='ocrx_word' id='word_1_130' title='bbox 832 1158 910 1199; x_wconf 85' lang='lat' dir='ltr'>per</span> <span class='ocrx_word' id='word_1_131' title='bbox 949 1143 1180 1186; x_wconf 87' lang='lat' dir='ltr'>Notarium</span> <span class='ocrx_word' id='word_1_132' title='bbox 1225 1144 1270 1184; x_wconf 91' lang='lat' dir='ltr'>et</span> <span class='ocrx_word' id='word_1_133' title='bbox 1310 1138 1598 1183; x_wconf 85' lang='lat' dir='ltr'>Secretarium</span> <span class='ocrx_word' id='word_1_134' title='bbox 1638 1138 1834 1177; x_wconf 89' lang='lat' dir='ltr'>nostrum</span> 
     </span>
     <span class='ocr_line' id='line_1_16' title="bbox 74 1199 1834 1267; baseline -0.01 -9"><span class='ocrx_word' id='word_1_135' title='bbox 74 1216 177 1258; x_wconf 87' lang='lat' dir='ltr'>dicti</span> <span class='ocrx_word' id='word_1_136' title='bbox 217 1215 354 1257; x_wconf 89' lang='lat' dir='ltr'>nostri</span> <span class='ocrx_word' id='word_1_137' title='bbox 396 1213 523 1267; x_wconf 85' lang='lat' dir='ltr'>officij</span> <span class='ocrx_word' id='word_1_138' title='bbox 568 1212 755 1254; x_wconf 83' lang='lat' dir='ltr'>Sanctae</span> <span class='ocrx_word' id='word_1_139' title='bbox 796 1210 1018 1252; x_wconf 87' lang='lat' dir='ltr'>Romanae</span> <span class='ocrx_word' id='word_1_140' title='bbox 1060 1206 1318 1249; x_wconf 88' lang='lat' dir='ltr'>uniuersalis</span> <span class='ocrx_word' id='word_1_141' title='bbox 1355 1201 1659 1257; x_wconf 83' lang='lat' dir='ltr'>anuisitionis</span> <span class='ocrx_word' id='word_1_142' title='bbox 1699 1199 1834 1241; x_wconf 85' lang='lat' dir='ltr'>infra—</span> 
     </span>
     <span class='ocr_line' id='line_1_17' title="bbox 75 1265 1834 1335; baseline -0.011 -11"><span class='ocrx_word' id='word_1_143' title='bbox 75 1281 280 1335; x_wconf 89' lang='lat' dir='ltr'>scriptum</span> <span class='ocrx_word' id='word_1_144' title='bbox 313 1278 536 1329; x_wconf 90' lang='lat' dir='ltr'>subscribi,</span> <span class='ocrx_word' id='word_1_145' title='bbox 572 1276 795 1330; x_wconf 84' lang='lat' dir='ltr'>Sigillique</span> <span class='ocrx_word' id='word_1_146' title='bbox 828 1274 930 1316; x_wconf 92' lang='lat' dir='ltr'>dicti</span> <span class='ocrx_word' id='word_1_147' title='bbox 963 1273 1100 1316; x_wconf 86' lang='lat' dir='ltr'>nostri</span> <span class='ocrx_word' id='word_1_148' title='bbox 1123 1271 1267 1324; x_wconf 86' lang='lat' dir='ltr'>officij,</span> <span class='ocrx_word' id='word_1_149' title='bbox 1301 1284 1384 1324; x_wconf 92' lang='lat' dir='ltr'>quo</span> <span class='ocrx_word' id='word_1_150' title='bbox 1411 1268 1586 1317; x_wconf 88' lang='lat' dir='ltr'>utimur,</span> <span class='ocrx_word' id='word_1_151' title='bbox 1619 1265 1834 1313; x_wconf 88' lang='lat' dir='ltr'>iussimus,</span> 
     </span>
     <span class='ocr_line' id='line_1_18' title="bbox 75 1329 1836 1398; baseline -0.01 -10"><span class='ocrx_word' id='word_1_152' title='bbox 75 1349 120 1389; x_wconf 92' lang='lat' dir='ltr'>et</span> <span class='ocrx_word' id='word_1_153' title='bbox 160 1345 339 1388; x_wconf 83' lang='lat' dir='ltr'>fecimus</span> <span class='ocrx_word' id='word_1_154' title='bbox 379 1342 642 1398; x_wconf 89' lang='lat' dir='ltr'>appensione</span> <span class='ocrx_word' id='word_1_155' title='bbox 687 1338 952 1383; x_wconf 88' lang='lat' dir='ltr'>communiri.</span> <span class='ocrx_word' id='word_1_156' title='bbox 1024 1339 1183 1380; x_wconf 89' lang='lat' dir='ltr'>Datum</span> <span class='ocrx_word' id='word_1_157' title='bbox 1226 1336 1391 1377; x_wconf 85' lang='lat' dir='ltr'>Romae</span> <span class='ocrx_word' id='word_1_158' title='bbox 1434 1334 1476 1375; x_wconf 90' lang='lat' dir='ltr'>in</span> <span class='ocrx_word' id='word_1_159' title='bbox 1517 1335 1668 1374; x_wconf 90' lang='lat' dir='ltr'>nostra</span> <span class='ocrx_word' id='word_1_160' title='bbox 1708 1329 1836 1384; x_wconf 90' lang='lat' dir='ltr'>plena</span> 
     </span>
     <span class='ocr_line' id='line_1_19' title="bbox 75 1394 1834 1464; baseline -0.01 -11"><span class='ocrx_word' id='word_1_161' title='bbox 75 1409 422 1464; x_wconf 86' lang='lat' dir='ltr'>Congregatione</span> <span class='ocrx_word' id='word_1_162' title='bbox 466 1407 570 1450; x_wconf 88' lang='lat' dir='ltr'>dicti</span> <span class='ocrx_word' id='word_1_163' title='bbox 613 1406 751 1448; x_wconf 85' lang='lat' dir='ltr'>nostri</span> <span class='ocrx_word' id='word_1_164' title='bbox 796 1404 940 1458; x_wconf 85' lang='lat' dir='ltr'>officij,</span> <span class='ocrx_word' id='word_1_165' title='bbox 986 1403 1072 1445; x_wconf 84' lang='lat' dir='ltr'>Sub</span> <span class='ocrx_word' id='word_1_166' title='bbox 1119 1404 1258 1451; x_wconf 90' lang='lat' dir='ltr'>Anno,</span> <span class='ocrx_word' id='word_1_167' title='bbox 1304 1415 1330 1442; x_wconf 88' lang='lat' dir='ltr'>a</span> <span class='ocrx_word' id='word_1_168' title='bbox 1373 1398 1620 1441; x_wconf 86' lang='lat' dir='ltr'>Natiuitate</span> <span class='ocrx_word' id='word_1_169' title='bbox 1665 1394 1834 1448; x_wconf 87' lang='lat' dir='ltr'>Dominj</span> 
     </span>
     <span class='ocr_line' id='line_1_20' title="bbox 76 1458 1838 1526; baseline -0.01 -8"><span class='ocrx_word' id='word_1_170' title='bbox 76 1474 303 1518; x_wconf 88' lang='lat' dir='ltr'>Millesimo</span> <span class='ocrx_word' id='word_1_171' title='bbox 346 1471 702 1526; x_wconf 86' lang='lat' dir='ltr'>quingentesimo,</span> <span class='ocrx_word' id='word_1_172' title='bbox 745 1468 1018 1522; x_wconf 86' lang='lat' dir='ltr'>sexagesimo</span> <span class='ocrx_word' id='word_1_173' title='bbox 1061 1467 1223 1521; x_wconf 90' lang='lat' dir='ltr'>quinto,</span> <span class='ocrx_word' id='word_1_174' title='bbox 1266 1465 1504 1506; x_wconf 89' lang='lat' dir='ltr'>Indictione</span> <span class='ocrx_word' id='word_1_175' title='bbox 1546 1464 1715 1509; x_wconf 89' lang='lat' dir='ltr'>octaua,</span> <span class='ocrx_word' id='word_1_176' title='bbox 1757 1458 1838 1500; x_wconf 90' lang='lat' dir='ltr'>Die</span> 
     </span>
     <span class='ocr_line' id='line_1_21' title="bbox 76 1523 1838 1591; baseline -0.01 -9"><span class='ocrx_word' id='word_1_177' title='bbox 76 1554 179 1582; x_wconf 88' lang='lat' dir='ltr'>uero</span> <span class='ocrx_word' id='word_1_178' title='bbox 212 1539 327 1582; x_wconf 90' lang='lat' dir='ltr'>Iouis</span> <span class='ocrx_word' id='word_1_179' title='bbox 349 1538 572 1591; x_wconf 84' lang='lat' dir='ltr'>Vigesima</span> <span class='ocrx_word' id='word_1_180' title='bbox 604 1535 789 1590; x_wconf 89' lang='lat' dir='ltr'>septima</span> <span class='ocrx_word' id='word_1_181' title='bbox 820 1533 980 1576; x_wconf 88' lang='lat' dir='ltr'>mensis</span> <span class='ocrx_word' id='word_1_182' title='bbox 1008 1530 1284 1587; x_wconf 85' lang='lat' dir='ltr'>Septembris.</span> <span class='ocrx_word' id='word_1_183' title='bbox 1338 1528 1622 1571; x_wconf 88' lang='lat' dir='ltr'>Pontificatus</span> <span class='ocrx_word' id='word_1_184' title='bbox 1645 1523 1838 1567; x_wconf 79' lang='lat' dir='ltr'>Sanctis-</span> 
     </span>
     <span class='ocr_line' id='line_1_22' title="bbox 77 1587 1839 1652; baseline -0.01 -5"><span class='ocrx_word' id='word_1_185' title='bbox 77 1605 171 1648; x_wconf 90' lang='lat' dir='ltr'>simi</span> <span class='ocrx_word' id='word_1_186' title='bbox 203 1605 246 1646; x_wconf 90' lang='lat' dir='ltr'>in</span> <span class='ocrx_word' id='word_1_187' title='bbox 279 1603 447 1646; x_wconf 86' lang='lat' dir='ltr'>Christo</span> <span class='ocrx_word' id='word_1_188' title='bbox 474 1601 630 1651; x_wconf 87' lang='lat' dir='ltr'>Patris,</span> <span class='ocrx_word' id='word_1_189' title='bbox 665 1604 708 1642; x_wconf 92' lang='lat' dir='ltr'>et</span> <span class='ocrx_word' id='word_1_190' title='bbox 731 1599 903 1641; x_wconf 89' lang='lat' dir='ltr'>Domini</span> <span class='ocrx_word' id='word_1_191' title='bbox 934 1598 1070 1652; x_wconf 83' lang='lat' dir='ltr'>nostrj</span> <span class='ocrx_word' id='word_1_192' title='bbox 1095 1596 1265 1650; x_wconf 86' lang='lat' dir='ltr'>Dominj</span> <span class='ocrx_word' id='word_1_193' title='bbox 1289 1594 1352 1648; x_wconf 82' lang='lat' dir='ltr'>Pij</span> <span class='ocrx_word' id='word_1_194' title='bbox 1377 1593 1534 1636; x_wconf 90' lang='lat' dir='ltr'>Diuina</span> <span class='ocrx_word' id='word_1_195' title='bbox 1566 1587 1839 1645; x_wconf 90' lang='lat' dir='ltr'>prouidentia</span> 
     </span>
     <span class='ocr_line' id='line_1_23' title="bbox 78 1666 870 1725; baseline -0.009 -12"><span class='ocrx_word' id='word_1_196' title='bbox 78 1671 222 1725; x_wconf 88' lang='lat' dir='ltr'>Papae</span> <span class='ocrx_word' id='word_1_197' title='bbox 255 1668 419 1719; x_wconf 83' lang='lat' dir='ltr'>Quarti,</span> <span class='ocrx_word' id='word_1_198' title='bbox 454 1669 578 1709; x_wconf 92' lang='lat' dir='ltr'>Anno</span> <span class='ocrx_word' id='word_1_199' title='bbox 613 1666 703 1708; x_wconf 92' lang='lat' dir='ltr'>eius</span> <span class='ocrx_word' id='word_1_200' title='bbox 737 1666 870 1708; x_wconf 82' lang='lat' dir='ltr'>Sexto</span> 
     </span>
    </p>
   </div>
   <div class='ocr_carea' id='block_1_3' title="bbox 195 1737 1117 2107">
    <p class='ocr_par' dir='ltr' id='par_1_3' title="bbox 195 1737 931 1783">
     <span class='ocr_line' id='line_1_24' title="bbox 195 1737 931 1783; baseline -0.008 -1"><span class='ocrx_word' id='word_1_201' title='bbox 195 1741 263 1783; x_wconf 81' lang='lat' dir='ltr'>Jo:</span> <span class='ocrx_word' id='word_1_202' title='bbox 296 1739 369 1781; x_wconf 90' lang='lat' dir='ltr'>Mi:</span> <span class='ocrx_word' id='word_1_203' title='bbox 404 1737 644 1781; x_wconf 87' lang='lat' dir='ltr'>Cardinalis</span> <span class='ocrx_word' id='word_1_204' title='bbox 677 1737 931 1779; x_wconf 82' lang='lat' dir='ltr'>Saracenus.</span> 
     </span>
    </p>

    <p class='ocr_par' dir='ltr' id='par_1_4' title="bbox 196 1800 818 1848">
     <span class='ocr_line' id='line_1_25' title="bbox 196 1800 818 1848; baseline -0.01 0"><span class='ocrx_word' id='word_1_205' title='bbox 196 1806 263 1848; x_wconf 84' lang='lat' dir='ltr'>Jo.</span> <span class='ocrx_word' id='word_1_206' title='bbox 298 1805 346 1846; x_wconf 91' lang='lat' dir='ltr'>B.</span> <span class='ocrx_word' id='word_1_207' title='bbox 381 1804 475 1846; x_wconf 84' lang='lat' dir='ltr'>Car.</span> <span class='ocrx_word' id='word_1_208' title='bbox 511 1803 551 1845; x_wconf 81' lang='lat' dir='ltr'>S.</span> <span class='ocrx_word' id='word_1_209' title='bbox 586 1800 818 1844; x_wconf 89' lang='lat' dir='ltr'>Clementis</span> 
     </span>
    </p>

    <p class='ocr_par' dir='ltr' id='par_1_5' title="bbox 196 1867 860 1912">
     <span class='ocr_line' id='line_1_26' title="bbox 196 1867 860 1912; baseline -0.009 0"><span class='ocrx_word' id='word_1_210' title='bbox 196 1871 263 1912; x_wconf 86' lang='lat' dir='ltr'>Jo.</span> <span class='ocrx_word' id='word_1_211' title='bbox 299 1868 452 1912; x_wconf 83' lang='lat' dir='ltr'>Suauis</span> <span class='ocrx_word' id='word_1_212' title='bbox 485 1868 580 1912; x_wconf 89' lang='lat' dir='ltr'>Car.</span> <span class='ocrx_word' id='word_1_213' title='bbox 613 1867 860 1909; x_wconf 86' lang='lat' dir='ltr'>Reomanus</span> 
     </span>
    </p>

    <p class='ocr_par' dir='ltr' id='par_1_6' title="bbox 196 1931 839 1987">
     <span class='ocr_line' id='line_1_27' title="bbox 196 1931 839 1987; baseline -0.008 -10"><span class='ocrx_word' id='word_1_214' title='bbox 196 1935 223 1987; x_wconf 76' lang='grc' dir='ltr'>’ἱ-</span> <span class='ocrx_word' id='word_1_215' title='bbox 255 1935 300 1977; x_wconf 89' lang='grc' dir='ltr'><em>Μ</em></span> <span class='ocrx_word' id='word_1_216' title='bbox 333 1934 368 1976; x_wconf 80' lang='lat' dir='ltr'>G</span> <span class='ocrx_word' id='word_1_217' title='bbox 401 1934 484 1976; x_wconf 86' lang='lat' dir='ltr'>Car</span> <span class='ocrx_word' id='word_1_218' title='bbox 515 1931 839 1975; x_wconf 89' lang='lat' dir='ltr'>Alexandrinus</span> 
     </span>
    </p>

    <p class='ocr_par' dir='ltr' id='par_1_7' title="bbox 196 1992 1117 2107">
     <span class='ocr_line' id='line_1_28' title="bbox 196 1992 1117 2042; baseline -0.008 0"><span class='ocrx_word' id='word_1_219' title='bbox 196 2000 392 2042; x_wconf 90' lang='lat' dir='ltr'>Clemens</span> <span class='ocrx_word' id='word_1_220' title='bbox 426 1998 582 2040; x_wconf 87' lang='lat' dir='ltr'>Monil:</span> <span class='ocrx_word' id='word_1_221' title='bbox 617 1995 857 2039; x_wconf 88' lang='lat' dir='ltr'>Cardinalis</span> <span class='ocrx_word' id='word_1_222' title='bbox 889 1992 1117 2036; x_wconf 86' lang='lat' dir='ltr'>Araecoeli</span> 
     </span>
     <span class='ocr_line' id='line_1_29' title="bbox 198 2063 672 2107; baseline -0.006 -1"><span class='ocrx_word' id='word_1_223' title='bbox 198 2065 301 2107; x_wconf 91' lang='lat' dir='ltr'>Lud.</span> <span class='ocrx_word' id='word_1_224' title='bbox 336 2065 419 2106; x_wconf 88' lang='lat' dir='ltr'>Car</span> <span class='ocrx_word' id='word_1_225' title='bbox 451 2063 672 2106; x_wconf 84' lang='lat' dir='ltr'>Simoneta</span> 
     </span>
    </p>
   </div>
   <div class='ocr_carea' id='block_1_4' title="bbox 199 2123 1061 2236">
    <p class='ocr_par' dir='ltr' id='par_1_8' title="bbox 199 2123 1061 2236">
     <span class='ocr_line' id='line_1_30' title="bbox 199 2123 1061 2173; baseline -0.008 -1"><span class='ocrx_word' id='word_1_226' title='bbox 199 2130 264 2173; x_wconf 86' lang='lat' dir='ltr'>.V.</span> <span class='ocrx_word' id='word_1_227' title='bbox 295 2128 534 2171; x_wconf 84' lang='lat' dir='ltr'>Cardinalis</span> <span class='ocrx_word' id='word_1_228' title='bbox 566 2126 757 2170; x_wconf 88' lang='lat' dir='ltr'>vitellius</span> <span class='ocrx_word' id='word_1_229' title='bbox 790 2123 1061 2167; x_wconf 82' lang='lat' dir='ltr'>Camerarius</span> 
     </span>
     <span class='ocr_line' id='line_1_31' title="bbox 200 2192 746 2236; baseline -0.007 1"><span class='ocrx_word' id='word_1_230' title='bbox 200 2195 231 2236; x_wconf 80' lang='lat' dir='ltr'>F</span> <span class='ocrx_word' id='word_1_231' title='bbox 265 2193 503 2236; x_wconf 88' lang='lat' dir='ltr'>Cardinalis</span> <span class='ocrx_word' id='word_1_232' title='bbox 536 2192 746 2234; x_wconf 89' lang='lat' dir='ltr'>Alciatus.</span> 
     </span>
    </p>
   </div>
   <div class='ocr_carea' id='block_1_5' title="bbox 257 2249 1782 2368">
    <p class='ocr_par' dir='ltr' id='par_1_9' title="bbox 257 2249 1782 2368">
     <span class='ocr_line' id='line_1_32' title="bbox 257 2249 1782 2307; baseline -0.011 0"><span class='ocrx_word' id='word_1_233' title='bbox 257 2265 458 2307; x_wconf 87' lang='lat' dir='ltr'>Claudius</span> <span class='ocrx_word' id='word_1_234' title='bbox 492 2264 543 2306; x_wconf 90' lang='lat' dir='ltr'>de</span> <span class='ocrx_word' id='word_1_235' title='bbox 575 2263 690 2305; x_wconf 89' lang='lat' dir='ltr'>valle</span> <span class='ocrx_word' id='word_1_236' title='bbox 723 2264 902 2304; x_wconf 85' lang='lat' dir='ltr'>sanctae</span> <span class='ocrx_word' id='word_1_237' title='bbox 938 2260 1157 2302; x_wconf 78' lang='lat' dir='ltr'>Romanae</span> <span class='ocrx_word' id='word_1_238' title='bbox 1189 2255 1448 2298; x_wconf 87' lang='lat' dir='ltr'>vniuersalis</span> <span class='ocrx_word' id='word_1_239' title='bbox 1480 2249 1782 2306; x_wconf 83' lang='lat' dir='ltr'>anuisitionis</span> 
     </span>
     <span class='ocr_line' id='line_1_33' title="bbox 723 2322 1324 2368; baseline -0.008 0"><span class='ocrx_word' id='word_1_240' title='bbox 723 2326 934 2368; x_wconf 89' lang='lat' dir='ltr'>Notarius</span> <span class='ocrx_word' id='word_1_241' title='bbox 967 2328 1011 2368; x_wconf 89' lang='lat' dir='ltr'>et</span> <span class='ocrx_word' id='word_1_242' title='bbox 1045 2322 1324 2366; x_wconf 80' lang='lat' dir='ltr'>Secretarius.</span> 
     </span>
    </p>
   </div>
   <div class='ocr_carea' id='block_1_6' title="bbox 82 2462 1847 3215">
    <p class='ocr_par' dir='ltr' id='par_1_10' title="bbox 83 2462 1844 2675">
     <span class='ocr_line' id='line_1_34' title="bbox 200 2462 1842 2522; baseline -0.011 -9"><span class='ocrx_word' id='word_1_243' title='bbox 200 2480 238 2513; x_wconf 87' lang='lat' dir='ltr'>ln</span> <span class='ocrx_word' id='word_1_244' title='bbox 258 2482 359 2522; x_wconf 88' lang='lat' dir='ltr'>tergo</span> <span class='ocrx_word' id='word_1_245' title='bbox 377 2478 483 2512; x_wconf 87' lang='lat' dir='ltr'>huius</span> <span class='ocrx_word' id='word_1_246' title='bbox 507 2476 711 2521; x_wconf 81' lang='lat' dir='ltr'>diplomatis</span> <span class='ocrx_word' id='word_1_247' title='bbox 729 2476 902 2520; x_wconf 87' lang='lat' dir='ltr'>scriptum</span> <span class='ocrx_word' id='word_1_248' title='bbox 922 2477 977 2509; x_wconf 88' lang='lat' dir='ltr'>est</span> <span class='ocrx_word' id='word_1_249' title='bbox 1000 2485 1107 2508; x_wconf 85' lang='lat' dir='ltr'>manu</span> <span class='ocrx_word' id='word_1_250' title='bbox 1126 2472 1274 2516; x_wconf 86' lang='lat' dir='ltr'>antiqua</span> <span class='ocrx_word' id='word_1_251' title='bbox 1296 2471 1350 2513; x_wconf 88' lang='lat' dir='ltr'>(P.</span> <span class='ocrx_word' id='word_1_252' title='bbox 1370 2467 1552 2503; x_wconf 87' lang='lat' dir='ltr'>Laurentii</span> <span class='ocrx_word' id='word_1_253' title='bbox 1570 2464 1691 2508; x_wconf 83' lang='lat' dir='ltr'>Magii,</span> <span class='ocrx_word' id='word_1_254' title='bbox 1719 2462 1842 2508; x_wconf 88' lang='lat' dir='ltr'>put0):</span> 
     </span>
     <span class='ocr_line' id='line_1_35' title="bbox 86 2516 1844 2576; baseline -0.011 -9"><span class='ocrx_word' id='word_1_255' title='bbox 86 2532 295 2576; x_wconf 84' lang='lat' dir='ltr'>„Concessio</span> <span class='ocrx_word' id='word_1_256' title='bbox 330 2532 427 2565; x_wconf 86' lang='lat' dir='ltr'>facta</span> <span class='ocrx_word' id='word_1_257' title='bbox 462 2529 673 2574; x_wconf 82' lang='lat' dir='ltr'>quibusdam</span> <span class='ocrx_word' id='word_1_258' title='bbox 710 2541 755 2562; x_wconf 87' lang='lat' dir='ltr'>ex</span> <span class='ocrx_word' id='word_1_259' title='bbox 790 2529 922 2562; x_wconf 81' lang='lat' dir='ltr'>nostris</span> <span class='ocrx_word' id='word_1_260' title='bbox 957 2528 992 2561; x_wconf 91' lang='lat' dir='ltr'>in</span> <span class='ocrx_word' id='word_1_261' title='bbox 1020 2526 1211 2561; x_wconf 75' lang='lat' dir='ltr'>Germania</span> <span class='ocrx_word' id='word_1_262' title='bbox 1246 2523 1386 2568; x_wconf 89' lang='lat' dir='ltr'>legendi</span> <span class='ocrx_word' id='word_1_263' title='bbox 1422 2522 1531 2555; x_wconf 90' lang='lat' dir='ltr'>libros</span> <span class='ocrx_word' id='word_1_264' title='bbox 1567 2517 1773 2564; x_wconf 83' lang='lat' dir='ltr'>prohibitos,</span> <span class='ocrx_word' id='word_1_265' title='bbox 1808 2516 1844 2549; x_wconf 87' lang='lat' dir='ltr'>et</span> 
     </span>
     <span class='ocr_line' id='line_1_36' title="bbox 83 2569 1843 2627; baseline -0.011 -6"><span class='ocrx_word' id='word_1_266' title='bbox 83 2586 290 2621; x_wconf 87' lang='lat' dir='ltr'>absoluendi</span> <span class='ocrx_word' id='word_1_267' title='bbox 316 2585 359 2619; x_wconf 87' lang='lat' dir='ltr'>ab</span> <span class='ocrx_word' id='word_1_268' title='bbox 386 2584 568 2623; x_wconf 41' lang='lat' dir='ltr'>haeresi&amp;</span> <span class='ocrx_word' id='word_1_269' title='bbox 596 2585 721 2627; x_wconf 79' lang='lat' dir='ltr'>postea</span> <span class='ocrx_word' id='word_1_270' title='bbox 747 2582 886 2624; x_wconf 90' lang='lat' dir='ltr'>(eadem</span> <span class='ocrx_word' id='word_1_271' title='bbox 912 2581 1064 2624; x_wconf 84' lang='lat' dir='ltr'>manu‘?)</span> <span class='ocrx_word' id='word_1_272' title='bbox 1084 2580 1206 2613; x_wconf 83' lang='lat' dir='ltr'>addita</span> <span class='ocrx_word' id='word_1_273' title='bbox 1232 2580 1316 2612; x_wconf 88' lang='lat' dir='ltr'>sunt</span> <span class='ocrx_word' id='word_1_274' title='bbox 1341 2575 1470 2610; x_wconf 87' lang='lat' dir='ltr'>verba:</span> <span class='ocrx_word' id='word_1_275' title='bbox 1503 2584 1583 2618; x_wconf 81' lang='lat' dir='ltr'>„per</span> <span class='ocrx_word' id='word_1_276' title='bbox 1602 2569 1843 2614; x_wconf 85' lang='lat' dir='ltr'>anuisitores</span> 
     </span>
     <span class='ocr_line' id='line_1_37' title="bbox 83 2638 529 2675; baseline -0.011 0"><span class='ocrx_word' id='word_1_277' title='bbox 83 2639 291 2675; x_wconf 87' lang='lat' dir='ltr'>Cardinales</span> <span class='ocrx_word' id='word_1_278' title='bbox 316 2638 529 2672; x_wconf 80' lang='lat' dir='ltr'>Romanos“.</span> 
     </span>
    </p>

    <p class='ocr_par' dir='ltr' id='par_1_11' title="bbox 82 2681 1847 3215">
     <span class='ocr_line' id='line_1_38' title="bbox 201 2681 1844 2732; baseline -0.01 -1"><span class='ocrx_word' id='word_1_279' title='bbox 201 2698 313 2732; x_wconf 86' lang='lat' dir='ltr'>Roma</span> <span class='ocrx_word' id='word_1_280' title='bbox 348 2697 379 2730; x_wconf 86' lang='lat'>7.</span> <span class='ocrx_word' id='word_1_281' title='bbox 407 2694 573 2730; x_wconf 85' lang='lat' dir='ltr'>Octobris</span> <span class='ocrx_word' id='word_1_282' title='bbox 607 2694 697 2728; x_wconf 79' lang='lat'>1565</span> <span class='ocrx_word' id='word_1_283' title='bbox 733 2694 884 2727; x_wconf 74' lang='lat' dir='ltr'>Ioannes</span> <span class='ocrx_word' id='word_1_284' title='bbox 918 2694 959 2727; x_wconf 80' lang='lat' dir='ltr'>de</span> <span class='ocrx_word' id='word_1_285' title='bbox 994 2694 1148 2726; x_wconf 83' lang='lat' dir='ltr'>Polanco</span> <span class='ocrx_word' id='word_1_286' title='bbox 1184 2689 1373 2725; x_wconf 73' lang='lat' dir='ltr'>societatis</span> <span class='ocrx_word' id='word_1_287' title='bbox 1407 2685 1624 2721; x_wconf 84' lang='lat' dir='ltr'>secretarius</span> <span class='ocrx_word' id='word_1_288' title='bbox 1661 2681 1716 2716; x_wconf 87' lang='lat' dir='ltr'>vel</span> <span class='ocrx_word' id='word_1_289' title='bbox 1752 2681 1844 2715; x_wconf 85' lang='lat' dir='ltr'>alius</span> 
     </span>
     <span class='ocr_line' id='line_1_39' title="bbox 83 2736 1842 2795; baseline -0.01 -10"><span class='ocrx_word' id='word_1_290' title='bbox 83 2751 212 2795; x_wconf 88' lang='lat' dir='ltr'>aliquis</span> <span class='ocrx_word' id='word_1_291' title='bbox 247 2751 289 2784; x_wconf 88' lang='lat' dir='ltr'>de</span> <span class='ocrx_word' id='word_1_292' title='bbox 316 2749 495 2784; x_wconf 82' lang='lat' dir='ltr'>Societate</span> <span class='ocrx_word' id='word_1_293' title='bbox 521 2746 715 2782; x_wconf 85' lang='lat' dir='ltr'>Tusculum</span> <span class='ocrx_word' id='word_1_294' title='bbox 746 2746 938 2789; x_wconf 84' lang='lat' dir='ltr'>(Frascati)</span> <span class='ocrx_word' id='word_1_295' title='bbox 967 2745 1010 2780; x_wconf 83' lang='lat' dir='ltr'>ad</span> <span class='ocrx_word' id='word_1_296' title='bbox 1038 2745 1071 2779; x_wconf 84' lang='lat' dir='ltr'>S.</span> <span class='ocrx_word' id='word_1_297' title='bbox 1098 2744 1329 2778; x_wconf 79' lang='lat' dir='ltr'>Franciscum</span> <span class='ocrx_word' id='word_1_298' title='bbox 1365 2741 1407 2775; x_wconf 93' lang='lat' dir='ltr'>de</span> <span class='ocrx_word' id='word_1_299' title='bbox 1434 2738 1565 2782; x_wconf 87' lang='lat' dir='ltr'>Borgia</span> <span class='ocrx_word' id='word_1_300' title='bbox 1599 2736 1842 2782; x_wconf 84' lang='lat' dir='ltr'>praepositum</span> 
     </span>
     <span class='ocr_line' id='line_1_40' title="bbox 85 2789 1844 2847; baseline -0.01 -10"><span class='ocrx_word' id='word_1_301' title='bbox 85 2803 287 2847; x_wconf 85' lang='lat' dir='ltr'>generalem</span> <span class='ocrx_word' id='word_1_302' title='bbox 322 2801 491 2835; x_wconf 83' lang='lat' dir='ltr'>*litteras</span> <span class='ocrx_word' id='word_1_303' title='bbox 526 2800 632 2841; x_wconf 87' lang='lat' dir='ltr'>dedit,</span> <span class='ocrx_word' id='word_1_304' title='bbox 668 2799 703 2832; x_wconf 91' lang='lat' dir='ltr'>in</span> <span class='ocrx_word' id='word_1_305' title='bbox 738 2799 868 2843; x_wconf 89' lang='lat' dir='ltr'>quibus</span> <span class='ocrx_word' id='word_1_306' title='bbox 902 2798 992 2832; x_wconf 86' lang='lat' dir='ltr'>haec</span> <span class='ocrx_word' id='word_1_307' title='bbox 1026 2800 1128 2832; x_wconf 89' lang='lat' dir='ltr'>sunt:</span> <span class='ocrx_word' id='word_1_308' title='bbox 1168 2796 1231 2839; x_wconf 82' lang='lat' dir='ltr'>„El</span> <span class='ocrx_word' id='word_1_309' title='bbox 1263 2794 1402 2829; x_wconf 85' lang='lat' dir='ltr'>notario</span> <span class='ocrx_word' id='word_1_310' title='bbox 1429 2792 1508 2826; x_wconf 85' lang='lat' dir='ltr'>dela</span> <span class='ocrx_word' id='word_1_311' title='bbox 1535 2789 1753 2834; x_wconf 78' lang='lat' dir='ltr'>anuisition</span> <span class='ocrx_word' id='word_1_312' title='bbox 1779 2799 1844 2821; x_wconf 92' lang='lat' dir='ltr'>nos</span> 
     </span>
     <span class='ocr_line' id='line_1_41' title="bbox 82 2842 1843 2901; baseline -0.009 -11"><span class='ocrx_word' id='word_1_313' title='bbox 82 2859 180 2891; x_wconf 86' lang='lat' dir='ltr'>trazo</span> <span class='ocrx_word' id='word_1_314' title='bbox 206 2867 292 2901; x_wconf 85' lang='lat' dir='ltr'>ayer</span> <span class='ocrx_word' id='word_1_315' title='bbox 317 2854 486 2889; x_wconf 88' lang='lat' dir='ltr'>firmadas</span> <span class='ocrx_word' id='word_1_316' title='bbox 513 2854 613 2887; x_wconf 87' lang='lat' dir='ltr'>cinco</span> <span class='ocrx_word' id='word_1_317' title='bbox 639 2855 805 2897; x_wconf 86' lang='lat' dir='ltr'>patentes</span> <span class='ocrx_word' id='word_1_318' title='bbox 834 2863 921 2897; x_wconf 85' lang='lat' dir='ltr'>para</span> <span class='ocrx_word' id='word_1_319' title='bbox 946 2851 1000 2886; x_wconf 89' lang='lat' dir='ltr'>los</span> <span class='ocrx_word' id='word_1_320' title='bbox 1025 2852 1192 2885; x_wconf 87' lang='lat' dir='ltr'>nuestros</span> <span class='ocrx_word' id='word_1_321' title='bbox 1219 2849 1261 2883; x_wconf 90' lang='lat' dir='ltr'>de</span> <span class='ocrx_word' id='word_1_322' title='bbox 1288 2848 1487 2890; x_wconf 84' lang='lat' dir='ltr'>Alemagna</span> <span class='ocrx_word' id='word_1_323' title='bbox 1503 2873 1509 2879; x_wconf 92' lang='lat'><em>.</em></span> <span class='ocrx_word' id='word_1_324' title='bbox 1525 2845 1568 2878; x_wconf 92' lang='lat' dir='ltr'>de</span> <span class='ocrx_word' id='word_1_325' title='bbox 1594 2842 1738 2887; x_wconf 85' lang='lat' dir='ltr'>aquella</span> <span class='ocrx_word' id='word_1_326' title='bbox 1764 2853 1843 2876; x_wconf 92' lang='lat' dir='ltr'>con-</span> 
     </span>
     <span class='ocr_line' id='line_1_42' title="bbox 85 2896 1844 2954; baseline -0.009 -11"><span class='ocrx_word' id='word_1_327' title='bbox 85 2910 222 2944; x_wconf 87' lang='lat' dir='ltr'>cession</span> <span class='ocrx_word' id='word_1_328' title='bbox 248 2920 335 2954; x_wconf 86' lang='lat' dir='ltr'>para</span> <span class='ocrx_word' id='word_1_329' title='bbox 361 2908 414 2941; x_wconf 94' lang='lat' dir='ltr'>los</span> <span class='ocrx_word' id='word_1_330' title='bbox 440 2907 550 2941; x_wconf 88' lang='lat' dir='ltr'>libros</span> <span class='ocrx_word' id='word_1_331' title='bbox 575 2918 599 2951; x_wconf 86' lang='lat' dir='ltr'>y</span> <span class='ocrx_word' id='word_1_332' title='bbox 625 2917 712 2950; x_wconf 84' lang='lat' dir='ltr'>para</span> <span class='ocrx_word' id='word_1_333' title='bbox 747 2905 957 2938; x_wconf 87' lang='lat' dir='ltr'>reconciliar</span> <span class='ocrx_word' id='word_1_334' title='bbox 982 2904 1036 2938; x_wconf 90' lang='lat' dir='ltr'>los</span> <span class='ocrx_word' id='word_1_335' title='bbox 1062 2915 1172 2947; x_wconf 89' lang='lat' dir='ltr'>quese</span> <span class='ocrx_word' id='word_1_336' title='bbox 1207 2901 1454 2936; x_wconf 88' lang='lat' dir='ltr'>conuertiesen</span> <span class='ocrx_word' id='word_1_337' title='bbox 1481 2899 1568 2932; x_wconf 86' lang='lat' dir='ltr'>etc.“</span> <span class='ocrx_word' id='word_1_338' title='bbox 1624 2896 1694 2938; x_wconf 86' lang='lat' dir='ltr'>(Ex</span> <span class='ocrx_word' id='word_1_339' title='bbox 1721 2906 1844 2940; x_wconf 82' lang='lat' dir='ltr'>apogr.</span> 
     </span>
     <span class='ocr_line' id='line_1_43' title="bbox 85 2948 1845 3006; baseline -0.009 -9"><span class='ocrx_word' id='word_1_340' title='bbox 85 2963 196 2997; x_wconf 87' lang='lat' dir='ltr'>eiusd.</span> <span class='ocrx_word' id='word_1_341' title='bbox 223 2965 331 3006; x_wconf 89' lang='lat' dir='ltr'>temp.</span> <span class='ocrx_word' id='word_1_342' title='bbox 362 2959 565 3005; x_wconf 81' lang='lat' dir='ltr'>„Epistolae</span> <span class='ocrx_word' id='word_1_343' title='bbox 584 2958 708 2993; x_wconf 81' lang='lat' dir='ltr'>Italiae</span> <span class='ocrx_word' id='word_1_344' title='bbox 729 2957 894 3002; x_wconf 82' lang='lat' dir='ltr'>[Praepp.</span> <span class='ocrx_word' id='word_1_345' title='bbox 915 2957 1042 3001; x_wconf 64' lang='lat' dir='ltr'>Genu]</span> <span class='ocrx_word' id='word_1_346' title='bbox 1073 2955 1324 2990; x_wconf 81' lang='lat'>1565—1567“</span> <span class='ocrx_word' id='word_1_347' title='bbox 1355 2954 1379 2988; x_wconf 88' lang='lat' dir='ltr'>f.</span> <span class='ocrx_word' id='word_1_348' title='bbox 1407 2952 1495 2996; x_wconf 69' lang='lat'>501³.)</span> <span class='ocrx_word' id='word_1_349' title='bbox 1539 2951 1696 2985; x_wconf 83' lang='lat' dir='ltr'>Litterae</span> <span class='ocrx_word' id='word_1_350' title='bbox 1723 2948 1845 2992; x_wconf 87' lang='lat' dir='ltr'>igitur,</span> 
     </span>
     <span class='ocr_line' id='line_1_44' title="bbox 86 3001 1847 3059; baseline -0.009 -9"><span class='ocrx_word' id='word_1_351' title='bbox 86 3027 175 3059; x_wconf 86' lang='lat' dir='ltr'>quas</span> <span class='ocrx_word' id='word_1_352' title='bbox 201 3015 304 3049; x_wconf 88' lang='lat' dir='ltr'>modo</span> <span class='ocrx_word' id='word_1_353' title='bbox 322 3014 434 3059; x_wconf 85' lang='lat' dir='ltr'>posui,</span> <span class='ocrx_word' id='word_1_354' title='bbox 462 3012 595 3046; x_wconf 81' lang='lat' dir='ltr'>Romae</span> <span class='ocrx_word' id='word_1_355' title='bbox 622 3023 685 3056; x_wconf 91' lang='lat' dir='ltr'>pro</span> <span class='ocrx_word' id='word_1_356' title='bbox 712 3011 868 3055; x_wconf 90' lang='lat' dir='ltr'>quinque</span> <span class='ocrx_word' id='word_1_357' title='bbox 894 3010 966 3044; x_wconf 86' lang='lat' dir='ltr'>illis</span> <span class='ocrx_word' id='word_1_358' title='bbox 985 3009 1108 3049; x_wconf 86' lang='lat' dir='ltr'>Sociis,</span> <span class='ocrx_word' id='word_1_359' title='bbox 1137 3008 1265 3052; x_wconf 87' lang='lat' dir='ltr'>quibus</span> <span class='ocrx_word' id='word_1_360' title='bbox 1292 3006 1491 3041; x_wconf 81' lang='lat' dir='ltr'>destinatae</span> <span class='ocrx_word' id='word_1_361' title='bbox 1518 3007 1630 3043; x_wconf 84' lang='lat' dir='ltr'>erant,</span> <span class='ocrx_word' id='word_1_362' title='bbox 1657 3001 1847 3047; x_wconf 87' lang='lat' dir='ltr'>quinquies</span> 
     </span>
     <span class='ocr_line' id='line_1_45' title="bbox 86 3056 1845 3113; baseline -0.009 -10"><span class='ocrx_word' id='word_1_363' title='bbox 86 3068 241 3113; x_wconf 88' lang='lat' dir='ltr'>scriptae</span> <span class='ocrx_word' id='word_1_364' title='bbox 268 3070 304 3102; x_wconf 90' lang='lat' dir='ltr'>et</span> <span class='ocrx_word' id='word_1_365' title='bbox 330 3067 554 3110; x_wconf 86' lang='lat' dir='ltr'>subscriptae</span> <span class='ocrx_word' id='word_1_366' title='bbox 580 3067 674 3105; x_wconf 88' lang='lat' dir='ltr'>sunt,</span> <span class='ocrx_word' id='word_1_367' title='bbox 711 3065 761 3098; x_wconf 89' lang='lat' dir='ltr'>ita</span> <span class='ocrx_word' id='word_1_368' title='bbox 789 3066 828 3097; x_wconf 90' lang='lat' dir='ltr'>ut</span> <span class='ocrx_word' id='word_1_369' title='bbox 863 3062 994 3106; x_wconf 85' lang='lat' dir='ltr'>singuli</span> <span class='ocrx_word' id='word_1_370' title='bbox 1022 3074 1123 3096; x_wconf 77' lang='lat' dir='ltr'>suuni</span> <span class='ocrx_word' id='word_1_371' title='bbox 1161 3061 1335 3095; x_wconf 85' lang='lat' dir='ltr'>haberent</span> <span class='ocrx_word' id='word_1_372' title='bbox 1361 3058 1563 3103; x_wconf 85' lang='lat' dir='ltr'>exemplum</span> <span class='ocrx_word' id='word_1_373' title='bbox 1590 3056 1845 3101; x_wconf 59' lang='lat' dir='ltr'>archetypum</span> 
     </span>
     <span class='ocr_line' id='line_1_46' title="bbox 86 3110 1846 3166; baseline -0.008 -11"><span class='ocrx_word' id='word_1_374' title='bbox 86 3125 228 3166; x_wconf 89' lang='lat' dir='ltr'>praeter</span> <span class='ocrx_word' id='word_1_375' title='bbox 247 3120 448 3164; x_wconf 85' lang='lat' dir='ltr'>exemplum</span> <span class='ocrx_word' id='word_1_376' title='bbox 469 3130 552 3153; x_wconf 89' lang='lat' dir='ltr'>vero</span> <span class='ocrx_word' id='word_1_377' title='bbox 573 3117 849 3158; x_wconf 85' lang='lat' dir='ltr'>vindobonense,</span> <span class='ocrx_word' id='word_1_378' title='bbox 877 3116 967 3160; x_wconf 85' lang='lat' dir='ltr'>quod</span> <span class='ocrx_word' id='word_1_379' title='bbox 988 3115 1109 3149; x_wconf 86' lang='lat' dir='ltr'>Lanoii</span> <span class='ocrx_word' id='word_1_380' title='bbox 1134 3113 1365 3159; x_wconf 85' lang='lat' dir='ltr'>provincialis</span> <span class='ocrx_word' id='word_1_381' title='bbox 1383 3112 1551 3147; x_wconf 88' lang='lat' dir='ltr'>Austriae</span> <span class='ocrx_word' id='word_1_382' title='bbox 1579 3110 1689 3145; x_wconf 85' lang='lat' dir='ltr'>fuisse</span> <span class='ocrx_word' id='word_1_383' title='bbox 1709 3110 1846 3143; x_wconf 82' lang='lat' dir='ltr'>certum</span> 
     </span>
     <span class='ocr_line' id='line_1_47' title="bbox 88 3170 842 3215; baseline -0.007 -7"><span class='ocrx_word' id='word_1_384' title='bbox 88 3177 154 3215; x_wconf 89' lang='lat' dir='ltr'>est,</span> <span class='ocrx_word' id='word_1_385' title='bbox 181 3173 277 3208; x_wconf 86' lang='lat' dir='ltr'>aliud</span> <span class='ocrx_word' id='word_1_386' title='bbox 304 3184 397 3206; x_wconf 89' lang='lat' dir='ltr'>nunc</span> <span class='ocrx_word' id='word_1_387' title='bbox 425 3174 568 3206; x_wconf 80' lang='lat' dir='ltr'>exstare</span> <span class='ocrx_word' id='word_1_388' title='bbox 594 3183 662 3205; x_wconf 89' lang='lat' dir='ltr'>non</span> <span class='ocrx_word' id='word_1_389' title='bbox 691 3170 842 3204; x_wconf 82' lang='lat' dir='ltr'>videtur.</span> 
     </span>
    </p>
   </div>
  </div>
 </body>
</html>
