2077 3461
690 196 878 240 Moguntia
904 196 959 230 28.
986 195 1060 229 Ian.
1089 195 1190 229 1566.
1742 197 1824 236 175

68 318 116 357 ut
163 315 313 356 sileam
359 315 410 356 de
457 314 843 368 Archiepiscopatu
889 311 1297 367 Magdeburgensi1.
1360 312 1493 354 Nulla
1540 325 1642 354 uero
1689 312 1827 354 maior

67 380 213 433 pestis,
248 379 413 420 nullum
444 379 631 421 medium
665 379 719 421 ad
751 379 1028 421 euertendam
1061 377 1104 419 in
1129 376 1362 419 Germania
1394 377 1646 430 religionem
1676 378 1825 420 catho-

67 445 194 486 licam
227 444 460 495 efficacius,
505 458 631 497 quam
666 444 779 497 quod
811 443 903 485 ueri
935 442 1138 497 Episcopi
1179 444 1223 483 et
1254 444 1454 495 pastores
1487 441 1691 496 ordinarij
1725 456 1826 484 suas

68 510 192 551 sedes
224 508 506 563 Episcopales
539 508 757 558 amittant,
800 511 849 550 ut
881 522 957 562 pro
990 507 1236 562 pastoribus
1268 506 1356 547 illic
1388 506 1495 560 Lupi
1528 509 1824 560 grassentur‘2,

67 577 112 617 et
155 574 211 616 ad
254 588 376 616 suani
419 573 688 627 impietatem
734 573 990 616 1011011110111ὃ
1037 574 1295 614 conuertant
1339 585 1391 612 ea
1434 571 1568 620 bona,
1617 586 1727 624 quae
1771 572 1825 613 ad

67 639 334 681 Catholicam
378 639 588 692 pietatem
632 638 863 680 tuendamb
905 641 949 680 et
994 637 1315 692 prouehendam
1361 636 1522 678 donata
1566 639 1679 678 sunt.
1743 637 1825 678 Hic

67 707 215 757 posset
258 704 447 745 fortasse
489 702 693 744 Pontifex
734 703 951 744 Maximus
997 717 1090 744 cum
1136 702 1320 744 Caesare
1365 704 1409 743 et
1452 701 1549 754 alijs
1593 701 1825 743 Catholicis

66 768 274 818 statibuS,
319 768 507 821 aliquam
560 767 773 809 rationem
816 767 946 817 inire,
1003 767 1260 821 praesertim
1308 780 1385 820 per
1431 780 1555 807 suum
1599 765 1824 818 Augustae

65 833 291 886 Legatum,
324 835 373 875 ut
404 833 502 874 huic
534 832 828 874 Ecclesiarum
861 832 1131 885 dissipationi
1164 846 1214 873 ac
1238 830 1562 885 depraedationi
1586 831 1824 884 sacrilegae

65 898 350 951 qualicunque
388 897 559 939 ratione
600 896 770 938 obuiam
803 896 951 940 iretur.
1015 897 1136 939 Nota
1177 900 1244 939 est
1277 895 1569 939 Sectariorum
1611 895 1824 950 cupiditas

65 965 109 1004 et
147 962 242 1004 sitis
282 961 567 1016 inexplebilis,
611 976 695 1014 qua
735 961 925 1003 inhiantc
958 961 1210 1004 Ecclesiast.
1252 961 1388 1011 bonis,
1430 961 1686 1014 praesertim
1720 975 1824 1003 uero

64 1027 405 1081 Episcopalibus.
470 1026 538 1069 Sic
578 1040 843 1080 percusso
889 1029 933 1068 et
976 1027 1130 1069 abacto
1176 1029 1425 1080 pastore,
1475 1026 1728 1079 dispergi
1773 1039 1823 1068 ac

64 1093 117 1133 ab
150 1092 381 1134 haereticis
413 1091 643 1145 deprauari
674 1091 945 1133 Dominicum
977 1092 1228 1144 gregem3
1260 1104 1436 1133 necesse
1468 1093 1548 1133 est.

183 1157 376 1199 Secundo
408 1157 592 1198 inultum
624 1156 851 1210 prodesset
883 1156 1207 1198 conseruandae
1238 1156 1360 1198 nobis
1389 1155 1617 1209 Religioni,
1651 1155 1687 1197 si
1719 1155 1822 1210 Epi-

63 1222 179 1276 scopi
213 1224 257 1264 et
288 1221 612 1275 Archiepiscopi
646 1220 904 1263 Germaniae
937 1225 1148 1274 quotquot
1180 1221 1362 1275 posthac
1394 1221 1558 1263 Romae
1596 1222 1823 1262 confirma-

62 1287 235 1337 buntur,
276 1286 461 1340 primum
503 1286 753 1328 sacerdotes
786 1286 974 1328 ordinati
1006 1289 1164 1336 essent,
1209 1289 1253 1328 et
1292 1286 1445 1327 deinde
1486 1285 1822 1327 consecrationis

61 1366 229 1403 munus,
262 1352 341 1393 sub
373 1351 646 1405 grauioribus
678 1351 827 1404 poenis
861 1365 990 1404 quam
1022 1351 1233 1393 hactenus
1266 1350 1529 1393 constitutae
1561 1352 1661 1392 sunt
1674 1351 1702 1401 4,
1736 1364 1821 1392 11011

62 1416 306 1465 differrent,
340 1419 472 1470 utque
496 1416 598 1458 dicti
620 1416 945 1470 Archiepiscopi
969 1418 1012 1458 et
1034 1415 1237 1470 Episcopi
1269 1415 1512 1470 spetialiter
1543 1418 1822 1457 monerentur

62 1484 257 1535 tempore
279 1481 630 1529 confirmationis,
664 1495 717 1522 110
740 1495 835 1522 011111
864 1481 1006 1534 aliquo
1040 1495 1215 1522 suorum
1237 1481 1536 1523 praelatorum
1569 1480 1819 1522 inferiorum

60 1546 324 1600 dispensent,
359 1560 441 1599 quo
465 1547 605 1588 minus
626 1546 682 1599 ijd
704 1546 887 1600 gradum
910 1546 1237 1588 Sacerdotalem
1258 1545 1373 1588 intra
1402 1559 1560 1587 annum
1584 1549 1818 1587 assumant.

61 1611 181 1652 Haec
221 1625 307 1652 non
347 1611 511 1653 frustra
553 1625 727 1660 moneo,
780 1625 875 1652 cum
917 1610 1119 1664 experiar
1159 1610 1369 1652 vilescere
1409 1610 1549 1663 magis
1590 1623 1640 1652 ac
1682 1610 1822 1663 magis

61 1676 362 1727 sacerdotium,
406 1676 575 1729 quando
614 1676 806 1718 Praelati
848 1676 901 1717 ab
943 1675 1016 1717 illo
1057 1679 1158 1718 sunt
1199 1675 1340 1725 alieni,
1384 1675 1505 1717 velut
1546 1688 1620 1716 eos
1660 1675 1819 1729 pudeat

60 1740 174 1782 sacri
205 1741 378 1791 ordinis,
412 1741 530 1783 cuius
562 1740 708 1794 gratia
740 1740 972 1794 praecipua
1004 1740 1218 1794 recipiunt
1251 1740 1542 1782 emolumenta
1557 1741 1585 1782 5.

180 1805 326 1848 Tertio
359 1819 629 1859 summopere
663 1805 893 1855 conferret,
928 1807 975 1846 vt
1008 1805 1209 1855 arbitror,
1242 1805 1377 1847 talem
1409 1819 1435 1846 a
1468 1804 1675 1846 Pontifice
1701 1805 1818 1847 Max.

61 1870 271 1923 Legatum
305 1871 360 1913 ad
393 1871 567 1913 comitia
590 1870 717 1920 mitti,
752 1870 822 1923 qui
855 1871 1119 1924 potestatem
1152 1870 1333 1912 haberet
1356 1884 1451 1912 cum
1476 1869 1820 1924 Archiepiscopis

179 1963 207 1994 a)
237 1964 272 1987 In
292 1964 371 1987 arch.
392 1971 466 1987 corr.
486 1970 522 1987 es
542 1962 732 1988 mouendam.
823 1961 852 1993 b)
884 1963 918 1987 Ιη
939 1963 1018 1987 arch.
1039 1971 1112 1987 corr.
1139 1970 1176 1987 ea:
1204 1961 1375 1987 muendam.
1468 1962 1494 1993 c)
1525 1963 1557 1986 In
1589 1963 1667 1987 arch.
1688 1970 1762 1987 corr.
1786 1970 1821 1987 ea·

60 2004 183 2031 imeant.
265 2003 296 2034 d)
316 2005 364 2028 Ita
384 2004 499 2028 omnino
519 2004 721 2035 ‹·0)·)'1'yenslmn
743 2011 803 2028 esse
823 2012 920 2028 censeo
940 2002 987 2035 ijs,
1013 2005 1087 2035 qnod
1108 2007 1149 2029 est
1171 2004 1198 2027 in
1220 2004 1298 2028 arch.

61 2119 218 2164 episcopi
244 2119 456 2154 sambiensis
482 2120 682 2164 (Saniland)
711 2123 746 2154 et
772 2132 986 2165 pomesanus
1006 2120 1287 2164 (Pomesanien),
1315 2123 1351 2154 et
1375 2120 1445 2166 ipsi
1463 2122 1659 2165 apostatae,
1687 2119 1819 2164 episco-

61 2174 168 2217 patus
204 2172 438 2207 tradiderant.
505 2174 692 2216 Augustus
730 2174 908 2208 Saxoniae
950 2175 1116 2219 princeps
1159 2174 1293 2208 elector
1335 2174 1562 2218 episcopatus
1604 2173 1818 2207 misnensem

62 2225 265 2269 (Meissen),
291 2226 633 2269 merseburgensem,
659 2227 985 2270 naumburgensem
1003 2227 1071 2261 sibi
1090 2229 1305 2272 sumpserat.
1348 2227 1446 2261 lden]
1465 2227 1572 2260 duces
1591 2225 1819 2270 megalopoli-

60 2279 135 2312 tani
156 2279 445 2322 (Mecklenburg)
467 2279 509 2313 de
529 2279 794 2325 episcopatibus
812 2280 1013 2314 sverinensi
1034 2280 1248 2324 (Schwerin)
1271 2282 1307 2314 et
1330 2280 1610 2323 ratzeburgensi,
1638 2280 1817 2324 pomerani

61 2331 104 2365 de
129 2332 323 2366 caminensi
353 2332 549 2375 (Kammin)
579 2336 727 2376 egerant
757 2333 925 2376 (Janssen
950 2333 973 2368 l.
1000 2345 1030 2368 c.
1056 2334 1108 2368 Ill
1134 2333 1194 2374 833
1222 2333 1272 2367 IV
1298 2334 1341 2368 87
1369 2334 1436 2368 477
1464 2333 1543 2367 484.
1580 2334 1672 2366 Mor.
1696 2334 1818 2376 Hister,

60 2384 242 2419 Deutsche
269 2385 484 2419 Geschichte
519 2387 566 2419 im
593 2386 761 2420 Zeitalter
788 2387 849 2420 der
876 2386 1234 2430 Gegenreformation
1262 2389 1328 2422 etc.
1356 2387 1381 2426 I,
1409 2386 1591 2429 Stuttgart
1620 2385 1718 2426 1889,
1753 2387 1815 2420 111

60 2438 105 2471 ad
120 2438 187 2472 112
204 2438 419 2481 193—195).
446 2438 800 2473 Halberstadiensem
818 2451 959 2483 quoque
978 2439 1221 2484 episcopatum
1241 2439 1307 2474 hoc
1321 2442 1481 2484 tempore
1500 2439 1633 2472 elector
1646 2438 1818 2473 branden-

60 2491 249 2534 burgensis
274 2492 568 2536 protestantismo
594 2492 796 2536 mancipare
822 2492 1001 2527 studebat.
1048 2493 1177 2535 „Jenes
1195 2492 1363 2527 hassliche
1381 2493 1525 2538 System
1544 2504 1612 2525 von
1631 2491 1730 2535 Trug
1747 2492 1818 2526 und

60 2543 263 2584 Halbheit“,
303 2544 417 2588 inquit
452 2546 584 2588 Βίτων,
627 2544 800 2587 „welches
838 2546 912 2579 fast
949 2545 1086 2579 iiberall
1124 2546 1180 2579 die
1218 2545 1416 2580 kirchliche
1454 2544 1719 2588 Umwandlung
1757 2545 1820 2579 der

60 2596 314 2631 Reichsstifter
348 2597 541 2641 begleitete
576 2598 647 2631 und
683 2597 839 2632 deutlich
873 2598 1001 2642 zeigte‚
1039 2598 1108 2633 (111Ιέ
1136 2599 1203 2632 den
1229 2598 1483 2633 Protestanten
1510 2598 1574 2631 das
1600 2597 1818 2640 Eindringen

62 2649 96 2682 in
133 2649 230 2683 diese
265 2649 515 2684 katholischen
542 2650 751 2692 Anstalten‚
789 2651 844 2684 die
870 2644 1140 2694 'Uberwindung
1177 2652 1240 2685 des
1274 2663 1343 2685 von
1379 2651 1485 2685 ihnen
1522 2650 1593 2684 und
1628 2650 1730 2684 ihren
1756 2651 1819 2685 Be-

62 2702 251 2736 schiitzern
277 2703 530 2746 ausgehenden
550 2703 825 2738 Widerstandes
851 2703 1076 2748 keineswegs
1103 2704 1213 2738 leicht
1239 2705 1309 2745 fiel,
1344 2707 1417 2738 trat
1444 2704 1534 2738 auch
1563 2704 1640 2737 dort
1666 2703 1815 2738 hervor‘

64 2755 101 2798 (l.
129 2767 157 2789 c.
185 2756 200 2789 1
229 2756 326 2799 195).

183 2809 193 2828 ¹
219 2809 309 2843 Vide
335 2820 444 2854 supra
470 2821 503 2854 p.
534 2810 627 2844 169³.

180 2861 193 2881 2
219 2861 271 2896 Cf.
298 2862 335 2896 Io
364 2863 416 2904 10,
447 2864 488 2898 11
520 2863 580 2899 12:
610 2862 663 2895 Mt
690 2863 720 2901 7,
750 2863 812 2902 15;
841 2863 911 2897 Act
936 2863 992 2906 20,
1020 2863 1065 2898 ‘28
1092 2864 1136 2897 29
1163 2865 1229 2897 etc.

179 2915 192 2935 ³
218 2914 309 2948 Zach
338 2915 392 2956 13,
420 2915 451 2949 7.
502 2915 556 2949 Mt
583 2915 638 2956 26,
666 2915 720 2948 31.
772 2915 830 2949 Mc
860 2917 911 2954 14,
939 2916 995 2949 27.

179 2971 192 2987 ¹
218 2970 272 3001 De
297 2967 354 3002 his
379 2969 503 3013 poenis
530 2968 611 3002 vide
638 2979 746 3012 supra
772 2979 804 3012 p.
834 2968 1029 3003 135—136.

178 3020 191 3039 ⁵
216 3021 472 3054 Ferdinanclzcs
496 3022 526 3055 I.
554 3021 749 3065 imperator
784 3032 875 3054 anno
908 3021 998 3055 1560
1025 3033 1103 3055 cum
1131 3020 1310 3055 Stanislao
1337 3021 1447 3055 Hosio
1473 3022 1596 3055 nuntio
1623 3022 1817 3068 apostolico

60 3075 209 3116 questus
236 3075 310 3108 est:
342 3074 400 3115 „In
420 3073 613 3108 Germania
640 3074 714 3107 fere
740 3073 850 3118 pudet
875 3074 930 3107 sui
949 3074 1107 3108 muneris
1134 3074 1331 3119 episcopos,
1358 3076 1394 3108 et
1412 3075 1630 3119 pontificalia
1649 3088 1711 3121 per
1729 3075 1817 3109 alios

62 3126 249 3159 exercent“
291 3126 342 3169 (S.
376 3127 578 3170 Steinherz,
614 3126 968 3160 Nuntiaturberichte
1004 3138 1068 3161 aus
1103 3126 1348 3161 Deutschland
1386 3128 1618 3163 1560—1572
1654 3129 1679 3168 Ι,
1710 3128 1815 3162 1Υ1011
