2045 3471
393 226 486 260 Mon.
506 226 574 260 815
601 225 678 260 sive
704 225 742 260 it.
763 225 854 269 (22).
898 225 951 259 Ab
978 225 1034 260 21.
1053 225 1144 258 iunii
1170 225 1213 259 ad
1241 224 1273 260 3.
1292 223 1390 269 Sept.
1411 224 1512 258 1565.
1744 225 1828 267 753

189 344 380 378 Societatis
407 343 638 387 congregatio
664 343 844 387 generalis
870 343 1028 377 secunda
1053 355 1074 377 a
1100 343 1132 377 d.
1160 343 1215 376 21.
1243 342 1335 376 Iunii
1361 342 1404 376 ad
1431 342 1463 377 3.
1491 341 1712 387 Septembris
1741 341 1830 376 1565

69 397 192 432 habita
218 398 284 431 est.
327 396 414 431 Eius
440 396 584 430 decreta
610 396 763 441 primum
791 396 924 430 Romae
950 407 981 430 a.
999 395 1100 437 1568,
1129 395 1265 436 deinde,
1293 406 1373 429 cum
1400 394 1699 438 congregationes
1725 405 1830 437 gene-

68 450 163 484 rales
180 449 271 490 VII.‚
299 461 329 484 a.
351 450 584 484 1615—1616
610 449 744 490 habita,
773 449 883 492 (decr.
911 449 947 493 6)
977 452 1012 483 et
1027 449 1135 489 VIII.,
1162 459 1194 482 a.
1215 448 1448 483 1645—1646
1475 447 1607 489 habita,
1637 447 1747 491 (decr.
1769 446 1826 490 14)

68 503 213 538 decreta·
238 502 556 546 congregationum
581 502 804 545 generalium
821 502 920 547 typis
938 502 1093 536 exscribi
1120 501 1320 542 iussissent,
1347 501 1562 545 compluries
1588 512 1722 534 excusa
1747 502 1853 534 sunt‘

71 555 352 600 (Sommerwyel,
392 555 642 600 Bibliotheque
680 558 747 590 etc.
774 554 807 589 V
832 556 972 589 81—86
1005 554 1174 597 95-96)‚
1213 554 1355 588 omissis
1393 556 1513 587 tamen
1552 553 1707 588 decretis
1746 553 1830 593 illis,

69 620 162 653 quae
197 608 339 653 privata
374 611 514 642 tantum
550 608 695 651 negotia
730 608 953 653 spectabant.
1005 608 1093 643 Cum
1120 609 1239 641 autem
1267 606 1434 642 Canisius
1468 606 1646 640 secundae
1673 606 1831 640 11110011-

70 662 270 706 gregationi
306 662 512 695 interfuerit
545 664 654 705 atque
689 661 797 696 etiam
825 661 976 696 multum
1006 661 1041 694 in
1069 672 1110 694 ea
1136 660 1302 701 valuerit,
1338 659 1458 703 aliqua
1493 671 1539 693 ex
1574 660 1650 693 eius
1677 659 1832 693 decretis

69 715 244 760 excerpsi,
271 726 392 748 eorum
419 715 573 748 editione
599 726 686 748 usus
712 714 918 755 novissima,
946 725 1036 758 quae
1056 715 1178 748 exstat
1203 713 1240 747 in
1262 714 1447 755 „Instituto
1466 712 1656 746 Societatis
1674 712 1774 746 Iesu“
1798 712 1831 745 ΙΙ

71 768 292 812 (Florentiae
312 768 418 811 1893)
442 768 644 808 193—215;
672 768 826 802 decretis
852 770 971 802 autem
999 779 1080 801 eum
1105 779 1294 801 numerum
1321 766 1471 806 ascribo,
1498 778 1568 810 quo
1594 766 1630 799 in
1657 765 1832 810 exemplis

69 822 223 861 excusis,
249 833 316 855 non
345 833 437 861 eum,
465 833 534 865 quo
560 821 597 855 in
615 821 717 855 Actis
742 832 851 855 manu
877 821 1022 866 scriptis
1049 821 1193 864 signata
1219 821 1314 854 sunt.
1351 818 1525 860 Quoniam
1552 821 1673 852 autem
1698 818 1735 852 in
1760 818 1832 852 illis

69 874 164 909 haud
200 875 250 908 ita
276 874 391 918 plane,
428 874 556 917 quibus
583 874 708 908 diebus
734 874 876 917 singula
903 875 976 908 sint
1001 874 1154 915 decreta,
1189 873 1426 917 significatur,
1461 872 1496 905 id
1529 883 1574 905 ex
1601 873 1700 906 Actis
1724 882 1831 905 manu

68 928 215 972 scriptis
252 927 310 971 (de
346 927 476 971 quibus
511 927 613 972 plura
648 927 742 961 infra
777 939 868 961 mon.
897 928 980 971 816)
1019 927 1128 967 addo;
1165 926 1274 961 etiam
1309 926 1378 960 alia
1414 925 1589 969 quaedam
1625 937 1670 958 ex
1704 924 1831 958 iisdem

70 981 237 1024 adiungo.

189 1034 283 1068 Ante
310 1033 342 1068 d.
370 1033 402 1067 2.
428 1032 519 1075 Iulii,
555 1045 624 1077 quo
651 1033 684 1067 S.
704 1033 917 1067 Franciscus
944 1033 1095 1076 Borgias
1132 1032 1268 1067 electus
1295 1034 1350 1066 est
1383 1032 1610 1077 praepositus
1640 1030 1831 1074 generalis,

71 1088 114 1122 de
140 1087 247 1121 rebus
273 1087 316 1120 ad
339 1086 549 1121 electionem
575 1087 772 1131 praepositi
797 1086 1070 1131 pertinentibus,
1096 1086 1229 1129 Borgia
1247 1085 1382 1120 vicario
1409 1085 1569 1128 generali
1594 1084 1832 1129 praesidente,

70 1143 191 1175 actum
219 1142 255 1174 et
280 1142 457 1174 statutum
484 1142 539 1173 est
554 1141 574 1173 ¹.
613 1139 679 1173 Die
706 1141 738 1175 3.
766 1140 846 1174 Iulii
871 1140 1020 1174 admissi
1045 1141 1130 1173 sunt
1155 1139 1191 1173 in
1218 1138 1532 1182 congregationem
1559 1137 1833 1182 procuratores²

73 1194 124 1238 (id
152 1205 196 1227 ex
223 1193 351 1227 *Actis
375 1204 461 1227 mss.
488 1205 521 1237 p.
549 1194 594 1227 54
620 1195 737 1237 patet;
766 1193 811 1227 cf.
839 1193 948 1227 etiam
975 1193 1068 1227 decr.
1096 1193 1116 1227 9
1143 1194 1227 1226 ante
1253 1191 1393 1233 elect.);
1432 1191 1554 1225 eodem
1580 1190 1637 1225 die
1664 1191 1706 1224 de
1732 1201 1831 1235 prae-

72 1247 178 1292 positi
205 1246 384 1290 generalis
414 1246 723 1289 „assistentibus“,
758 1246 818 1290 qui
844 1257 990 1280 munere
1015 1246 1087 1279 iam
1113 1245 1354 1285 decesserant,
1380 1247 1499 1279 actum
1528 1244 1638 1288 (decr.
1667 1243 1716 1287 1).
1766 1243 1832 1277 Die

71 1301 104 1335 4.
132 1300 212 1334 Iulii
248 1300 291 1334 de
316 1300 442 1333 iisdem
469 1302 609 1340 actum;
645 1302 832 1344 praeterea
862 1300 942 1342 „diu
967 1299 1191 1342 multumque
1217 1298 1459 1343 disputatum“
1489 1300 1545 1332 est
1575 1298 1617 1331 de
1648 1307 1832 1342 „procura-

71 1354 230 1388 toribus‘
269 1354 305 1386 in
332 1355 513 1398 posterum
549 1365 592 1387 ex
620 1353 774 1395 singulis
800 1352 991 1387 Societatis
1017 1351 1212 1397 provinciis
1246 1352 1290 1385 ad
1321 1351 1618 1394 congregationes
1645 1349 1832 1393 generales

72 1406 257 1441 mittendis
286 1406 395 1449 (decr.
422 1407 443 1440 2
470 1408 506 1440 et·
531 1406 581 1449 3).
632 1405 697 1440 Die
733 1407 764 1440 5.
791 1406 873 1439 Iulii
907 1406 949 1440 de
975 1405 1266 1450 procuratoribus
1298 1407 1355 1438 est
1379 1404 1614 1439 constitutum
1643 1403 1754 1447 (decr.
1781 1402 1832 1446 2).

74 1460 207 1494 Eodem
243 1460 298 1493 die
334 1461 370 1493 et
405 1459 567 1504 proximo
603 1459 646 1492 de
677 1459 979 1501 „Assistentibus“
1010 1458 1206 1503 praepositi
1232 1457 1412 1501 generalis
1438 1458 1540 1491 varia
1565 1459 1722 1491 tractata
1748 1458 1833 1490 sunt

73 1513 185 1557 (decr.
213 1513 263 1556 3).
314 1512 445 1546 Postea
482 1512 517 1554 (a
545 1513 577 1546 5.
604 1512 648 1546 ad
683 1513 716 1546 9.
743 1511 835 1554 Iulii,
870 1511 972 1557 puto)
1012 1511 1122 1555 aliqui
1159 1511 1202 1545 ad
1243 1510 1464 1555 „postulata“
1503 1509 1762 1544 consideranda
1797 1510 1833 1542 et

72 1566 293 1601 secernenda
320 1565 518 1608 designati;
547 1565 658 1609 aliqui
677 1565 867 1600 Societatis
894 1565 1167 1599 constitutiones
1193 1575 1273 1598 cum
1301 1563 1441 1598 concilii
1466 1563 1653 1598 tridentini
1679 1562 1832 1596 decretis

73 1620 235 1654 conferre
262 1619 369 1659 iussi;
396 1622 472 1652 tum
499 1631 545 1652 ex
570 1619 696 1652 horum
722 1621 798 1653 tum
826 1631 871 1653 ex
897 1618 1038 1652 illorum
1057 1629 1204 1652 numero
1220 1616 1385 1652 Canisius
1403 1618 1481 1651 erat
1500 1616 1620 1661 (plura
1638 1616 1720 1650 vide
1737 1615 1832 1649 infra

73 1686 166 1708 mon.
185 1673 253 1707 816
272 1672 378 1715 817);
405 1673 449 1706 ad
473 1672 544 1706 alia
570 1673 714 1714 negotia
733 1673 753 1706 3
776 1671 1064 1716 „deputationes“
1086 1670 1274 1705 institutae
1295 1671 1403 1714 (decr.
1421 1670 1444 1703 4
1463 1672 1498 1704 et
1516 1670 1565 1714 5).
1608 1669 1674 1704 Die
1700 1669 1731 1703 9.
1751 1668 1832 1702 Iulii

71 1728 260 1766 statutum,
296 1727 383 1770 quot
417 1725 589 1767 suffragia
624 1725 667 1759 ad
703 1736 761 1759 res
795 1725 1015 1759 definiendas
1049 1724 1318 1768 requirerentur
1345 1723 1454 1767 (decr.
1483 1724 1532 1766 7).
1582 1722 1624 1756 D.
1659 1722 1713 1756 12.
1741 1721 1832 1763 Iulii,

79 1792 177 1822 „cum
204 1791 261 1813 res
288 1791 350 1824 per
374 1779 532 1812 triduum
560 1778 743 1822 disputata
761 1779 890 1819 esset“,
922 1777 1105 1823 „plurimis
1130 1777 1350 1820 maximique
1376 1776 1546 1810 momenti
1571 1775 1770 1810 rationibus
1796 1774 1832 1808 in

75 1834 229 1867 medium
256 1832 432 1871 adductis,
467 1834 688 1874 rogaverunt
713 1831 755 1866 R.
781 1832 820 1866 P.
849 1831 1060 1865 Generalem
1086 1830 1347 1875 Praepositum,
1383 1832 1419 1864 et
1443 1829 1536 1864 serio
1563 1829 1832 1863 commendave-

72 1889 167 1929 runt,
194 1889 234 1920 ut
259 1886 378 1931 potius
404 1884 601 1929 applicaret
627 1885 785 1918 animum
811 1885 855 1918 ad
881 1884 1079 1918 roboranda
1105 1886 1142 1918 et
1167 1884 1210 1917 ad
1237 1883 1494 1927 perfectionem
1521 1882 1727 1916 adducenda
1755 1881 1832 1916 Col-

73 1940 169 1982 legia
195 1940 264 1973 iam
292 1939 459 1978 admissa,
495 1949 602 1981 quam
636 1938 680 1971 ad
707 1949 800 1971 nova
826 1937 1065 1977 admittenda;
1105 1940 1150 1978 et,
1186 1936 1217 1970 si
1243 1947 1334 1980 quae
1360 1936 1582 1970 admittenda
1608 1935 1833 1969 existimaret

75 2005 119 2027 ex
155 1993 209 2032 iis,
244 2003 335 2036 quae
361 1991 583 2030 offerrentur,
620 1991 792 2024 eiusmodi
827 1992 958 2031 essent,
994 1993 1029 2024 et
1064 1991 1116 2024 eis
1150 1990 1185 2023 in
1219 1989 1319 2029 locis,
1354 1991 1391 2022 et
1416 2000 1495 2022 cum
1521 1988 1656 2022 talibus
1682 1988 1832 2022 circum-

72 2046 228 2087 stantiis,
263 2048 303 2079 ut
337 2044 380 2078 ad
408 2055 593 2078 commune
618 2043 747 2077 bonum
775 2043 958 2077 Ecclesiae
983 2043 1063 2077 DEI
1098 2054 1266 2085 magnum
1298 2044 1516 2075 momentum
1543 2041 1710 2075 habitura
1736 2041 1832 2074 vide-

75 2102 199 2139 antur;
237 2102 282 2138 et,
319 2098 434 2141 quoad
471 2097 547 2130 eius
582 2096 659 2130 fieri
694 2097 819 2141 possit,
854 2096 905 2130 ita
931 2096 1054 2130 dotata
1079 2096 1138 2129 vel
1175 2107 1251 2129 eam
1278 2106 1396 2129 rerum
1424 2095 1521 2129 vitae
1546 2093 1831 2128 necessariarum

74 2152 361 2187 commoditatem
389 2150 568 2190 habentia,
596 2152 636 2183 ut
661 2161 730 2183 non
756 2152 895 2183 tantum
924 2149 1087 2193 Operarii
1113 2148 1309 2183 sustentari
1336 2148 1484 2192 possint,
1516 2147 1579 2181 sed
1606 2149 1641 2181 et
1666 2147 1696 2181 is
1723 2148 1832 2181 etiam

75 2217 245 2240 numerus
271 2204 584 2243 Scholasticorum,
620 2202 680 2247 qui
715 2214 778 2247 pro
809 2202 1005 2236 Seminario
1040 2202 1087 2236 sit
1122 2202 1235 2235 eidem
1263 2200 1421 2244 Collegio
1448 2201 1601 2241 futurus,
1636 2202 1676 2234 ut
1711 2212 1755 2234 ex
1792 2212 1831 2234 eo

76 2258 236 2304 Operarii
271 2257 412 2303 prodire
447 2256 586 2301 possint
620 2256 664 2290 ad
699 2256 732 2289 id
769 2256 1073 2290 conservandum:
1112 2266 1178 2288 nec
1212 2254 1434 2295 admittatur,
1470 2253 1556 2287 licet
1590 2254 1679 2287 haec
1714 2254 1831 2287 omnia

75 2313 318 2356 suppeterent,
354 2310 383 2343 si
418 2321 488 2343 non
514 2309 663 2343 haberet
689 2309 849 2343 Societas
876 2309 1057 2348 Rectores,
1094 2320 1135 2342 ac
1161 2307 1368 2350 Magistros,
1403 2318 1445 2341 ac
1471 2307 1611 2340 demum
1639 2306 1832 2351 Operarios

75 2366 109 2399 111
138 2365 213 2399 vita
239 2367 274 2398 et
301 2363 462 2397 doctrina
487 2362 642 2403 idoneos,
678 2364 717 2395 ut
755 2361 836 2395 huic
863 2361 1000 2395 muneri
1026 2373 1130 2406 posse
1155 2361 1379 2400 satisfacere,
1417 2360 1549 2394 auditis
1576 2360 1831 2394 Assistentium

75 2417 276 2458 sententiis,
315 2416 499 2457 iudicaret,
539 2418 574 2449 et
608 2415 751 2459 quidem
789 2416 866 2449 sine
904 2415 1052 2449 aliorum
1091 2413 1330 2456 Collegiorum
1368 2413 1602 2447 detrimento“
1644 2414 1752 2452 (decr.
1781 2413 1830 2457 8).

69 2472 117 2506 Ι1).
141 2472 191 2505 13.
220 2472 256 2504 et
276 2471 328 2504 14.
348 2469 438 2509 Iulii,
465 2480 502 2502 re
529 2469 702 2509 discussa,
728 2469 910 2508 statuitur,
939 2470 976 2502 ut
1002 2469 1038 2502 in
1064 2467 1217 2511 singulis
1244 2466 1434 2501 Societatis
1460 2466 1653 2511 provinciis
1683 2466 1831 2508 „saltem

199 2571 208 2590 ¹
235 2570 286 2603 De
315 2570 457 2612 „ordine
482 2569 647 2603 sedendi¹‘
678 2568 767 2603 haec
791 2569 997 2602 referuntur
1032 2568 1066 2601 in
1093 2570 1220 2602 *Actis
1245 2579 1331 2601 mss.
1360 2568 1408 2612 (p.
1435 2568 1612 2609 46—47):
1648 2568 1677 2600 A
1705 2568 1831 2602 dextra

78 2624 116 2658 P.
130 2623 263 2657 Vicarii
290 2622 463 2656 sedebant
489 2622 567 2662 duo,
594 2622 653 2666 qui
681 2622 839 2660 aderant.
867 2633 911 2655 cx
938 2621 1062 2666 primis
1089 2620 1278 2654 Societatis
1298 2620 1465 2654 Patribus
1483 2640 1526 2644 —
1547 2621 1569 2653 ii
1594 2623 1696 2654 erant
1715 2621 1752 2654 P.
1773 2621 1832 2654 Al-

76 2676 233 2721 phonsus
260 2675 443 2709 Salmeron
471 2677 506 2708 et
531 2675 570 2709 P.
597 2675 764 2709 Nicolaus
791 2674 977 2709 Bobadilla
1002 2693 1046 2697 ——
1074 2677 1110 2708 et
1145 2677 1225 2718 post
1250 2674 1346 2718 ipsos
1373 2674 1566 2717 praepositi
1593 2674 1832 2717 provinciales

80 2730 221 2772 „ordine
247 2728 473 2772 antiquitatis
500 2728 592 2762 inter
617 2729 713 2772 ipsos
739 2729 924 2768 seruat0“;
961 2727 1089 2771 reliqui
1116 2727 1267 2771 professi
1295 2739 1315 2760 a
1341 2727 1487 2760 sinistra
1515 2726 1553 2760 l'.
1574 2726 1706 2760 Vicarii
1732 2728 1831 2761 sede-

76 2784 161 2817 bant
191 2782 331 2825 „ordine
358 2793 443 2815 suae
469 2781 736 2826 professionis“.
775 2782 829 2815 Ita
856 2793 874 2814 a
894 2781 1020 2815 dextra
1046 2780 1219 2814 sedebant
1238 2780 1432 2819 Sahneron,
1460 2779 1655 2821 Bobadilla,
1684 2780 1832 2815 Iacobus

77 2836 192 2870 Miron
228 2834 458 2880 provincialis
493 2834 745 2877 Portugalliae,
782 2834 957 2875 Canisius,
993 2833 1162 2867 Nicolaus
1197 2832 1351 2866 Lanoius
1388 2832 1617 2876 provincialis
1652 2833 1831 2874 Austriae‚

76 2889 202 2923 deinde
229 2891 249 2923 9
276 2888 336 2922 alii
370 2887 607 2932 provinciales
634 2889 669 2921 et
694 2887 1024 2932 viceprovinciales.
1077 2886 1261 2920 Sessiones
1296 2886 1519 2920 habebantur
1549 2886 1701 2928 „Rornae
1737 2887 1829 2921 domi

76 2943 237 2977 nostrae“
271 2942 309 2984 (1,
337 2953 363 2974 0.
393 2952 424 2984 p.
451 2940 510 2982 46)
540 2940 617 2973 sive
643 2940 677 2973 in
705 2940 806 2974 domo
832 2940 994 2984 professa
1020 2939 1221 2973 Societatis.

196 2996 209 3015 2
235 2994 290 3029 Ex
317 2993 551 3027 admissorum
578 3005 734 3032 numero,
762 2996 801 3027 ut
827 3004 872 3026 ex
899 2993 1017 3026 *Actis
1043 2992 1065 3026 1.
1085 3003 1113 3025 0.
1139 2992 1377 3034 cognoscitur,
1404 2994 1480 3025 erat
1510 2991 1569 3033 „R
1590 2991 1629 3025 D.
1650 2992 1831 3035 Jgnatius,

77 3048 292 3082 Procurator
319 3047 458 3087 Jndiae,
493 3048 529 3080 et
556 3046 762 3080 Brasiliae“.
814 3046 1069 3080 Sanctissimus
1096 3045 1152 3078 vir
1180 3046 1340 3088 ignatius
1375 3044 1417 3078 de
1444 3045 1620 3086 Acevedo,
1660 3058 1703 3079 ex
1732 3045 1831 3080 Lusi-

77 3101 195 3136 taniae
221 3101 406 3135 nobilitate
432 3101 531 3133 ortus
558 3101 593 3132 et
618 3110 638 3132 a
664 3099 795 3142 Borgia
821 3099 887 3133 1100
913 3099 990 3143 ipso
1017 3109 1108 3131 anno
1134 3098 1169 3131 in
1196 3097 1385 3132 Brasiliam
1412 3098 1553 3139 missus,
1584 3110 1614 3132 a.
1645 3099 1734 3134 1570
1760 3110 1831 3133 una

79 3165 159 3187 cum
186 3154 228 3188 39
255 3153 361 3187 sociis
387 3152 480 3196 apud
508 3151 643 3185 insulas
670 3152 833 3186 canarias
859 3163 879 3186 a
898 3151 1109 3186 Calvinistis
1136 3151 1171 3184 in
1197 3150 1314 3184 odium
1334 3151 1414 3184 fidei
1434 3153 1582 3185 nec-atus
1600 3154 1666 3185 est.
1704 3152 1831 3186 Beato-

76 3217 156 3240 rum
183 3205 333 3240 honores
360 3206 404 3239 40
430 3205 650 3248 martyribus
676 3204 746 3237 illis
772 3205 840 3238 iam
869 3204 950 3238 olim
978 3204 1131 3238 tributos
1158 3203 1244 3237 Pius
1272 3203 1329 3237 IX.
1357 3204 1593 3237 confirmavit.

150 3268 460 3301 Braunsberger.
482 3267 592 3294 Canisii
612 3268 766 3301 Epistulae
786 3269 817 3294 et
838 3268 921 3295 Acta.
943 3268 975 3293 V.
1502 3262 1546 3296 48
