2077 3461
252 204 353 240 1212.
379 204 530 238 loannes
556 203 599 238 de
625 203 780 238 Polanco
807 203 961 237 Canisio.
1000 202 1111 237 Roma
1141 203 1194 237 16.
1225 202 1344 246 (17:2)
1373 202 1495 236 Martii
1524 203 1625 237 1565.
1774 205 1828 246 39

73 323 345 376 omniumque
382 326 557 378 patrum
598 337 648 366 ac
689 323 889 366 fratrum.
951 322 1112 372 Quibus
1153 335 1231 363 nos
1271 324 1524 364 reuerenter
1564 321 1607 363 in
1648 321 1831 364 Domino

73 388 434 432 commendamus.

189 452 416 506 Augustae
452 454 504 495 10
536 452 683 506 Martij
720 453 846 495 1565.
1379 494 1384 498 ,

953 516 1113 558 Seruus
1145 515 1187 557 in
1222 516 1391 558 Christo
1424 516 1471 559 P.
1505 516 1712 559 Canisius.

190 604 432 647 Admodum
475 605 728 647 Reuerendo
770 605 812 646 in
855 604 1023 647 Christo
1057 603 1190 653 Patri,
1234 604 1284 647 D.
1318 603 1549 646 Francisco
1592 619 1616 647 a
1658 604 1832 658 Borgia‚

77 670 250 712 Vicario
285 670 488 712 Generali
521 669 752 713 Societatis
785 671 890 712 Jesu
923 672 1005 712 etc.
1068 669 1246 711 Romae.

192 778 356 813 Canisius
382 779 536 823 Borgiae
561 790 633 812 una
659 790 739 812 cum
765 778 822 812 his
847 778 990 819 litteris,
1016 780 1056 812 ut
1082 790 1127 812 ex
1152 777 1239 823 ipsis
1266 777 1498 821 intellegitur,
1525 778 1624 812 misit
1655 777 1837 819 ,defectus

73 833 198 867 suos‘:
227 831 445 872 Quibusnam
472 832 507 865 in
533 831 640 866 rebus
674 831 751 876 ipse
777 831 837 865 vel
872 831 1066 876 praepositi
1102 831 1334 876 provincialis
1361 831 1518 865 officium
1555 830 1836 871 administrando

73 885 132 919 vel
157 885 247 919 alias
274 897 365 919 anno
398 885 580 930 superiore
606 886 763 919 errasset
788 884 847 918 vel
873 886 1070 929 peccasset,
1102 884 1145 918 ad
1173 884 1347 918 vicarium
1374 883 1578 928 generalem
1605 883 1837 923 referebatur,

72 938 150 972 sive
175 938 242 972 soli
273 938 533 980 „consultores“
565 940 600 972 et
632 940 791 972 rectores
828 937 926 979 (vide
955 938 1040 971 Can.
1069 936 1118 970 IV
1149 936 1253 980 1050)
1290 937 1368 971 sive
1400 936 1477 982 ipse
1504 948 1644 981 quoque
1672 936 1836 970 Canisius

73 991 307 1036 scripserunt.
358 990 425 1033 Qui
456 991 660 1033 „defectus“
690 990 827 1035 perisse
853 990 1032 1024 videntur.

193 1043 358 1079 Canisius
384 1044 440 1079 31.
458 1044 581 1078 Martii
601 1044 691 1079 1535
710 1043 862 1087 Borgiae
880 1043 1045 1088 scripsit:
1077 1043 1278 1085 „Putabant
1295 1043 1437 1087 quidem
1465 1055 1483 1077 e
1508 1043 1641 1077 nostris
1659 1042 1838 1083 Patribus,

73 1109 143 1131 non
169 1097 232 1131 abs
258 1109 296 1131 re
321 1096 407 1138 fore,
440 1097 609 1131 maiorem
637 1097 721 1131 dare
747 1096 959 1130 facultatem
987 1095 1201 1140 Prouincialj
1228 1096 1264 1130 in
1291 1095 1521 1138 dimittendis,
1557 1096 1618 1139 qui
1643 1095 1729 1130 licet
1755 1098 1837 1129 uoto

72 1162 152 1185 sese
179 1149 444 1185 asstrinxerunt
469 1150 644 1191 societati,
680 1152 800 1183 tamen
827 1151 908 1194 post
935 1149 1074 1183 diutina
1108 1148 1355 1194 experimenta
1380 1151 1536 1194 pergunt
1569 1149 1605 1182 in
1631 1148 1742 1194 uarijs
1769 1148 1837 1183 col-

73 1203 179 1249 legijs
206 1215 285 1238 esse
311 1203 465 1238 molesti.
509 1204 614 1238 Jnter
640 1214 729 1247 quos
754 1214 824 1236 non
850 1202 995 1236 infimus
1021 1204 1077 1236 est
1096 1228 1103 1236 .
1124 1229 1130 1235 .
1151 1229 1157 1236 .
1177 1204 1294 1236 sartor
1319 1201 1476 1246 quidam,
1503 1202 1546 1236 de
1564 1213 1632 1246 quo
1658 1204 1837 1246 postremo

73 1256 213 1302 scripsi,
248 1258 283 1290 et
308 1256 378 1290 mei
413 1256 538 1291 fratris
573 1256 654 1290 misi
690 1255 952 1290 testinioniuni“
986 1254 1047 1299 (cf.
1074 1255 1169 1289 infra
1203 1267 1236 1300 p.
1262 1254 1338 1297 45).
1390 1254 1478 1288 Cum
1510 1257 1628 1289 autem
1656 1254 1838 1289 Canisium

74 1311 168 1344 inter
194 1310 248 1345 10.
276 1311 312 1344 et
337 1310 392 1344 31.
419 1309 541 1344 Martii
560 1309 712 1353 Borgiae
738 1309 928 1354 scripsisse
954 1311 1175 1353 compertum
1203 1320 1272 1342 non
1298 1308 1345 1342 sit
1370 1319 1485 1352 neque
1511 1308 1546 1342 in
1572 1308 1704 1342 litteris
1730 1319 1839 1352 supra

73 1363 201 1408 positis
226 1363 399 1397 eiusmodi
434 1365 552 1397 sartor
576 1364 802 1404 memoretur,
830 1361 1011 1397 Canisium
1047 1361 1104 1395 his
1140 1361 1272 1396 litteris
1301 1362 1585 1404 „testimonium“
1615 1373 1636 1395 a
1662 1361 1701 1396 P.
1728 1361 1839 1395 Theo-

76 1416 194 1451 derico
222 1415 363 1450 Canisio
390 1415 532 1459 collegii
558 1415 851 1459 ingolstadiensis
886 1417 1024 1449 rectore
1050 1414 1225 1459 scriptum
1260 1414 1468 1448 adiunxisse
1495 1426 1546 1456 ac,
1582 1415 1667 1458 quid
1694 1415 1769 1458 ipse
1796 1414 1839 1448 de

75 1482 115 1504 eo
141 1470 284 1513 negotio
302 1470 463 1511 sentiret,
490 1469 548 1503 vel
574 1468 777 1503 testimonio
803 1468 855 1503 illi
882 1468 1093 1513 ascripsisse
1111 1468 1170 1502 vel
1195 1467 1231 1502 in
1256 1467 1428 1502 schedula
1457 1479 1521 1501 sua
1547 1479 1656 1501 manu
1683 1467 1840 1510 (litteras

75 1524 291 1567 dictaverat)
328 1523 517 1568 scripsisse
549 1522 695 1557 conicio.
746 1522 802 1556 Ex
833 1521 1016 1566 *epistula
1051 1523 1171 1555 autem
1197 1521 1343 1565 Dilinga
1372 1520 1425 1556 18.
1451 1520 1537 1555 Maii
1566 1522 1656 1555 1565
1683 1532 1703 1554 a
1734 1522 1838 1554 Theo-

75 1578 198 1611 derico
228 1577 382 1620 Canisio,
417 1576 478 1620 qui
503 1578 589 1610 tunc
614 1574 927 1620 viceprovincialis
954 1574 1168 1609 Germaniae
1203 1574 1397 1619 superioris
1423 1576 1459 1608 et
1490 1576 1608 1608 rector
1634 1573 1840 1616 dilinganus

75 1632 164 1671 erat,
191 1629 234 1663 ad
254 1629 421 1672 Borgiam
440 1629 524 1663 data
542 1630 781 1672 cognoscitur,
805 1628 1064 1662 Theodericum
1084 1627 1201 1670 egisse
1219 1627 1262 1661 de
1281 1627 1492 1661 dimittendo
1514 1627 1720 1670 „Bertramo
1740 1627 1841 1661 Hach

77 1682 182 1726 [Saeh
195 1682 228 1727 ‘?]
255 1682 490 1724 Coloniensi“,
518 1683 578 1726 qui
605 1682 640 1716 in
667 1681 857 1717 Societ-atis
884 1681 1046 1724 collegiis
1072 1680 1277 1715 monacensi
1303 1683 1340 1714 et
1364 1680 1638 1723 ingolstadiensi
1669 1679 1840 1722 „sartoris

76 1736 212 1770 officio“
251 1736 397 1770 functus
432 1737 510 1769 erat
546 1735 607 1779 (ex
642 1735 848 1780 archetypo,
881 1734 941 1776 „Gn
970 1734 1033 1779 Ep.
1061 1734 1144 1768 V1.“
1174 1734 1199 1768 f.
1229 1733 1342 1777 100¹›).
1393 1734 1433 1767 In
1460 1733 1660 1777 *Cataloyo
1697 1733 1839 1777 collegii

75 1788 379 1832 ingolstadiensis,
414 1788 544 1822 ibidem
573 1789 602 1822 1.
630 1788 786 1822 Ianuarii
815 1788 905 1822 1565
942 1787 1148 1832 composito,
1184 1786 1351 1828 refertur.
1383 1787 1628 1828 „Bertramuni
1657 1785 1751 1820 Sack
1777 1787 1840 1821 Co-

75 1842 292 1877 loniensen1“
327 1842 383 1876 22.
409 1841 496 1875 Maii
524 1842 614 1876 1563
640 1841 821 1875 Monachii
848 1840 1064 1875 Societatem
1098 1840 1313 1882 ingressum,
1348 1851 1394 1873 m.
1422 1840 1522 1874 Iunio
1549 1852 1580 1874 a.
1611 1841 1699 1874 1564
1728 1840 1840 1883 lngo]-

76 1895 183 1929 stadii
210 1895 369 1929 eiusdem
394 1897 480 1929 vota
514 1906 742 1940 nuncupasse
770 1893 898 1938 (,GSO
919 1894 998 1935 66²,
1025 1894 1050 1927 f.
1078 1893 1327 1936 373a—374b).
1379 1893 1484 1927 Initio
1511 1904 1542 1928 a.
1571 1893 1660 1927 1565
1690 1894 1751 1936 (m.
1778 1893 1840 1927 Fe-

76 1949 218 1983 bruario
253 1948 312 1982 vel
337 1948 480 1990 Martio,
515 1950 555 1982 ut
587 1947 745 1992 videtur)
774 1947 994 1991 Ingolstadio
1021 1948 1236 1990 Augustam,
1272 1946 1353 1980 inde
1380 1946 1562 1990 Dilingam
1598 1947 1730 1981 missus
1767 1950 1839 1983 est;

77 2002 158 2036 vide
184 2001 278 2036 infra
304 2013 397 2036 mon.
423 2002 495 2045 ing.
526 2001 591 2044 (2).

195 2071 373 2106 Polancus
398 2071 540 2106 nomine
566 2071 720 2115 Borgiae
746 2070 889 2105 Canisio
916 2070 1100 2115 respondit
1126 2070 1157 2104 3.
1186 2069 1320 2114 Aprilis
1350 2070 1451 2104 1565.

79 2191 221 2228 1212.
325 2191 386 2227 P.
424 2190 723 2227 IOANNES
764 2191 856 2227 DE
896 2189 1232 2233 POLANCO,
1272 2191 1488 2226 secretarius
1523 2192 1710 2227 Societatis
1752 2192 1840 2227 lesu.

239 2246 381 2280 nomine
408 2244 530 2280 Sancti
556 2245 739 2280 Francisci
767 2246 810 2280 de
837 2245 982 2289 Borgia‚
1009 2245 1135 2279 vicarii
1162 2245 1353 2288 generalis,
1381 2245 1582 2280 CANISIO.

1167 2297 1280 2332 Roma
1309 2299 1363 2333 16.
1393 2298 1512 2342 (17.‘?)
1540 2299 1662 2333 Martii
1691 2299 1792 2333 1565.

195 2375 249 2409 Ex
288 2375 493 2420 apographo
533 2375 693 2409 eiusdem
731 2375 921 2420 temporis;
962 2374 996 2408 in
1035 2374 1208 2417 margine,
1245 2374 1370 2409 eadem
1406 2386 1533 2408 manu:
1579 2375 1636 2416 ‚R
1665 2373 1841 2408 Canisio“.

79 2427 161 2463 Cod.
193 2428 332 2471 ⁷,Grernh
361 2429 424 2462 61“
456 2429 480 2463 f.
507 2428 587 2462 273.

198 2518 276 2550 Duo
311 2518 446 2559 fratres
479 2517 679 2550 seltolastici
705 2517 851 2550 Romam
888 2517 1116 2558 advenerant,
1152 2527 1227 2549 cam
1266 2517 1334 2549 iam
1371 2515 1509 2548 scholae
1542 2515 1651 2548 multo
1684 2518 1764 2546 (mite
1791 2515 1840 2546 ἰη-

79 2570 222 2603 cohatae
247 2575 376 2612 essent,
401 2571 441 2603 de
459 2581 608 2612 qaorum
635 2571 800 2603 missione
821 2570 988 2602 Canis-im
1010 2571 1168 2612 primam
1196 2570 1362 2602 certiores
1385 2570 1505 2610 faeere
1531 2568 1696 2600 debuerat
1724 2568 1844 2600 Socios

78 2634 255 2657 romanos.
301 2623 351 2656 Hi
377 2623 560 2656 cardinali
579 2624 789 2666 Aayastano
814 2634 880 2665 pro
908 2624 1081 2665 eaeseqm'is
1099 2623 1233 2655 Laint'o
1258 2623 1366 2664 factis
1392 2632 1540 2664 maqnas
1563 2621 1703 2663 yratias
1721 2625 1840 2664 ayant.

82 2677 313 2720 Conyreyalio
345 2676 597 2719 provincialis,
631 2687 736 2719 (ptam
776 2676 944 2709 Ccmiscus
978 2676 1191 2718 Insjolstadie'
1226 2675 1370 2717 habuit,
1406 2685 1476 2707 non
1512 2674 1651 2706 ridetur
1687 2674 1841 2716 Ieyz'tima

79 2730 212 2771 sauss&
246 2740 326 2762 nam
355 2730 562 2772 complures,
590 2729 651 2772 qni
677 2731 709 2761 et
734 2730 898 2761 interesse
924 2728 1128 2770 debuerant,
1154 2738 1223 2760 ozon
1255 2728 1506 2769 inters'twrant.
1557 2727 1678 2760 Huius
1703 2738 1841 2770 coum-‹¹-

77 2783 243 2826 yationis,
269 2794 338 2815 non
366 2783 495 2815 vicarii
517 2783 694 2823 ‚qenerale's
720 2787 777 2824 ess,
805 2786 968 2824 statuere,
996 2782 1141 2824 quinam
1171 2781 1317 2813 Romam
1345 2781 1392 2812 acl
1419 2780 1718 2822 conyreyationem
1744 2792 1843 2822 yene-

80 2836 192 2868 ratem
226 2837 343 2868 venire
377 2836 532 2868 debeant.
583 2835 740 2868 Romani
774 2835 870 2867 Socii
905 2835 1139 2867 consulantur
1175 2838 1320 2876 oportet,
1356 2837 1544 2876 coemptam
1572 2834 1670 2867 Socii
1695 2834 1841 2866 Romam

80 2889 280 2921 mittantur.
307 2888 478 2929 Infirmas
496 2888 650 2930 quidam.
679 2888 849 2929 Mayetstm:
866 2886 1068 2919 litterarum
1089 2897 1302 2928 graecarum
1331 2890 1359 2918 el
1374 2885 1631 2928 philosophiae.
1667 2886 1706 2919 P.
1727 2887 1840 2918 Vfilels.

80 2941 277 2974 Via-erector
311 2941 607 2983 v'nyolstml[ensis.
658 2941 785 2973 Κρεῖον
820 2940 1038 2981 (Ιὶἶίηῃαηηε.
1096 2939 1134 2971 P.
1172 2939 1370 2981 Dionysias
1408 2939 1574 2972 Coloniae
1607 2939 1841 2972 deseram-atton

81 2994 225 3027 Iuvenes
260 2995 402 3037 colleyt'o
437 2994 640 3035 permanire
678 2993 845 3025 destinati
880 2993 1078 3025 Bononiam
1119 2992 1346 3024 «cirenei-ant.
1408 2992 1595 3025 Socz'etalis
1632 2993 1844 3025 candidolas-

76 3047 240 3089 polonus.

199 3133 292 3175 Pax
325 3139 395 3177 etc.
448 3134 531 3175 Tre
564 3133 720 3175 lettere
754 3133 805 3174 de
829 3132 880 3174 Y.
916 3132 965 3174 R.
999 3132 1033 3173 si
1066 3146 1170 3174 sono
1204 3131 1396 3174 riceuute
1429 3133 1480 3175 de
1515 3135 1553 3184 9,
1589 3135 1631 3175 et
1657 3136 1738 3176 ,1-5.
1774 3133 1838 3174 del

83 3200 271 3250 passam,
316 3200 359 3240 et
392 3200 430 3240 3.
466 3198 533 3239 del
565 3200 767 3252 presente
792 3231 799 3240 .
824 3197 866 3238 la
899 3196 1038 3250 prima
1079 3200 1284 3251 portorno
1318 3198 1463 3241 Pietro
1497 3198 1764 3240 Louaniense
1798 3200 1839 3238 et
