2045 3471
195 181 279 222 632
645 177 824 212 11011721
853 177 932 211 sive
957 177 1016 212 dn.
1037 177 1127 222 (25).
1171 178 1501 212 7.—9.Ian.1567.

197 296 359 338 „veniam
386 307 448 340 pro
472 295 582 330 totius
601 295 683 329 anni
702 294 842 329 delictis
867 294 1051 329 humiliter
1068 295 1224 340 petebat,
1243 294 1509 339 amplexurus‘,
1530 294 1654 338 inquit,
1678 295 1953 339 „poenitentiam

193 348 355 391 libenter,
391 359 653 393 quamcumque
688 348 882 382 iniunxerit
916 348 1135 382 inobedienti
1170 347 1243 382 filio
1270 347 1356 381 mihi
1382 348 1422 382 P.
1441 347 1501 382 Τ.“ι
1534 347 1633 389 (vide
1659 359 1768 392 supra
1794 359 1826 392 p.
1854 348 1953 392 360).

194 401 318 445 Neque
346 413 430 435 vero
456 401 515 436 vel
550 402 584 435 in
619 401 688 435 hac
723 401 889 446 epistula,
926 400 984 435 vel
1019 400 1056 434 in
1090 401 1205 435 altera
1230 400 1304 440 illa,
1339 411 1447 444 quam
1483 400 1607 434 eodem
1633 400 1689 434 die
1715 400 1759 434 ad
1785 401 1954 443 Borgiam

195 455 293 489 dedit
319 454 370 498 (v.
397 466 506 498 supra
532 466 565 499 p.
593 454 809 497 364—369),
836 454 896 488 vel
922 454 957 488 in
983 453 1116 488 litteris
1142 454 1257 489 8.—9.
1285 453 1440 488 Ianuarii
1469 454 1558 487 1567
1586 453 1629 487 ad
1657 453 1808 488 eundem
1833 454 1954 489 missis

197 507 322 552 (supra
347 519 381 552 p.
401 507 603 552 377—380)
637 507 898 551 „conscientiae
923 508 1035 541 totius
1061 507 1234 541 rationem
1260 506 1434 541 reddidit“
1466 506 1633 550 Borgiae;
1660 518 1776 551 neque
1801 518 1955 551 usquam

194 562 503 602 commemoratur,
530 560 624 595 inter
652 561 705 596 14.
724 560 933 594 Decembris
960 562 997 595 et
1022 560 1053 594 8.
1072 560 1229 594 Ianuarii
1256 571 1276 594 a
1296 559 1437 594 Oanisio
1464 559 1572 594 aliam
1599 559 1790 604 epistulam
1805 560 1956 594 Romam

194 613 341 648 missam
369 625 459 648 esse.
494 613 537 647 A.
555 614 644 648 1566
671 615 792 647 autem
811 625 873 658 per
891 613 1094 658 complures
1111 624 1254 647 menses
1272 613 1307 646 in
1326 612 1512 657 provincia
1530 611 1743 647 Germaniae
1761 613 1956 657 superioris

195 666 350 710 degebat
375 669 411 701 et
428 666 562 701 multas
580 667 801 711 septimanas
819 678 899 700 cum
919 666 1062 700 Canisio
1081 666 1296 700 versabatur
1314 666 1352 700 P.
1372 666 1613 710 Hieronymus
1632 665 1791 706 Natalis;
1820 668 1855 700 et
1874 678 1954 700 con—

194 719 367 754 scientiae
393 720 719 754 manifestationem
748 731 792 753 ex
818 719 971 762 negotiis
998 719 1069 753 illis
1095 719 1208 753 fuisse
1234 719 1379 759 dixeris,
1407 719 1449 752 de
1475 719 1603 763 quibus
1631 718 1794 752 Canisius
1815 720 1869 753 14.
1888 719 1954 753 De-

195 772 350 808 cembris
368 773 459 807 1566
478 773 631 815 Borgiae
650 772 813 817 scripsit:
841 772 896 806 Ad
915 772 955 806 R.
971 772 1011 806 P.
1025 772 1192 806 Natalem
1210 772 1341 815 „ueluti
1355 772 1589 806 Visitatorem
1608 773 1643 805 et
1661 772 1701 805 P.
1716 771 1758 805 V.
1770 771 1956 806 Vicarium

194 825 390 870 plaeraque
416 826 604 860 referenda
631 837 710 860 esse
736 825 882 870 putaui“
914 825 1012 869 (vide
1038 837 1147 870 supra
1183 837 1215 870 p.
1236 826 1333 869 360).
1383 824 1524 859 Natalis
1559 836 1645 859 sane
1675 824 1787 859 multo
1812 825 1956 860 facilius

196 879 330 914 Canisii
348 879 603 913 conscientiam
629 878 805 913 moderari
832 881 983 923 poterat,
1010 890 1116 922 quam
1136 879 1297 923 Borgias,
1321 878 1482 924 procula
1501 877 1694 912 Germa-nia
1717 878 1954 920 constitutus;

194 943 310 976 neque
336 932 387 966 ita
413 932 615 966 consultum
644 935 730 973 erat,
758 932 933 966 eiusmodi
958 943 1016 966 res
1041 944 1104 976 per
1129 932 1271 966 litteras
1296 932 1465 972 tractari;
1492 942 1747 975 nonnunquam
1765 932 1860 965 enim
1883 932 1956 976 epi-

195 985 312 1020 stulae
337 985 675 1030 intercipiebantur;
702 996 956 1029 nonnunquam
983 985 1089 1019 etiam
1118 985 1222 1020 valde
1248 986 1350 1019 tarde
1376 985 1659 1029 perferebantur.

313 1038 366 1072 Ne
392 1038 460 1073 hoc
486 1039 628 1082 quidem
655 1039 761 1073 facile
789 1040 843 1073 est
869 1038 1027 1073 creditu:
1055 1038 1237 1073 Canisium
1264 1038 1431 1081 Dilingae
1458 1050 1503 1072 m.
1531 1037 1717 1072 Decembri
1739 1038 1828 1072 1566
1855 1049 1955 1072 exer-

196 1091 292 1126 citiis
326 1091 574 1136 spiritualibus
610 1092 644 1126 S.
672 1092 815 1134 Ignatii,
851 1103 942 1135 quae
970 1103 1149 1131 vocamus,
1177 1103 1337 1126 vacasse.
1388 1091 1478 1126 Nam
1510 1094 1593 1125 ante
1628 1092 1660 1125 d.
1687 1092 1720 1125 4.
1747 1091 1957 1125 Decembris

197 1144 380 1189 Herbipoli
406 1157 476 1179 non
502 1145 669 1179 discessit
697 1144 796 1188 (vide
822 1156 930 1189 supra
957 1155 989 1190 p.
1009 1145 1077 1180 360
1112 1147 1147 1178 et
1173 1145 1264 1179 infra
1283 1156 1374 1179 mon.
1396 1145 1499 1187 768);
1528 1144 1709 1187 Dilingam
1736 1144 1847 1187 igitur
1872 1146 1956 1178 ante

196 1198 229 1232 d.
255 1198 286 1232 8.
314 1210 383 1232 non
410 1198 528 1233 rediit.
580 1198 640 1232 Sin
668 1201 789 1232 autem
825 1197 898 1232 illis
925 1198 1059 1235 diebus,
1096 1198 1155 1242 qui
1191 1198 1284 1232 inter
1311 1198 1342 1232 9.
1370 1200 1406 1231 et
1434 1198 1486 1231 14.
1514 1197 1722 1231 Decembris
1753 1196 1955 1242 interpositi

196 1252 308 1291 erant,
336 1250 471 1295 aliquid
491 1251 743 1285 exercitiorum
763 1251 908 1289 obisset,
935 1251 970 1285 id
997 1251 1032 1284 in
1058 1251 1190 1284 litteris
1212 1251 1264 1284 14.
1285 1250 1490 1284 Decembris
1508 1250 1602 1284 datis
1621 1252 1953 1291 commemorasset;

194 1304 230 1337 in
257 1315 377 1338 earum
406 1304 499 1338 enim
535 1304 690 1346 exordio,
728 1316 790 1338 cur
825 1304 884 1338 diu
918 1304 1059 1338 siluerit
1084 1316 1198 1348 neque
1225 1304 1405 1338 Sociorum
1434 1303 1637 1346 catalogum
1664 1303 1806 1337 mittere
1832 1303 1956 1348 possit,

196 1357 350 1400 Borgiae
377 1357 535 1402 explicat
555 1356 653 1400 (vide
671 1369 780 1402 supra
798 1369 830 1402 p.
851 1357 935 1400 360)
951 1370 958 1397 ;
985 1357 1021 1391 in
1039 1357 1165 1391 iisdem
1184 1357 1316 1391 litteris
1334 1368 1372 1391 se
1396 1357 1659 1401 ,profecturum
1685 1356 1780 1390 intra
1797 1357 1955 1391 triduum

196 1410 240 1444 ad
267 1410 420 1454 collegia
446 1410 586 1444 vicina“
616 1410 704 1444 dicit
730 1410 828 1454 (vide
855 1422 965 1455 supra
990 1422 1023 1455 p.
1051 1410 1148 1453 360).
1197 1409 1348 1455 Reapse,
1375 1410 1407 1444 id
1437 1410 1528 1454 quod
1556 1421 1600 1443 ex
1626 1409 1799 1455 proximis
1825 1409 1957 1444 litteris

198 1464 438 1506 cognoscitur,
465 1464 558 1497 inter
583 1464 738 1497 medium
766 1475 811 1497 m.
831 1463 1062 1497 Decembrem
1092 1466 1127 1497 et
1153 1464 1184 1498 8.
1204 1463 1358 1497 Ianuarii
1385 1463 1613 1497 Monachium
1633 1463 1742 1501 venit,
1769 1463 1957 1506 Augustae

195 1527 253 1550 res
280 1516 496 1550 domesticas
522 1516 706 1550 Sociorum
733 1517 942 1561 composuit,
970 1516 1151 1559 Dilingam
1178 1516 1284 1550 rediit
1313 1516 1410 1560 (vide
1436 1527 1545 1561 supra
1571 1528 1604 1561 p.
1633 1516 1698 1550 377
1727 1515 1824 1559 378).

315 1569 441 1611 Boero,
469 1580 538 1613 quo
564 1569 663 1603 fonte
688 1581 775 1604 usus
800 1569 859 1610 sit,
886 1581 955 1603 non
974 1569 1070 1603 dicit.
1105 1570 1182 1603 Hoc
1208 1572 1326 1604 autem
1354 1569 1460 1603 facile
1486 1571 1603 1614 patet:
1631 1568 1833 1611 Longarum
1861 1567 1955 1612 degli

197 1621 289 1656 Oddi
315 1625 462 1657 secutus
489 1625 562 1663 est;
599 1634 619 1656 a
645 1634 714 1666 quo
740 1634 807 1657 non
836 1634 893 1657 res
919 1625 1070 1663 tantum,
1106 1622 1168 1656 sed
1205 1623 1357 1667 plurima
1393 1622 1500 1656 etiam
1527 1622 1637 1656 verba
1673 1624 1727 1656 est
1758 1623 1956 1656 mutuatus.

196 1675 252 1709 Ita
278 1675 371 1709 enim
395 1677 486 1709 Oddi
512 1675 554 1709 de
574 1674 734 1709 Canisio:
766 1676 1032 1718 „Ricondottosi
1058 1678 1223 1720 pertento
1251 1687 1271 1710 a
1289 1676 1443 1719 Dilinga,
1473 1688 1490 1709 e
1517 1687 1633 1709 messe
1659 1675 1696 1708 in
1721 1675 1814 1709 buon
1833 1674 1955 1709 ordine

195 1728 230 1762 le
257 1739 338 1762 cose
365 1728 458 1762 della
486 1727 687 1769 Provincia,
716 1728 749 1762 13
776 1740 840 1762 sua
866 1728 1029 1772 maggior
1055 1740 1221 1773 preniura
1248 1729 1286 1762 fu
1312 1729 1337 1762 il
1363 1728 1515 1762 ritirarsi
1542 1727 1637 1771 negli
1664 1727 1820 1772 Esercizj
1847 1727 1954 1772 Spiri-

196 1780 296 1822 tuali,
331 1783 523 1824 segregato
561 1781 604 1815 da
640 1783 735 1815 tutto
762 1782 825 1822 cio,
863 1782 927 1815 che
963 1793 1032 1815 non
1068 1793 1128 1815 era
1155 1781 1231 1823 Dio,
1268 1793 1285 1816 e
1312 1781 1334 1815 l'
1351 1781 1478 1815 Anima
1504 1792 1580 1815 sua.
1632 1781 1671 1814 ln
1698 1780 1817 1825 quella
1851 1791 1955 1814 sacra

198 1833 397 1868 Solitudine
424 1834 563 1868 chiamo
590 1845 610 1868 a
635 1846 682 1867 un
708 1834 823 1877 rigido
850 1835 1035 1868 sindacato
1062 1836 1156 1868 tutte
1183 1835 1216 1868 le
1243 1846 1306 1868 sue
1333 1834 1457 1871 azioni.
1485 1846 1503 1867 e
1529 1834 1538 1867 i
1567 1834 1775 1867 movimenti
1793 1833 1879 1868 tutti
1899 1833 1955 1867 del

197 1898 262 1921 suo
288 1898 404 1927 cuore,
440 1887 619 1928 timoroso,
656 1887 721 1921 che
756 1887 781 1921 il
808 1890 936 1932 troppo
962 1887 1156 1932 applicarsi
1192 1889 1226 1921 in
1262 1888 1318 1921 far
1344 1887 1445 1921 Santi
1472 1886 1521 1930 gli
1548 1886 1631 1920 altri
1657 1886 1715 1920 nol
1740 1887 1879 1921 facesse
1906 1885 1955 1920 di-

197 1939 393 1974 menticare
419 1940 513 1974 della
539 1939 812 1974 Santificazione
838 1952 903 1974 sua
930 1939 1083 1985 propria.
1135 1940 1322 1974 Prostrato
1354 1940 1383 1974 a*
1402 1939 1459 1984 pie
1486 1939 1543 1973 del
1570 1939 1719 1983 Signore
1745 1942 1804 1973 010
1830 1939 1954 1982 lunga-

197 1995 326 2035 mente,
361 1993 495 2038 pianse‚
531 1994 561 2027 si
588 1995 728 2027 macero
756 2005 820 2028 con
847 1994 1055 2038 asprissime
1082 1995 1278 2039 penitenze,
1318 1992 1512 2027 chiedendo
1539 1992 1634 2027 dalla
1660 1993 1791 2027 Divina
1817 1992 1955 2026 Miseri-

198 2046 318 2080 cordia
345 2058 411 2080 con
428 2046 507 2080 voci
536 2046 569 2080 di
596 2057 745 2090 sangue,
772 2046 879 2088 lume,
906 2058 924 2080 0
943 2047 1068 2090 vigore
1095 2059 1158 2092 per
1183 2047 1250 2081 ben
1277 2046 1439 2087 servirl0‚
1467 2057 1485 2079 0
1512 2046 1582 2079 11131
1608 2057 1677 2080 11011
1697 2046 1841 2080 deviare
1859 2045 1956 2079 dalla

197 2098 328 2133 Divina
354 2111 419 2133 sua
445 2099 609 2133 Volonta.
664 2099 693 2133 Ε
718 2100 831 2144 poich'
847 2111 907 2134 era
933 2100 989 2134 sul
1015 2100 1219 2134 terminarsi
1244 2099 1265 2133 l'
1282 2111 1384 2140 anno,
1410 2111 1489 2133 rese
1515 2111 1562 2133 un
1587 2099 1826 2133 minutissimo
1852 2101 1958 2133 conto

198 2151 231 2186 di
258 2154 354 2186 tutta
379 2152 414 2186 13
440 2163 505 2186 sua
531 2152 715 2187 coscienza
741 2152 775 2186 al
803 2152 911 2187 Santo
939 2152 1114 2187 Generale
1140 2154 1339 2187 Francesco
1357 2153 1500 2196 Borgia,
1527 2151 1796 2196 supplicandolo
1822 2151 1867 2185 ad
1893 2151 1955 2185 im-

198 2205 314 2250 porgli
333 2205 452 2250 quella
471 2206 669 2250 penitenza,
697 2205 750 2239 ch’
767 2206 798 2239 ei
824 2206 992 2240 stimasse
1011 2206 1304 2250 corrispondente
1326 2205 1355 2239 a*
1371 2206 1449 2239 suoi
1468 2205 1607 2239 difetti“
1631 2204 1670 2247 (l.
1689 2216 1719 2239 c.
1741 2204 1955 2247 186-187).

318 2257 453 2293 Oddius
479 2258 608 2293 librum
635 2258 745 2293 edidit
769 2258 919 2303 Neapoli
944 2271 1037 2293 anno
1067 2260 1174 2299 1755:
1211 2259 1405 2303 optandum
1433 2261 1552 2292 autem
1579 2257 1658 2298 fuit,
1694 2260 1744 2297 ut,
1775 2257 1868 2291 unde
1895 2256 1957 2290 illa

198 2310 389 2353 hausisset,
405 2311 590 2346 indicaret.
627 2311 807 2346 Canisium
823 2314 1022 2346 erratorum
1037 2324 1077 2346 eo
1092 2323 1183 2346 anno
1203 2312 1473 2346 commissorum
1488 2311 1629 2344 veniam
1648 2313 1684 2344 et
1702 2309 1955 2355 paenitentiam

198 2375 219 2398 a
245 2363 280 2399 S.
306 2364 496 2399 Francisco
523 2365 655 2407 Borgia
689 2365 824 2409 petisse
851 2366 1048 2399 Sacchinus
1084 2365 1185 2409 (Can.
1212 2365 1415 2408 240—241)
1456 2377 1500 2398 ex
1525 2364 1638 2409 ipsius
1665 2363 1800 2398 Canisii
1825 2362 1957 2396 litteris

201 2417 299 2461 (vide
325 2429 435 2462 supra
460 2430 493 2462 p.
521 2418 605 2461 360)
634 2418 834 2452 rettulerat.
886 2417 986 2459 Quod
1024 2420 1144 2452 autem
1184 2418 1227 2452 ad
1266 2418 1439 2452 exercitia
1477 2416 1539 2450 illa
1576 2416 1778 2461 spiritualia
1815 2415 1957 2456 attinet,

199 2470 363 2514 equidem
390 2471 628 2515 antiquiorem
653 2472 782 2505 testem
808 2482 879 2505 non
906 2472 1000 2513 novi,
1028 2482 1136 2515 quam
1162 2471 1201 2505 P.
1230 2472 1399 2505 Ioannem
1423 2472 1587 2514 Doriyny
1614 2469 1647 2504 S.
1668 2469 1713 2510 J.,
1739 2468 1800 2513 qui
1825 2469 1861 2503 in
1887 2468 1957 2502 bio·

200 2523 350 2568 graphia
376 2524 559 2558 canisiana
585 2524 734 2558 Parisiis
761 2535 791 2558 a.
814 2525 901 2559 1707
932 2524 1084 2568 primum
1111 2524 1206 2558 edita
1231 2524 1320 2558 haec
1346 2524 1389 2557 de
1416 2523 1558 2558 Canisio
1584 2524 1708 2556 narrat
1736 2522 1774 2565 (l.
1793 2533 1822 2556 c.
1850 2520 1957 2564 281):

204 2576 253 2618 ,Il
279 2588 317 2610 se
343 2576 454 2611 retira
481 2577 570 2611 dans
595 2576 628 2610 le
656 2576 802 2620 College
828 2577 870 2610 de
898 2577 1078 2621 Dilingue,
1104 2577 1129 2611 11
1154 2589 1179 2622 y
1205 2588 1313 2622 passa
1338 2576 1517 2621 plusieurs
1539 2576 1638 2621 jours
1665 2575 1754 2609 dans
1778 2574 1831 2608 les
1857 2585 1957 2608 exer*

200 2629 294 2663 cices
320 2629 362 2663 de
388 2629 423 2663 la
448 2630 575 2674 priere,
603 2632 639 2663 et
665 2630 707 2663 de
734 2629 769 2663 la
794 2629 1000 2674 penitence;
1028 2632 1155 2664 revetu
1182 2630 1225 2664 de
1251 2629 1285 2663 la
1304 2632 1409 2664 vertu
1436 2629 1467 2663 d'
1484 2641 1525 2663 en
1551 2628 1650 2669 haut,
1676 2627 1702 2661 il
1725 2627 1830 2661 sortit
1856 2627 1898 2661 de
1915 2637 1957 2661 sa

200 2682 385 2716 solitude.“
432 2683 485 2717 Ac
511 2683 550 2717 P.
578 2684 705 2716 Petrus
730 2683 867 2726 Python
895 2683 929 2716 S.
950 2683 982 2717 J.
1010 2683 1153 2726 quidem
1179 2683 1216 2716 in
1242 2683 1319 2717 vita
1346 2682 1479 2717 Canisii
1506 2680 1684 2716 Monachii
1711 2680 1853 2715 3.1710
1880 2679 1956 2714 vul-

200 2737 296 2777 gata,
332 2747 412 2770 cum
438 2735 601 2779 Dorignii
636 2736 854 2770 assertiones
889 2738 1052 2780 repetere
1088 2735 1203 2769 soleat
1237 2738 1345 2779 atque
1382 2735 1524 2769 easdem
1558 2744 1812 2777 nonnunquam
1847 2733 1955 2767 etiam

202 2790 350 2822 exornet
384 2791 421 2822 et
445 2789 651 2833 amplificet,
686 2788 778 2822 hanc
812 2791 1017 2833 suspectam
1054 2788 1223 2823 habuisse
1249 2789 1412 2829 videtur;
1447 2799 1529 2822 nam
1566 2787 1705 2821 omnino
1733 2797 1810 2820 eam
1837 2786 1958 2820 omisit

204 2840 263 2881 (cf.
291 2852 323 2884 p.
351 2841 567 2885 239—241).
618 2840 756 2875 Oddius
782 2853 868 2875 vero
894 2853 963 2875 non
989 2841 1103 2875 solum
1131 2853 1209 2875 eam
1236 2841 1481 2886 amplificavit,
1516 2840 1579 2875 sed
1605 2840 1712 2874 etiam
1743 2838 1956 2882 „minutissi-

202 2894 314 2926 mam⁸‘
345 2893 442 2927 illam
470 2894 709 2928 conscientiae
735 2895 909 2928 rationem
936 2894 967 2928 ei
994 2894 1170 2928 adiunxit.

203 2976 297 3012 721
325 2979 402 3012 sive
429 2978 523 3014 dil.
545 2979 680 3025 (25).
756 2980 868 3015 7.-9,
897 2979 1060 3016 Ianuarii
1086 2979 1178 3016 1567.

321 3041 377 3076 Ex
402 3044 633 3089 autographo.
688 3044 750 3087 „G.
778 3045 842 3090 Ep.
862 3045 966 3079 VIlI“
1000 3045 1025 3079 f.
1055 3045 1132 3079 127.

326 3106 490 3140 Cani-sius
517 3109 684 3151 Dilinyae
708 3110 912 3142 Hermanm'
937 3110 1052 3142 Fabri
1086 3120 1129 3142 ex
1154 3109 1323 3142 Societate
1348 3108 1486 3140 dimissi
1511 3117 1618 3150 opera
1652 3107 1699 3139 ad
1733 3106 1955 3139 scribendum

206 3160 326 3191 utimar.
