2045 3471
625 202 847 247 Ingolstadio
875 201 927 236 10.
948 200 1104 243 Augusti
1133 199 1236 233 1566.
1740 196 1822 236 295

61 324 279 372 certiores,
315 337 369 365 an
401 322 509 363 haec
543 321 600 362 sit
631 320 855 375 probanda
888 322 932 361 et
963 317 1086 359 nobis
1118 315 1328 358 imitanda
1360 315 1553 363 libertas,
1594 327 1679 366 qua
1710 311 1824 353 forte

60 389 276 432 nonnullia
307 389 485 442 possent
518 386 679 428 abuti1.
744 385 977 426 Praeterea
1018 382 1178 424 festum
1219 378 1617 432 transfigurationis
1654 376 1825 419 Domini

61 453 320 502 dubitamus,
344 450 578 506 praecedat
594 464 648 492 ne
666 464 719 492 an
739 451 947 502 sequatur
960 447 1119 490 festum
1137 446 1177 488 S.
1198 444 1424 494 Dominici,
1440 443 1552 496 quod
1568 442 1728 484 Paulus
1742 441 1826 482 IIII

62 517 265 560 Pontifex
307 516 512 565 decreuit,
560 515 603 556 111
643 514 786 564 fallor,
830 515 986 567 quarto
1020 510 1207 564 Augusti
1250 509 1554 551 celebrandum
1597 521 1704 549 esse.
1769 506 1825 548 Et

61 585 173 626 hunc
204 582 363 623 nodum
397 580 600 634 expediet
633 579 755 620 nobis
788 578 1044 620 dissolutum
1077 590 1186 625 esse,
1228 578 1277 617 ut
1309 574 1363 616 ad
1402 587 1553 615 uerum
1586 586 1709 613 usum
1743 571 1826 612 Ec-

63 648 220 690 clesiae
252 647 474 688 Romanae
506 644 701 698 proxime
734 643 990 685 accedamus
1005 642 1033 684 2.
1087 641 1180 683 Nec
1212 641 1330 682 esset
1362 639 1439 680 abs
1470 651 1518 679 re
1551 636 1752 686 fortasse,
1792 635 1828 677 si

63 714 108 755 P.
132 713 225 754 Tua
258 711 365 753 certi
398 709 558 763 aliquid
591 707 927 763 prouincialibus
952 705 1219 749 Germanicis
1251 703 1579 758 praescriberet,
1614 704 1827 754 quatenus

61 778 316 820 facultatem
348 775 539 817 habeant
572 772 964 816 extraordinariam
996 772 1039 813 in
1073 785 1175 813 casu
1209 769 1417 811 Haeresis
1429 770 1458 819 3,
1497 767 1569 821 qui
1602 779 1708 808 sane
1739 765 1827 806 fre-

63 845 245 896 quenter
276 840 463 882 occurrit
504 842 597 881 tum
628 840 806 892 propter
847 837 978 879 libros
1019 839 1111 878 tum
1144 838 1322 890 propter
1354 831 1741 881 conuersationem,
1785 832 1828 872 et

62 906 352 950 necessariam
405 904 714 946 refutationem
767 902 1025 956 scriptorum
1079 900 1424 942 HAereticorum
1482 898 1525 939 in
1577 895 1826 950 germanica

61 973 223 1026 lingua,
256 973 349 1013 tum
381 972 561 1024 propter
584 968 899 1011 absolutionem
922 966 1280 1015 HAereticomm,
1315 964 1386 1018 qui
1419 966 1520 1006 sunt
1542 961 1716 1015 relapsi,
1751 960 1826 1002 sed

63 1038 126 1080 ita
157 1039 318 1086 tamen,
360 1039 409 1078 ut
441 1048 648 1089 expresse
681 1036 811 1076 antea
843 1033 886 1074 in
919 1031 1074 1073 iudicio
1108 1045 1193 1072 non
1232 1029 1395 1071 fuerint
1428 1026 1717 1077 condemnati,
1760 1025 1827 1067 uel

64 1116 141 1157 pro
174 1101 420 1144 Haereticis
454 1097 750 1152 nomin[atim]
794 1096 1016 1139 declarati.
1081 1096 1291 1150 Caeptum
1334 1096 1401 1136 est
1444 1093 1577 1136 etiam
1611 1105 1636 1134 a
1668 1090 1829 1132 nostris

66 1166 267 1215 dubitari,
310 1180 365 1207 an
408 1164 521 1206 sintb
562 1160 919 1217 1²ebaptisand[i,]
963 1175 1069 1214 quos
1109 1174 1186 1214 pro
1228 1173 1333 1201 suae
1364 1158 1463 1201 fidei
1504 1156 1687 1207 ratione,
1731 1155 1830 1197 Cal-

65 1232 227 1274 uiniani
259 1231 549 1285 baptizarunt,
585 1243 669 1270 non
702 1228 929 1270 credentes
962 1223 1183 1280 scilic[et,]
1217 1224 1479 1279 baptismum
1513 1236 1607 1264 esse
1629 1234 1830 1263 necessa-

66 1298 175 1339 rium
208 1296 416 1351 paruulis,
460 1295 613 1348 quibus
646 1294 701 1336 ad
733 1294 918 1335 salutem
952 1292 1009 1334 sit
1041 1291 1149 1333 satis
1180 1287 1340 1344 f[ides]
1373 1290 1625 1343 parentum:
1667 1286 1829 1328 Putant

67 1376 170 1415 ergo
215 1361 389 1415 quidam
430 1361 567 1403 tutius
608 1359 723 1408 fore,
770 1360 818 1399 ut
859 1357 937 1398 sub
980 1355 1224 1398 conditione
1265 1355 1377 1397 tales
1418 1352 1707 1407 baptisentur,
1750 1351 1829 1392 hoc

67 1427 206 1476 modo,
250 1426 293 1468 Si
326 1425 438 1468 Non
471 1439 516 1466 es
549 1423 804 1478 Baptisatus
838 1422 951 1464 etc.4
1012 1422 1076 1462 Ac
1109 1421 1161 1462 de
1202 1420 1254 1474 ijs
1287 1419 1459 1472 quidem
1493 1417 1690 1459 omnibus
1731 1429 1830 1470 per-

68 1494 240 1546 gratum
275 1491 357 1533 erit
391 1490 533 1532 Scire⁰
565 1488 771 1542 quidquid
808 1486 1082 1541 responderit
1115 1484 1365 1527 paternitas
1398 1484 1444 1526 T.
1481 1482 1600 1525 cuius
1632 1480 1831 1535 precibus

69 1559 113 1600 et
144 1556 366 1611 sacrificijs
398 1556 440 1597 in
464 1555 646 1596 Domino
680 1557 724 1596 et
756 1567 833 1594 1103
857 1556 900 1595 01
932 1551 1196 1606 prouinciam
1221 1552 1415 1591 nostram
1436 1548 1481 1590 in
1503 1547 1664 1589 christo
1697 1545 1831 1600 pluri-

67 1636 184 1664 mum
219 1619 581 1676 c[omen]damus.
645 1619 709 1660 De
750 1618 829 1659 hoc
862 1616 1057 1669 collegio,
1101 1615 1215 1668 quod
1255 1614 1345 1657 heri
1384 1613 1566 1668 primum
1607 1611 1830 1665 ingressus

69 1701 176 1730 sum.
210 1687 319 1728 alias
351 1686 488 1740 plura.
554 1681 854 1737 Ingolst[adij]
893 1684 945 1724 10
969 1680 1157 1734 Augusti
1190 1680 1289 1721 anni
1326 1680 1452 1721 1566.

1042 1746 1202 1788 Seruus
1233 1745 1277 1787 in
1310 1744 1478 1787 Christo
1511 1742 1713 1796 indignus

1176 1811 1332 1853 Petrus
1364 1808 1572 1851 Canisius.

187 1890 214 1916 a)
236 1885 351 1911 nonulli
372 1885 478 1909 (rm-chet.
553 1883 581 1913 1))
603 1883 642 1908 sit
663 1884 769 1907 ascher.
844 1883 869 1913 c)
892 1883 951 1906 Huc
970 1889 994 1905 r.
1015 1889 1033 1905 α
1053 1881 1119 1905 libr.
1139 1887 1231 1911 snpra
1254 1887 1367 1904 ret-snm
1387 1879 1528 1910 scriptum
1548 1881 1598 1902 est.

192 1977 201 1996 ¹
228 1975 327 2015 Vide,
356 1986 446 2018 quae
474 1975 516 2007 de
543 1973 608 2006 hoc
640 1972 788 2016 „peusff‘
819 1971 884 2005 sub
912 1971 1008 2015 ipsas
1033 1969 1143 2003 hasce
1168 1968 1310 2002 litteras
1337 1968 1511 2002 dicentur.

189 2029 202 2049 ²
230 2028 393 2062 Calixtus
412 2028 473 2061 III.
493 2038 524 2060 a.
546 2026 634 2059 14:37
663 2024 861 2064 constituit,
887 2026 928 2057 ut
946 2023 1021 2057 dies
1047 2023 1164 2057 festus
1187 2019 1549 2064 „Transfigurationis
1566 2018 1745 2058 Domini‘,
1771 2017 1833 2061 qui

69 2083 138 2117 iam
166 2082 249 2116 olim
275 2081 400 2115 multis
425 2080 513 2114 locis
531 2080 590 2122 agi
618 2080 765 2123 coeptus
783 2080 869 2117 erat,
897 2088 959 2121 per
977 2076 1185 2110 universam
1212 2074 1402 2109 ecclesiam
1420 2074 1452 2108 6.
1471 2072 1627 2116 Augusti
1654 2073 1832 2114 ageretur,

70 2137 178 2180 atque
203 2135 254 2168 ita
280 2133 446 2179 perennis
472 2135 632 2166 exstaret
660 2131 827 2165 memoria
846 2129 1019 2164 victoriae
1046 2140 1077 2162 a.
1099 2129 1188 2162 1456
1208 2127 1301 2172 apud
1320 2127 1539 2170 Belgradum
1567 2126 1609 2159 de
1627 2124 1753 2158 Turcis
1780 2135 1832 2156 re-

70 2188 165 2222 latae
185 2188 409 2230 (Baliarium
428 2186 626 2220 Romanum
645 2184 678 2218 V
698 2183 912 2226 133-138).
957 2182 1153 2225 Gregorius
1171 2181 1231 2215 IX.
1251 2183 1380 2222 autem,
1408 2191 1488 2214 cuin
1516 2191 1546 2213 a.
1568 2178 1658 2213 1234
1677 2177 1833 2211 Domini-

72 2253 161 2282 cum,
188 2241 413 2274 fundatorem
434 2239 567 2272 ordinis
586 2237 888 2277 praedicatorum,
917 2236 948 2270 6.
968 2235 1125 2278 Augusti
1146 2235 1233 2269 1221
1262 2234 1339 2267 vita
1365 2233 1539 2274 functum,
1567 2232 1601 2265 in
1621 2231 1833 2265 Sanctorum

71 2295 189 2329 album
216 2294 378 2332 referret,
415 2292 470 2326 die
497 2293 529 2326 5.
558 2290 713 2334 Augusti
749 2290 825 2324 eius
860 2290 993 2323 festum
1029 2288 1088 2331 agi
1115 2288 1219 2321 iussit
1249 2288 1355 2329 (Acta
1382 2285 1594 2320 Sanctorum
1622 2282 1780 2326 Augusti
1808 2282 1832 2320 Ι,

72 2347 292 2392 Antverpiae
312 2345 413 2383 1733,
441 2345 538 2387 529).
574 2344 692 2387 Atque
713 2343 779 2377 1100
798 2343 853 2376 die
871 2353 999 2376 nomen
1018 2341 1052 2376 S.
1072 2340 1246 2375 Dominici
1266 2340 1449 2384 comparet
1467 2350 1500 2372 v.
1520 2350 1553 2381 g.
1573 2337 1607 2370 in
1625 2335 1833 2370 kalendario

71 2401 224 2445 quodam
243 2402 446 2443 augustano
464 2397 608 2432 saeculo
627 2396 723 2430 XIII.
744 2396 801 2430 vel
820 2395 915 2429 XIV.
935 2395 1068 2439 scripto
1087 2397 1123 2428 01
1140 2394 1176 2427 111
1202 2391 1413 2427 kalendario
1432 2390 1649 2434 frisingensi,
1677 2388 1769 2433 quod
1789 2388 1832 2422 ad

72 2453 253 2488 saeculum
274 2452 350 2486 XV.
370 2452 523 2496 pertinet
545 2450 645 2489 (Ant.
665 2450 834 2492 Lei-lenm,
852 2447 1160 2482 Mittelalterliche
1178 2445 1431 2480 Kirchenfeste
1449 2444 1521 2477 und
1541 2442 1779 2477 Kalendarien
1798 2441 1832 2474 in

72 2507 224 2552 Bayern,
251 2506 425 2548 Freiburg
451 2505 472 2538 i.
489 2504 547 2537 ΒΓ.
568 2504 668 2543 1891,
699 2502 764 2536 112
791 2502 889 2543 253).
925 2503 966 2535 Α.
987 2513 1071 2535 vero
1100 2499 1190 2534 1558
1210 2499 1343 2533 Paulus
1362 2498 1423 2531 IV.
1443 2496 1682 2536 considerans,
1710 2495 1742 2529 5.
1761 2495 1834 2528 Au-

73 2561 169 2604 gusti
195 2560 303 2594 etiam
329 2559 463 2592 festum
487 2557 638 2599 „Beatae
658 2556 792 2590 Mariae
819 2567 839 2589 a
865 2554 1037 2588 Nivibus“
1059 2553 1117 2596 agi
1144 2553 1293 2596 ideoque
1320 2550 1519 2589 ecclesiam,
1547 2561 1586 2583 eo
1614 2549 1669 2582 die
1687 2558 1833 2581 venera—

72 2613 167 2647 tione
181 2613 247 2648 Dei
261 2611 445 2656 genitricis
464 2610 676 2655 „plurimum
695 2608 942 2653 occupatam‘*,
961 2606 1107 2641 colendo
1122 2606 1155 2640 S.
1169 2604 1352 2639 Dominico
1371 2603 1493 2648 „plene
1505 2613 1633 2636 vacare
1651 2599 1833 2644 nequire“,

73 2665 178 2700 huius
204 2666 399 2700 sollennem
427 2664 633 2697 memoriam
660 2662 790 2705 ubique
817 2662 849 2694 4.
869 2659 1026 2703 Augusti
1052 2659 1128 2693 fieri
1155 2657 1260 2692 iussit
1290 2657 1399 2699 (Ball.
1420 2655 1518 2689 Rom.
1541 2654 1588 2688 Vl
1615 2653 1833 2696 543—545).

72 2718 196 2764 Neque
214 2730 300 2752 vero
317 2718 406 2751 haec
425 2716 634 2751 constitutio
653 2715 775 2748 statim
797 2714 926 2758 ubique
945 2714 1089 2756 recepta
1107 2723 1186 2745 esse
1205 2710 1366 2750 videtur,
1395 2711 1497 2743 erant
1520 2707 1612 2741 enim
1631 2706 1739 2740 etiam
1757 2717 1833 2740 sae-

75 2772 165 2806 culis
183 2771 313 2806 XVIII.
334 2774 369 2805 et
382 2770 488 2810 XIX„
509 2769 567 2813 qui
588 2780 607 2802 a
627 2768 809 2802 Clemente
827 2766 920 2800 VIII.
943 2764 1209 2809 (1592—1605)
1227 2763 1259 2797 d.
1274 2764 1306 2797 4.
1324 2762 1477 2805 Augusti
1497 2760 1530 2795 S.
1550 2760 1735 2794 Dominico
1754 2771 1833 2794 con-

73 2827 252 2859 secratum
276 2836 355 2858 esse
382 2824 586 2858 censerent:
615 2825 653 2854 ut
672 2820 820 2854 Iacobus
840 2818 979 2853 Echard
999 2818 1040 2852 Ο.
1063 2818 1117 2851 l‘r.
1139 2817 1227 2860 (Iac.
1250 2817 1372 2858 Qnetif
1387 2817 1422 2848 et
1441 2816 1512 2848 Iac.
1532 2814 1678 2847 Iri-hard
1703 2812 1743 2846 O.
1765 2812 1834 2848 Pr..

75 2876 272 2922 Scriptores
299 2876 443 2911 Ordinis
469 2875 759 2909 Praedicatorum
788 2873 812 2912 Ι,
850 2871 998 2905 Parisiis
1028 2871 1128 2909 1719,
1163 2870 1219 2910 46,
1255 2869 1335 2902 adn.
1363 2868 1421 2908 E.;
1457 2868 1494 2901 J.
1517 2867 1698 2910 Gaii-aud,
1734 2865 1834 2899 Saint

74 2930 295 2975 Dominique,
324 2930 425 2964 Paris
446 2930 545 2968 1899,
575 2927 691 2969 1942).
735 2926 905 2965 Societas,
933 2925 1047 2967 inquit
1068 2925 1103 2957 S.
1123 2924 1296 2965 Iymttius,
1325 2922 1358 2955 in
1378 2919 1603 2954 caerimoniis
1631 2930 1755 2961 „usum
1782 2930 1836 2953 ro-

74 2994 218 3018 manum
238 3011 244 3017 .
265 3012 271 3017 .
293 3011 298 3017 .
319 2986 491 3027 quantum
511 2981 668 3026 patietur
686 2980 869 3022 regionum
890 2977 1059 3017 varietas,
1078 2976 1287 3019 sequetu1·“:
1308 2974 1427 3008 const.
1448 2973 1480 3007 S.
1501 2973 1533 3007 J.
1553 2973 1592 3006 P.
1607 2974 1639 3012 4,
1658 2983 1687 3006 c.
1702 2972 1734 3012 8,
1753 2983 1786 3005 11.
1802 2973 1833 3006 2.

195 3037 206 3056 ³
233 3036 272 3069 ln
302 3035 570 3079 „Facultatibus
597 3031 802 3067 ordinariis“
836 3030 933 3073 (vide
960 3040 1068 3074 supra
1095 3040 1127 3073 p.
1155 3028 1239 3069 285)
1268 3027 1355 3061 haec
1382 3029 1523 3060 tantum
1551 3027 1655 3059 erant
1682 3026 1731 3069 (n.
1751 3024 1833 3067 30):

80 3088 168 3130 „Per
192 3100 241 3129 se,
267 3091 304 3122 et
328 3100 391 3133 per
417 3088 506 3121 alios
531 3087 646 3131 possit
671 3084 857 3119 absoluere
885 3083 928 3116 ab
954 3081 1094 3116 haeresi
1124 3082 1391 3125 (praeterquam
1418 3080 1453 3112 in
1481 3078 1568 3112 locis
1593 3078 1654 3112 ubi
1676 3077 1833 3112 officium

75 3141 315 3185 inquisitionis
341 3141 488 3184 uigebit,
516 3145 554 3174 ut
581 3140 616 3173 in
643 3137 837 3183 Hispanijs,
866 3135 998 3175 Sicilia,
1026 3133 1191 3168 Sardinia
1217 3137 1252 3166 et
1270 3132 1457 3174 Maiorica)
1487 3132 1521 3165 in
1549 3131 1625 3165 foro
1651 3130 1829 3164 interiori‘*

79 3193 177 3237 (Cod.
201 3193 305 3236 ,Can
323 3194 424 3228 XSa“
454 3194 478 3228 f.
502 3193 617 3235 108¹’).
764 3193 774 3210 '¹
803 3190 854 3223 De
880 3189 1058 3233 baptismo
1086 3186 1378 3221 Calvinianorum
1405 3185 1487 3219 vide
1516 3186 1603 3219 Can.
1622 3184 1673 3218 IV
1691 3184 1770 3218 850.
