2045 3471
533 191 626 224 Mon.
647 191 712 225 701
741 191 819 225 sive
847 191 903 225 dil.
926 191 992 234 (5).
1037 191 1093 225 ‘292
1112 191 1233 225 Martii
1255 191 1344 226 1565
1746 192 1831 232 60ξέ

69 310 295 352 conclusus
337 312 415 352 est.
453 345 459 352 .
492 344 500 351 .
533 345 540 352 .
584 308 687 361 Egit
728 309 778 351 R.
823 324 862 362 p.
905 310 1183 363 prouincialis
1224 324 1320 351 cum
1363 308 1738 350 Reuerendissimo
1781 308 1833 350 de

67 374 319 417 fundatione
352 375 477 417 serio.

188 461 319 496 Confer
343 473 452 506 supra
479 473 510 505 p.
530 461 669 496 46—47
698 463 734 494 et
758 460 850 494 infra
877 472 970 494 mon.
991 461 1068 495 701<

70 587 170 624 701
196 589 274 623 sive
302 587 396 623 dil.
417 588 518 633 (5).
593 587 649 623 29.
676 586 800 624 Martii
827 587 920 622 1565.

186 664 242 698 Ex
279 664 362 699 Cod.
399 665 522 707 diling.
555 666 666 705 ,Acta
701 676 754 699 ac.
781 663 870 698 Di1.“
901 676 934 709 p.
955 664 1010 698 73.
1064 664 1218 698 Primam
1256 664 1363 698 huius
1399 664 1582 698 relationis
1616 666 1754 709 partem
1792 675 1837 697 ex

67 718 199 759 codice,
226 730 331 762 quem
358 718 444 759 dixi,
470 718 637 761 vulgavit
656 719 702 752 K.
718 719 768 752 M.
783 719 922 761 Mayer,
949 717 1013 751 Die
1033 718 1208 752 Rectoren
1228 718 1289 752 der
1308 717 1533 752 Universitat
1552 716 1735 760 Dillingen
1754 720 1832 751 etc..

67 771 103 805 in
133 771 338 814 „Jahrbuch
366 772 427 805 des
454 771 705 806 Historischen
732 771 885 804 Vereins
912 770 1115 814 Dillingen“
1147 771 1206 812 IX,
1234 771 1415 814 Dillingen
1446 770 1545 811 1897,
1573 770 1645 804 57³.

188 844 356 885 Dilinqae
383 843 420 876 P.
449 844 646 886 Dionysius
682 847 860 876 rectoratzc
892 844 1137 875 *ztm'vfflsitatis
1170 854 1205 875 se
1230 843 1381 875 abdicat.
1433 843 1472 876 P.
1505 842 1743 875 Uzeodoricns
1772 841 1838 874 Ca-

69 897 183 930 nisz'us
215 896 430 930 sollemniter
466 907 573 929 nortus
608 900 724 929 rector
758 907 779 929 (ι
816 896 919 928 Petro
954 896 1072 937 fratre
1107 897 1316 938 desiynatm·
1354 900 1383 928 et
1419 896 1462 928 (cb
1501 896 1621 929 Ottone
1656 894 1839 927 cardinali

69 951 314 992 confirmatur.

186 1028 240 1069 In
274 1029 376 1069 actis
410 1027 700 1068 universitatis
725 1027 973 1080 dilinqcmcce
1006 1027 1108 1067 Ilaec
1141 1031 1284 1067 notata
1308 1031 1406 1067 sunt
1441 1027 1481 1067 in
1513 1040 1672 1066 (cunum
1698 1026 1838 1066 1565.-

68 1093 233 1134 Eodem
265 1106 391 1141 anno,
427 1093 507 1133 28²*
528 1091 674 1145 Martij
699 1092 750 1134 D.
776 1090 991 1132 Henricus
1015 1090 1248 1144 Dyonisius
1279 1093 1459 1145 propter
1492 1090 1737 1131 diuturnam
1771 1088 1835 1129 in-

68 1157 333 1206 firmitatem,
366 1157 630 1198 Academiae
662 1156 949 1198 Rectoratum
982 1170 1109 1208 quem
1152 1170 1247 1197 cum
1290 1156 1418 1197 laude
1460 1155 1627 1208 aliquot
1664 1167 1834 1196 menses

66 1225 266 1276 gesserat
307 1221 550 1274 resignauit
590 1220 857 1262 Theodorico
899 1220 1070 1263 Canisio
1112 1221 1246 1262 Doct:
1290 1221 1511 1273 Theologo
1552 1222 1597 1262 et
1637 1218 1834 1273 professo

68 1287 300 1330 Societatis
331 1287 485 1329 JESV.
549 1286 650 1328 Fuit
682 1288 828 1328 autem
860 1285 903 1326 in
936 1285 1230 1339 resignatione
1262 1285 1347 1328 ista
1380 1285 1447 1327 hic
1481 1285 1584 1327 ordo
1617 1286 1831 1326 seruatus,

68 1353 173 1394 Post
204 1366 375 1394 sacrum
409 1351 460 1393 de
483 1350 647 1405 Spiritu
679 1353 830 1392 sancto
863 1350 1101 1393 solenniter
1124 1351 1403 1393 decantatum
1429 1351 1660 1404 praesente
1692 1348 1833 1390 Reue-

67 1417 322 1459 rendissimo
338 1419 364 1466 1,
398 1417 572 1458 Decano
597 1417 855 1469 Augustano
869 1417 897 1466 2,
932 1415 1168 1458 Comitibus
1191 1420 1236 1458 et
1258 1415 1500 1457 Baronibus
1524 1414 1706 1468 alijsque
1728 1413 1834 1454 viris

68 1482 284 1537 primarijs
316 1481 466 1524 habita
498 1484 565 1523 est
599 1481 750 1523 Oratio
783 1480 921 1523 latina
953 1481 1007 1522 ab
1033 1495 1118 1521 vno
1152 1494 1207 1522 ex
1238 1480 1570 1534 professoribus,
1604 1492 1690 1532 qua
1722 1478 1834 1520 ratio

68 1547 192 1589 huius
223 1546 531 1600 resignationis
571 1545 764 1588 breuiter
803 1546 975 1588 reddita
1016 1545 1110 1595 fuit,
1155 1548 1199 1588 et
1240 1546 1446 1599 pleraque
1483 1545 1527 1587 in
1560 1543 1834 1586 commenda-

68 1613 229 1656 tionem
273 1611 474 1654 Hectoris
514 1611 816 1665 praecedentis
858 1610 974 1652 dicta
1015 1610 1150 1652 fuere.
1222 1611 1271 1652 In
1312 1611 1396 1652 fine
1437 1613 1583 1652 autem
1626 1608 1838 1651 orationis

67 1678 181 1720 idem
212 1677 374 1719 Rector
414 1677 679 1730 praecedens
721 1675 825 1718 fecit
866 1675 1205 1729 resignationem
1246 1689 1323 1729 per
1354 1675 1578 1729 scriptum,
1622 1688 1717 1715 cum
1760 1687 1836 1728 per

68 1742 379 1792 infirmitatem,
414 1755 557 1783 coram
590 1741 633 1782 id
666 1741 812 1782 facere
834 1755 919 1782 non
943 1740 982 1782 ei
1013 1741 1190 1783 liceret:
1224 1744 1268 1783 et
1291 1741 1505 1782 collocata
1527 1741 1628 1781 sunt
1649 1738 1834 1791 insignia

69 1807 347 1850 Rectoralia3
378 1806 421 1848 in
455 1820 605 1848 mensa
638 1820 781 1848 coram
804 1805 1194 1848 Reuerendissimo.
1243 1805 1409 1846 Deinde
1432 1803 1835 1846 Reuerendissimus

69 1875 260 1915 testatus
293 1875 359 1914 est
391 1871 539 1926 paucis
562 1871 708 1913 verbis
740 1871 913 1925 placere
946 1871 1027 1912 sibi
1059 1870 1170 1912 hanc
1202 1870 1554 1924 resignationem,
1590 1871 1634 1911 et
1655 1869 1835 1910 liberum

69 1937 174 1980 fecit
215 1937 436 1987 Societati,
479 1937 708 1979 Rectorem
750 1950 908 1978 nouum
951 1936 1192 1978 instituere.
1256 1935 1362 1977 Post
1401 1935 1509 1977 haec
1550 1933 1676 1988 petijt
1709 1934 1833 1974 Doct.

71 2003 226 2045 Petrus
259 2002 453 2044 Canisius
495 2002 684 2043 eiusdem
719 2001 949 2043 Societatis
982 2000 1265 2043 Prouincialis
1306 2000 1576 2049 facultatem,
1619 2012 1714 2040 cum
1747 1998 1834 2039 suis

71 2068 249 2120 collegis
281 2067 501 2121 paululum
536 2066 764 2109 secedendi
790 2069 835 2108 vt
869 2066 920 2107 de
952 2066 1102 2108 futura
1125 2065 1336 2108 electione
1360 2065 1632 2107 deliberaret.
1669 2062 1835 2104 Deinde

72 2132 235 2186 egressi
277 2134 378 2174 sunt
419 2135 462 2174 et
505 2145 600 2173 011111
642 2131 807 2173 reuersi
839 2132 882 2173 in
915 2145 1037 2173 suum
1071 2131 1212 2172 10011111
1246 2132 1392 2172 essent
1425 2129 1535 2171 dixit
1566 2129 1698 2171 Pater
1731 2128 1836 2169 Pro-

71 2197 268 2240 uincialis
309 2198 494 2239 electum
536 2211 630 2239 esse
663 2196 977 2238 Theodoricum
1009 2195 1240 2246 Canisium,
1280 2209 1462 2248 eumque
1495 2194 1651 2236 obtulit
1684 2193 1838 2234 confir-

72 2262 274 2305 mandum
297 2261 686 2312 Reuerendissimo,
722 2261 793 2315 qui
826 2261 1011 2304 libenter
1034 2261 1290 2303 electionem
1323 2259 1594 2314 approbauit,
1630 2260 1674 2300 et
1697 2258 1835 2299 electo

72 2326 321 2369 Rectoralia
362 2326 548 2379 insignia
590 2326 703 2368 tradi
744 2326 892 2376 iussit,
938 2326 1092 2379 quibus
1134 2340 1159 2368 a
1193 2326 1323 2368 Patre
1363 2323 1623 2366 Prouinciali
1663 2321 1837 2364 traditis

73 2393 228 2434 ductus
269 2394 335 2433 est
376 2391 540 2433 electus
573 2391 627 2432 ad
660 2391 1096 2434 Reuerendissimum.
1140 2405 1166 2432 a
1198 2404 1281 2443 quo
1323 2389 1448 2431 flexis
1491 2387 1671 2441 genibus
1713 2386 1837 2440 petijt

72 2456 438 2499 benedictionem:
482 2469 567 2508 qua
599 2458 780 2509 accepta
822 2456 976 2498 ductus
1010 2459 1076 2498 est
1109 2469 1134 2497 a
1167 2455 1335 2496 bedello
1368 2454 1409 2495 in
1453 2454 1593 2495 locum
1627 2451 1837 2494 Hectoris.

74 2522 270 2575 Denique
303 2523 527 2563 cantatum
560 2523 627 2562 est
660 2521 720 2562 Te
753 2521 890 2562 Deum
924 2520 1164 2563 laudamus.

193 2614 280 2648 Cum
317 2615 391 2658 ipse
417 2613 659 2647 Theudoricus
686 2612 851 2647 Canisius
885 2612 1015 2646 litteris
1042 2612 1185 2655 Dilinga
1212 2612 1268 2646 30.
1295 2611 1416 2645 Martii
1446 2611 1534 2645 1565
1565 2621 1631 2644 sua
1662 2620 1769 2642 manu
1796 2608 1838 2642 ad

74 2668 108 2702 S.
134 2667 363 2702 Franciscum
391 2666 560 2709 Borgiam
587 2665 778 2700 Societatis
805 2666 978 2700 vicarium
1015 2665 1218 2709 generalem
1254 2665 1348 2698 datis
1385 2664 1471 2697 haec
1505 2663 1623 2697 omnia
1653 2661 1848 2704 „hesterno

74 2721 130 2755 die
156 2721 216 2765 qui
242 2720 312 2754 fuit
338 2720 404 2755 29.
424 2719 567 2763 Martis
602 2722 705 2763 gesta
732 2730 811 2753 esse
838 2719 1005 2759 affirmet,
1033 2730 1123 2759 011111,
1161 2718 1220 2762 qui
1247 2717 1282 2751 in
1309 2717 1400 2751 actis
1427 2715 1642 2751 academicis
1671 2715 1840 2758 (fortusse

75 2774 258 2818 aliquanto
284 2775 366 2818 post
390 2773 527 2806 factum
554 2772 714 2817 scriptis)
744 2772 836 2806 diem
865 2772 920 2806 28.
948 2771 1068 2805 Martii
1097 2771 1225 2815 posuit,
1252 2770 1392 2814 lapsum
1421 2781 1499 2803 esse
1526 2768 1632 2802 facile
1659 2770 1768 2813 patet.

194 2826 333 2871 Lapsus
352 2828 407 2860 est
426 2825 535 2860 etiam
553 2826 669 2869 magis
691 2826 869 2867 Aurio-ola,
897 2836 974 2858 cum
1001 2836 1140 2859 ..mense
1162 2823 1294 2868 Api-il?
1318 2823 1405 2857 haec
1433 2825 1535 2865 gesta
1563 2832 1642 2856 esse
1668 2819 1841 2855 scriberet

78 2880 117 2923 (l.
145 2892 173 2914 c.
201 2879 285 2914 Dec.
313 2880 344 2919 3,
371 2891 404 2912 n.
434 2879 500 2913 189
531 2878 625 2922 140).

195 2955 222 2985 a)
244 2955 308 2985 Sic;
327 2955 376 2980 secl
396 2955 578 2979 scribendum
600 2954 658 2984 fni!
680 2953 726 2979 25³2
748 2954 821 2979 ride,
842 2960 914 2984 quae
933 2954 985 2977 suh
1006 2953 1101 2983 *ipsam
1123 2953 1197 2976 Imm*
1218 2952 1385 2976 relarinnem
1408 2952 1555 2975 dicuntur.

201 3075 208 3094 ¹
237 3072 367 3107 ottone
395 3071 594 3106 Truchsess
622 3069 792 3104 cardinali
821 3071 854 3103 et
883 3069 1048 3113 episcopo
1075 3070 1288 3111 augustano.

198 3127 212 3146 ²
237 3125 491 3170 Christophoro
518 3136 537 3158 a
564 3123 756 3168 Freyberg,
784 3121 999 3157 cathedralis
1027 3120 1173 3166 capituli
1201 3120 1345 3154 decano.

200 3180 212 3199 ³
242 3178 289 3213 De
316 3179 372 3212 his
399 3190 432 3212 v.
464 3179 549 3211 Can.
578 3176 625 3210 [V
653 3177 719 3210 917
749 3178 783 3209 et
810 3175 889 3209 adn.
917 3175 949 3209 δ’.
