2045 3471
190 203 274 244 666
536 199 629 233 Mon.
650 199 716 233 745
744 199 822 234 sive
847 211 958 243 germ.
977 199 1001 233 l.
1022 199 1113 242 (20).
1156 200 1187 233 A
1213 199 1247 233 4.
1274 199 1318 233 ad
1345 198 1376 233 8.
1395 199 1480 234 Dec.
1501 199 1603 234 1565.

305 316 386 351 Stat
402 318 523 350 tamen
543 318 578 349 et
597 315 739 350 Canisio
757 318 879 350 manet
896 316 1063 350 meritum
1082 315 1268 360 epularum
1287 317 1363 349 tum
1383 315 1592 349 coelestium
1618 318 1692 349 tum
1721 316 1946 350 terrestrium

186 369 395 415 propinquis
431 371 467 402 et
500 369 729 413 pauperibus,
764 380 844 403 raro
880 369 1026 413 pietatis
1061 371 1097 402 et
1131 368 1295 402 caritatis
1326 368 1500 413 exemplo,
1535 368 1570 402 in
1597 368 1860 402 valetudinario
1885 368 1946 403 illo

188 423 422 468 provisarum.
465 421 598 463 Quodsi
624 421 675 455 rei
701 424 825 465 gestae
851 422 968 456 locum
996 432 1158 465 quaeras,
1185 423 1222 454 te
1248 423 1369 455 monet
1394 421 1435 454 R.
1460 421 1499 455 P.
1531 423 1573 455 G.
1592 423 1636 455 A.
1656 423 1782 464 Meijer
1807 421 1847 456 Ο.
1867 422 1946 456 Pr.:

192 476 265 520 „ssij
293 475 335 509 de
362 474 430 519 vrij
458 475 726 508 onbeduidende
753 486 885 517 vraag,
919 474 955 508 in
981 474 1075 508 welk
1102 474 1267 517 gasthuis
1300 474 1342 507 de
1369 474 1403 507 Z.
1432 474 1596 508 Canisius
1630 474 1810 515 verbleef,
1845 474 1948 508 komt

188 527 471 573 waarschijnlijk
505 527 568 561 het
593 527 1041 570 Sint-Nicolaas-gasthuis
1078 527 1129 570 (in
1157 526 1328 561 Charters
1364 526 1431 560 ook
1466 527 1529 561 het
1553 527 1854 569 Armengasthuis
1890 538 1948 570 ge-

186 581 328 624 noemd)
358 580 420 614 het
445 582 560 614 ineest
594 581 629 614 in
659 580 915 624 aanmerking“
948 579 1222 622 (Dominikaner
1249 580 1415 614 Klooster
1450 580 1540 623 75¹).
1593 580 1860 614 Valetudinario
1895 580 1949 614 illi

187 646 253 669 sua
287 636 366 668 erat
403 634 576 674 ecclesia,
615 645 729 677 eaque
768 633 899 667 Sancto
936 633 1082 668 Nicolao
1121 644 1235 667 sacra.
1295 632 1370 673 Quo
1409 645 1439 668 a.
1470 633 1560 668 1592
1598 633 1760 673 sublato,
1795 633 1947 667 ecclesia

188 699 219 722 a.
241 687 331 722 1670
358 686 641 721 Lutheranorum
667 687 748 720 usui
774 686 949 731 permissa
976 688 1032 720 est
1059 686 1212 730 (Meijer,
1239 685 1427 731 Nijmegen
1455 686 1470 720 Ι
1496 687 1666 729 94—95).

191 789 292 827 ¹745
321 792 399 826 sive
426 799 592 835 germ.
612 789 647 824 l.
669 789 809 835 (20).
885 789 913 824 A
939 789 974 824 4.
1002 788 1046 824 ad
1074 789 1106 824 8.
1125 788 1334 824 Decembris
1361 788 1454 824 1565.

308 862 364 896 Ex
398 860 623 905 apographo,
663 871 774 903 eoque
810 859 933 893 eodem
969 860 1044 893 fere
1080 862 1241 903 tempore
1276 859 1311 892 in
1347 859 1536 893 Societatis
1571 859 1721 903 collegio
1756 860 1950 895 coloniensi

189 915 335 959 scripto.
386 914 469 948 Cod.
496 913 607 947 colon.
640 912 695 955 „L.
712 912 797 954 Qu.“
828 913 851 946 f.
880 913 949 947 83¹².
1002 912 1056 945 Ex
1082 912 1205 945 eodem
1232 912 1438 957 apographo
1465 912 1555 946 hanc
1582 912 1784 946 litterarum
1809 915 1949 957 partem

190 979 303 1012 paene
328 967 506 1010 integram
533 967 651 1010 posuit
670 967 817 999 Hansen
843 965 866 999 l.
886 977 914 999 c.
934 965 1132 1000 519—520.
1160 964 1324 1009 Epistula
1349 976 1437 999 usus
1464 968 1520 999 est
1539 966 1746 1010 Sacchinus,
1765 966 1849 1000 Can.
1869 966 1949 1000 223.

312 1034 478 1067 Canisztns
504 1033 718 1074 Noviomayo
748 1031 930 1064 Coloniam
956 1032 1096 1064 rediens
1122 1042 1143 1063 (ι
1174 1031 1361 1064 Grosbecio
1397 1034 1427 1062 et
1462 1042 1483 1064 α
1514 1031 1695 1063 canonicis
1719 1031 1951 1064 xantensibus

190 1087 375 1128 excipitur,
403 1087 458 1118 die
477 1086 513 1118 S.
529 1085 672 1118 Nicolai
690 1086 926 1127 contionatur,
949 1084 1097 1117 Colonia
1115 1084 1233 1116 statim
1252 1084 1290 1116 ¹in
1310 1084 1354 1116 W
1352 1083 1558 1126 estphaliam
1577 1094 1697 1117 versus
1714 1084 1796 1116 abit.
1828 1083 1951 1117 Clarus

189 1139 351 1172 indoctus
377 1142 406 1171 et
432 1139 645 1171 inhonestus.

309 1205 357 1246 P.
385 1204 599 1245 Hem-iens
631 1203 866 1257 Dionysius
897 1203 939 1244 S.
963 1202 1022 1255 J„
1057 1202 1230 1243 canisio
1265 1202 1437 1243 Colonia
1469 1203 1770 1255 Noviomaqum
1804 1216 1950 1243 excur-

190 1271 300 1311 rentc'
333 1283 359 1309 α
382 1269 515 1310 Sociis
549 1268 850 1309 coloniensibus
883 1281 1012 1308 comes
1047 1268 1289 1319 adiunctus,
1323 1268 1368 1308 in
1401 1268 1551 1308 litteris
1575 1267 1747 1308 Colonia
1779 1266 1950 1308 11.De-

190 1334 364 1376 cambris
389 1335 502 1375 1565
526 1334 703 1373 Romam
727 1334 784 1373 ad
807 1333 850 1374 S.
874 1332 1152 1373 anciscum
1177 1332 1393 1385 Boi-qiam,
1427 1333 1646 1374 Societatis
1666 1332 1951 1385 praepositum

189 1400 434 1454 yenercclem,
479 1399 629 1450 missis,
668 1402 888 1452 postquam
921 1411 988 1437 res
1019 1396 1269 1450 Noviomayi
1301 1411 1325 1437 α
1362 1397 1533 1437 (lamisio
1571 1400 1709 1450 qestas
1741 1396 1950 1448 narravit,

190 1465 290 1504 haec
322 1463 467 1504 addit:
499 1463 610 1503 Dum
636 1475 736 1502 vero
769 1461 1094 1502 institueremus
1115 1460 1199 1503 iter
1222 1460 1441 1502 Coloniam
1464 1474 1629 1510 versus,
1665 1463 1709 1502 et
1732 1460 1952 1514 paululum

190 1528 407 1582 progressi
442 1541 647 1575 essemus,
689 1525 828 1567 frater
860 1525 1225 1567 Reuerendissimi
1257 1525 1507 1567 Leodiensis
1539 1525 1606 1566 vir
1642 1525 1685 1566 in
1726 1525 1808 1566 fide
1849 1539 1951 1578 syn-

191 1592 448 1641 cerissimus,
482 1591 712 1633 admodum
744 1590 991 1632 humaniter
1021 1604 1098 1632 nos
1131 1590 1322 1644 hospicio
1355 1590 1568 1644 excepitl.

309 1656 519 1698 Venimus
542 1656 694 1697 deinde
716 1655 758 1697 in
781 1655 933 1704 zantis,
958 1654 1029 1696 vbi
1054 1655 1262 1704 canonici,
1288 1655 1487 1697 absoluto
1511 1655 1735 1707 Vtriusque
1756 1656 1951 1696 nostrum

193 1735 316 1763 sacro
348 1721 528 1775 prandio
563 1735 640 1762 nos
673 1720 840 1774 dignati
873 1723 974 1761 sunt
987 1721 1015 1769 2,
1056 1723 1344 1773 vrseruntque
1376 1719 1423 1761 P.
1448 1719 1663 1761 Canisium
1697 1721 1746 1760 vt
1776 1721 1950 1773 postero

194 1786 260 1828 die
293 1785 383 1839 (qui
415 1789 511 1828 erat
544 1786 609 1828 .D.
633 1785 814 1827 Nicolao
853 1785 993 1837 sacer)
1037 1784 1285 1826 concionem
1328 1785 1382 1826 ad
1420 1785 1624 1838 populum
1666 1784 1825 1826 habere
1866 1797 1951 1825 nou

193 1853 453 1904 grauaretur
477 1885 486 1892 .
516 1850 592 1891 sed
636 1852 814 1903 propter
857 1849 1133 1891 Colonienses
1178 1849 1314 1891 nostri
1359 1849 1573 1891 aduentus
1617 1848 1828 1890 desiderio
1872 1849 1951 1890 fia-

192 1919 384 1969 grantes,
418 1929 503 1956 non
535 1916 709 1968 poterat
740 1914 931 1968 ipsorum
964 1914 1078 1956 votis
1111 1917 1156 1957 et
1187 1914 1386 1968 petitioni
1418 1928 1571 1968 gerere
1604 1928 1778 1956 morem.

311 1980 538 2022 Caeterum
562 1994 656 2021 cum
679 1979 722 2020 in
754 1979 866 2020 festo
891 1979 931 2020 S.
956 1978 1124 2021 Nicolai
1148 1980 1201 2020 ad
1225 1979 1353 2020 aliam
1378 1979 1692 2033 appulissemus
1714 1977 1949 2029 ciuitatem,

192 2044 320 2098 idque
352 2044 517 2098 pastori
550 2045 824 2098 exploratum
857 2046 973 2085 esset
1011 2058 1097 2085 non
1131 2044 1300 2086 destitit
1340 2047 1510 2098 patrem
1547 2042 1833 2097 importunius
1865 2043 1951 2084 sol-

193 2109 375 2159 licitare,
410 2110 544 2151 donec
577 2110 630 2150 ad
663 2109 1001 2150 concionandum
1035 2108 1223 2150 animum
1256 2110 1570 2162 expugnaret3.

310 2174 431 2216 finito
465 2188 566 2215 vero
599 2188 724 2215 sacro
758 2176 802 2215 et
835 2173 1052 2221 concione,
1085 2174 1424 2227 properabamus
1456 2176 1578 2215 recta
1600 2171 1833 2220 Coloniam,
1867 2184 1951 2224 quo

193 2238 329 2292 pridie
363 2238 656 2292 conceptionis
690 2239 737 2280 B.
762 2238 928 2280 Mariae
962 2238 1242 2279 deuenimus4
1266 2273 1274 2281 .
1299 2252 1383 2279 non
1416 2237 1507 2279 sine
1541 2237 1729 2279 omnium
1765 2236 1952 2277 fratrum

193 2303 400 2356 singulari
434 2303 602 2345 laetitia
635 2305 679 2344 et
711 2303 1011 2344 beneuolentia
1046 2317 1130 2356 qua
1162 2316 1241 2344 nos
1274 2305 1552 2356 exceperunt.

312 2368 394 2409 Sed
427 2368 527 2420 quia
559 2371 685 2421 pater
718 2368 1012 2421 comperiebat
1044 2368 1233 2409 nondum
1265 2368 1402 2410 allata
1435 2381 1530 2409 esse
1563 2380 1618 2408 ex
1644 2366 1749 2407 vrbe
1771 2364 1949 2418 scripta,

193 2432 344 2484 quibus
377 2434 574 2474 senatum
608 2432 903 2474 Coloniensem
937 2433 1210 2486 compellare,
1254 2435 1298 2475 et
1330 2433 1522 2474 salutare
1555 2431 1752 2481 debebat,
1794 2443 1847 2471 ne
1878 2443 1950 2471 res

314 2549 323 2568 ¹
361 2549 557 2593 Episcopus
595 2549 785 2582 leodiensis
823 2550 901 2583 erat
937 2548 1118 2583 Gerardus
1154 2560 1175 2582 a
1211 2548 1417 2583 Groesbeck
1454 2547 1679 2589 (Groisbeck,
1715 2545 1951 2588 Groosbeek).

192 2598 309 2640 Quare
335 2602 512 2642 existimo,
548 2601 729 2636 canisium
756 2613 835 2635 cum
862 2601 1034 2645 Dionysio
1062 2601 1284 2644 Noviomago
1322 2604 1480 2635 castrum
1517 2600 1776 2643 grosbecanum
1807 2597 1950 2641 (Groes-

193 2652 315 2694 beeck,
341 2665 433 2687 nunc
460 2665 574 2698 pagus
600 2654 805 2698 provinciae
832 2654 1013 2697 geldricae
1040 2654 1140 2697 regni
1166 2654 1400 2697 neerlandici)
1429 2654 1575 2698 petisse,
1606 2652 1699 2696 quod
1725 2663 1765 2685 eo
1790 2653 1951 2695 tempore

196 2705 349 2748 segerus
376 2718 396 2740 a
423 2706 640 2748 Groesbeck,
668 2707 819 2741 Gerardi
845 2708 968 2748 frater,
994 2707 1162 2747 tenebat;
1188 2718 1294 2750 quem
1321 2719 1352 2741 a.
1383 2707 1483 2746 1571,
1510 2717 1591 2740 cum
1625 2717 1688 2749 pro
1714 2704 1880 2748 Philippo
1906 2703 1950 2737 II.

196 2757 375 2799 militaret,
402 2771 509 2803 prope
528 2759 749 2793 Harlemium
775 2760 810 2793 in
837 2761 967 2794 castris
993 2760 1211 2794 exstinctum
1237 2771 1316 2793 esse
1335 2760 1482 2794 tradunt
1500 2759 1561 2799 (A.
1580 2758 1716 2801 Falane,
1735 2755 1952 2791 Geschichte

196 2809 258 2842 der
285 2810 512 2851 Kfflnischen,
548 2811 781 2846 Jiilichsclien
808 2813 879 2846 und
907 2812 1127 2856 Bergischen
1154 2812 1412 2847 Gesehlechter
1438 2811 1464 2852 Ι,
1498 2810 1592 2844 Koln
1627 2810 1698 2843 und
1723 2809 1822 2843 Bonn
1850 2808 1951 2850 1848,

199 2862 284 2902 119;
311 2863 353 2902 II,
380 2863 471 2896 Koln
497 2865 569 2897 und
595 2864 695 2898 Bonn
724 2865 825 2903 1853,
854 2865 929 2907 50).

315 2915 328 2934 2
352 2914 460 2948 Xanti
484 2916 655 2959 (Xanten)
677 2918 712 2950 in
739 2917 939 2951 clarissima
964 2917 1027 2951 illa
1053 2920 1089 2951 et
1113 2917 1355 2962 pulcherrima
1381 2916 1534 2951 ecclesia
1560 2915 1593 2949 S.
1608 2914 1766 2948 Victoris
1783 2913 1823 2947 P.
1838 2913 1950 2947 Theo·

198 2964 338 2999 doricus
365 2966 537 3008 Canisius,
574 2968 686 3002 Petrii
713 2968 846 3003 Canisii
882 2971 1005 3010 frater,
1040 2972 1233 3013 antequam
1269 2969 1482 3004 Societatem
1509 2969 1590 3002 Iesu
1625 2968 1810 3010 ingressus
1845 2969 1951 3008 esset,

198 3018 444 3052 canonicatum
471 3020 662 3059 habuerat:
690 3022 820 3055 ibidem
848 3034 878 3056 a.
901 3023 991 3056 1565
1019 3022 1200 3056 Gerardus
1227 3023 1399 3062 Busaeus,
1426 3033 1518 3055 uuus
1545 3032 1589 3054 ex
1616 3019 1750 3053 Canisii
1776 3019 1950 3062 cognatis,

201 3070 390 3104 canonicus
416 3074 494 3105 erat
521 3074 624 3113 (Can.
652 3074 667 3106 Ι
693 3074 778 3108 2903
804 3075 887 3108 5443
914 3078 950 3108 et
975 3086 1083 3119 supra
1109 3087 1141 3119 p.
1161 3075 1259 3118 658).

319 3122 331 3140 ³
357 3122 441 3155 Dies
460 3123 641 3158 S.Nicolai
662 3125 709 3165 (6.
725 3125 949 3170 Decembris)
969 3139 1010 3160 ea
1028 3130 1147 3161 aetate
1165 3127 1288 3160 multis
1306 3127 1394 3160 locis
1417 3126 1551 3168 „festus
1570 3125 1612 3158 de
1629 3125 1839 3169 praecept&
1863 3127 1951 3158 erat.

321 3175 333 3193 4
360 3173 423 3207 Die
451 3175 481 3207 7.
502 3175 716 3210 Decembris.
