2045 3471
194 193 279 235 794
771 193 864 226 Mon.
884 193 954 227 854
980 192 1059 227 sive
1086 193 1157 227 litt.
1179 191 1244 236 (3).
1290 193 1391 227 1565.

265 310 341 353 „De
374 307 467 342 1³1&st
501 311 569 343 etc.
605 309 632 343 f.
659 310 725 343 A4
761 309 804 343 de
840 310 1023 345 Centuria-

193 362 351 396 toribus:
379 361 427 395 Iis
450 361 575 404 „ludus
593 363 849 407 propemodum
868 363 1022 405 videtur,

195 442 202 449 .
222 442 229 449 .
250 441 258 449 .
278 415 394 449 ridere
412 415 618 456 Pontifices,
636 418 864 450 sacramenta
881 416 1023 460 integra

193 479 257 502 suo
283 468 359 502 loco
378 479 533 509 mouere,
559 479 662 503 sacra
686 469 886 513 profanare,
914 497 920 504 .
937 497 944 505 .
962 497 968 504 .
987 470 1023 504 in

193 521 295 564 vulgi
329 521 524 555 ludibrium
559 533 601 555 ea
626 524 779 562 vertere,
814 534 906 566 quae
940 523 1024 557 olim

194 576 256 608 aut
282 573 410 608 Patres
445 574 697 616 instituissent,
733 577 796 609 aut
821 575 878 620 pie
904 576 1022 610 obser-

192 629 353 662 uassent.
373 654 380 661 .
402 655 408 661 .
431 655 438 663 .
470 627 700 672 Improbabat
719 627 889 672 [Brunus]
908 629 1023 663 omnis

194 680 341 725 pietatis
366 680 593 714 aduersarios
626 681 781 725 turpiter
810 681 961 715 inficiari
988 684 1023 715 et

192 733 375 775 insectari,
394 744 485 778 quae
503 733 595 768 bona
613 733 682 767 fide
700 733 801 768 nobis
820 735 1024 768 veneranda

195 785 342 830 reliquit
372 786 569 830 antiquitas
597 814 604 821 .
624 814 631 821 .
653 814 659 820 .
686 787 729 820 de
763 798 945 821 sacrorum
971 799 1023 822 re-

195 839 377 873 uerentia“
409 842 475 874 etc.

270 911 345 954 „De
369 910 463 943 ciust
492 912 559 944 etc.
586 910 611 944 f.
631 911 662 944 A
677 911 716 945 6:
754 910 1024 945 Centuriatores

201 963 321 1006 „leges
339 963 502 997 omnibus
521 963 615 1005 dare,
643 966 678 997 et
696 975 716 997 a
734 963 844 998 nullis
862 963 1025 1009 accipere

196 1015 333 1057 volunt,
359 1015 420 1060 qui
447 1018 634 1060 praeterea
652 1016 745 1060 quod
767 1017 918 1051 summis
936 1017 1025 1051 viris

198 1068 371 1111 adimunt,
405 1069 440 1102 id
469 1069 620 1103 licenter
645 1072 816 1113 arrogant
849 1070 928 1110 sibi,
964 1071 1025 1114 qui

198 1122 341 1156 demum
368 1149 375 1156 .
400 1149 407 1156 .
437 1149 443 1156 .
471 1134 586 1166 neque
621 1134 701 1156 cum
736 1123 820 1156 vllis
854 1124 932 1157 siue
968 1123 1025 1157 do-

197 1175 358 1210 mesticis
385 1175 461 1209 siue
488 1176 670 1210 extraneis
706 1176 740 1210 in
767 1188 839 1210 vna
865 1176 1025 1210 doctrina

198 1228 258 1262 diu
284 1228 485 1262 consentire
511 1240 615 1273 posse
641 1229 842 1263 videntur‘.

273 1820 349 1863 „De
374 1817 465 1852 vita*
495 1821 561 1852 etc.
589 1819 613 1852 f.
634 1819 730 1853 A6³2
759 1818 1027 1854 Centuriatores

206 1872 403 1914 „damnatis
429 1871 536 1905 etiam
571 1872 640 1906 iam
667 1871 750 1906 olim
781 1872 1023 1917 opinionibus*

201 1925 481 1969 patrocinantur.

275 2097 351 2140 „De
375 2094 467 2129 z÷z·ta“
496 2097 562 2129 etc.
590 2095 614 2129 f.
634 2096 733 2130 A6b:
762 2095 1030 2130 Ceuturiatores

207 2149 514 2190 „contentionibus
549 2151 657 2193 atque
683 2148 842 2194 dissidijs
870 2150 906 2183 in
933 2152 1030 2183 vtra-

203 2213 272 2245 que
306 2201 488 2246 republica
522 2201 769 2244 gliscentibus,
807 2202 953 2246 perinde
988 2213 1029 2236 ac

201 2254 295 2288 Nero
320 2255 475 2289 flammis
500 2254 645 2288 Patriae
670 2255 879 2289 ardentibus
905 2266 1027 2300 pasce-

201 2308 315 2349 batur,
342 2308 393 2341 ita
419 2307 611 2352 plurimum
637 2307 895 2342 delectantur‘.

276 2485 351 2527 „De
387 2483 477 2517 υἱία“
518 2486 585 2518 etc.
624 2484 648 2518 f.
675 2483 706 2517 A
732 2485 770 2518 31³
808 2484 851 2518 de
888 2483 1028 2518 Bruno:

208 2535 379 2578 ⁷,Dolebat
405 2536 456 2570 illi
482 2548 594 2570 nouos
619 2536 761 2581 prodire
788 2536 1028 2578 Aristarchos,

204 2589 263 2632 qui
299 2591 442 2633 arrepta
468 2589 581 2623 veluti
617 2589 760 2632 virgula
795 2589 958 2623 censoria
992 2589 1029 2623 in

204 2641 386 2675 veteribus
404 2641 492 2675 nihil
511 2654 580 2676 non
599 2644 797 2687 carperent,
817 2642 1029 2683 morderent,

203 2693 435 2728 lacerarent.“
870 2699 879 2716 ⁸

1207 312 1374 344 Canis-ius
1399 310 1434 344 in
1453 310 1675 345 dedicatione
1697 311 1959 356 „Epistolarum

1133 364 1171 397 B.
1185 363 1417 408 Hieronymi¹⁴
1436 363 1602 407 Dilingae
1620 375 1650 398 a.
1665 365 1754 398 1565
1770 365 1956 406 editarum,

1133 418 1175 451 de
1192 416 1445 450 novatoribus:
1477 416 1570 458 „Iam
1591 428 1683 460 quae
1704 428 1888 451 sacrorum
1906 429 1958 451 re-

1132 470 1293 504 uerentia
1305 470 1323 503 ἱ)
1354 469 1505 503 Ridetur
1522 469 1671 513 antiqua
1688 470 1815 515 pietas,
1841 481 1959 504 sacra-

1133 525 1253 556 menta
1270 523 1412 565 integra
1429 522 1531 556 nobis
1549 522 1768 567 reijciuntur,
1786 524 1959 557 maiorum

1132 576 1298 610 instituta
1312 575 1482 618 religiosa
1495 586 1564 608 non
1578 587 1682 609 secus
1693 587 1735 610 ac
1748 576 1959 610 traditiones

1132 628 1306 673 quaedam
1341 627 1571 661 Pharisaicae
1609 628 1710 662 flocci
1748 629 1960 673 penduntur,

1132 682 1250 716 cultus
1281 681 1422 715 diuinus
1448 682 1583 725 passim
1609 681 1781 723 aboletur,
1817 693 1900 716 arae
1926 684 1962 716 et-

1130 734 1266 779 templa
1292 733 1582 779 prophanautur⁴⁴
1613 736 1680 768 etc.
1709 735 1832 779 (supra
1858 746 1891 779 p.
1916 734 1959 768 27

1132 788 1176 822 ad
1203 788 1276 831 28).

1209 912 1376 945 canisius
1410 911 1519 946 Hosio
1568 911 1768 955 Oeniponte
1805 911 1837 944 S.
1873 909 1959 944 Maii

1136 965 1237 1005 1563,
1265 965 1307 998 de
1334 965 1586 999 novatoribus:
1618 964 1682 1006 „Se
1709 966 1744 998 et
1769 975 1835 997 sua
1855 963 1959 997 Jdola

1133 1020 1274 1051 tantum
1300 1030 1370 1052 non
1396 1018 1464 1052 coli
1490 1017 1615 1052 uolunt
1642 1018 1685 1051 ab
1703 1017 1833 1051 omnib:
1860 1015 1959 1057 Quod

1134 1073 1253 1105 autem
1289 1074 1459 1114 arrogant
1492 1071 1570 1111 sibi,
1605 1070 1693 1104 nulli
1729 1082 1773 1104 ne
1804 1068 1961 1104 Concilio

1134 1124 1276 1167 quidem
1302 1124 1412 1169 tribuj
1439 1135 1459 1158 a
1484 1124 1586 1158 nobis
1623 1123 1826 1168 patiuntur“
1857 1122 1960 1165 (Can.

1134 1177 1184 1210 IV
1213 1177 1308 1219 187).

1209 1230 1376 1263 canisius
1402 1230 1561 1264 Lectori:
1596 1229 1871 1273 „Expendamus
1898 1256 1903 1261 .
1925 1256 1932 1262 .
1952 1254 1961 1262 .

1135 1285 1307 1326 quantum
1343 1283 1448 1317 istius
1482 1283 1576 1316 modi
1612 1283 1784 1316 Doctores
1820 1284 1856 1315 et
1885 1281 1960 1314 Ma·

1135 1335 1239 1378 gistri
1259 1336 1341 1369 noui
1366 1336 1402 1369 in
1421 1335 1586 1369 adamato
1605 1335 1714 1369 verbo
1734 1334 1959 1379 profecerint,

1135 1391 1171 1422 et
1196 1400 1266 1432 quo
1293 1389 1438 1433 insuper
1472 1388 1558 1429 iure,
1594 1390 1767 1432 quantum
1798 1387 1878 1421 aliis
1904 1387 1962 1420 de-

1134 1441 1293 1483 trahunt,
1329 1444 1470 1475 tantum
1506 1442 1541 1475 in
1577 1453 1617 1475 eo
1652 1441 1730 1485 ipso
1758 1440 1867 1474 verbo
1892 1439 1961 1474 sibi

1136 1498 1304 1539 arrogent
1346 1495 1596 1529 authoritatis“
1639 1494 1707 1537 (De
1745 1493 1856 1527 Verbi
1896 1492 1962 1527 Dei

1137 1548 1349 1593 corruptelis
1375 1548 1398 1582 l.
1417 1560 1446 1582 c.
1466 1548 1490 1583 f.
1518 1559 1538 1582 a
1553 1548 1618 1591 6⁵¹).

1211 1603 1380 1636 szz'se'zcs
1399 1601 1509 1635 Hosio
1527 1602 1693 1644 Augusta
1710 1602 1741 1634 6.
1754 1599 1844 1634 Nov.
1858 1599 1961 1642 1563,

1136 1655 1179 1689 de
1205 1655 1457 1688 novatoribus:
1488 1653 1633 1698 „Neque
1659 1665 1740 1688 cum
1766 1653 1963 1694 catholicis,

1136 1720 1251 1751 neque
1294 1707 1388 1741 inter
1425 1719 1463 1740 se
1502 1718 1658 1750 unquam
1696 1708 1846 1751 possunt
1883 1717 1963 1740 con-

1135 1760 1279 1794 uenire“
1312 1761 1416 1802 (Can.
1435 1760 1486 1794 IV
1509 1760 1607 1802 380).

1211 1821 1379 1854 canisius
1434 1819 1555 1852 Ioanni
1611 1817 1759 1862 Nopelio
1819 1816 1964 1852 Colonia

1139 1873 1191 1907 10.
1219 1873 1317 1917 Sept.
1347 1873 1446 1913 1546,
1482 1872 1517 1905 in
1552 1871 1774 1905 dedicatione
1804 1870 1962 1915 Operum

1136 1925 1171 1960 S.
1189 1925 1319 1960 Leonis
1337 1925 1471 1969 Magni,
1490 1925 1533 1958 de
1551 1924 1804 1958 novatoribus:
1835 1923 1963 1965 „Dam-

1135 1981 1241 2012 natas
1275 1978 1374 2023 prius
1410 1977 1611 2022 opiniones“
1651 1977 1824 2010 innovant
1855 1976 1962 2020 (Can.

1137 2032 1151 2065 1
1178 2032 1276 2075 220).

1202 2097 1369 2130 Canisins
1378 2095 1515 2129 Lectori
1527 2109 1534 2129 :
1545 2094 1814 2129 Centuriatores
1826 2105 1961 2128 eorum-

1138 2161 1206 2193 que
1232 2148 1368 2182 similes
1389 2148 1602 2192 „scriptores
1628 2147 1735 2181 huius
1761 2148 1890 2181 aetatis
1906 2175 1913 2181 .
1929 2173 1936 2180 .
1953 2174 1960 2180 .

1138 2213 1203 2245 ego
1221 2201 1353 2235 Neroni
1378 2201 1475 2234 haud
1500 2211 1647 2245 prorsus
1666 2199 1857 2234 dissimiles
1884 2211 1963 2234 esse

1137 2255 1301 2289 dixerim.
1344 2254 1444 2288 Sicut
1461 2254 1554 2288 enim
1580 2253 1640 2287 ille
1659 2280 1665 2287 .
1687 2280 1693 2287 .
1714 2279 1721 2285 .
1740 2253 1889 2286 Romam
1912 2252 1962 2286 in-

1137 2307 1267 2347 cendit,
1303 2310 1338 2341 et
1373 2306 1557 2340 ardentem
1591 2306 1744 2350 patriam
1775 2305 1880 2339 laetis
1907 2308 1962 2339 est

1137 2360 1250 2394 oculis
1285 2359 1643 2404 contemplatuszita
1676 2358 1756 2392 isti⁸⁴
1788 2361 1854 2392 etc.
1893 2357 1962 2401 (De

1136 2413 1245 2447 Verbi
1271 2413 1337 2446 Dei
1373 2412 1586 2457 corruptelis
1612 2413 1678 2445 ete.
1706 2411 1728 2445 l.
1747 2422 1776 2445 e.
1803 2411 1828 2445 f.
1855 2422 1875 2444 a
1894 2411 1962 2453 51³).

1212 2484 1378 2517 Canisius
1396 2482 1554 2516 Lectori:
1580 2481 1847 2516 Centuriatores
1871 2480 1959 2523 „Mo-

1136 2547 1214 2570 mos
1240 2538 1275 2570 et
1302 2534 1533 2569 Aristarchos
1559 2545 1681 2568 omnes
1715 2545 1886 2578 superare
1911 2533 1963 2567 vi·

1137 2590 1276 2623 dentur.
1305 2616 1312 2623 .
1332 2616 1366 2623 ..
1407 2588 1613 2622 Censoriam
1648 2586 1749 2621 velut
1782 2586 1962 2630 virgulam

1137 2643 1308 2685 arrogant
1332 2641 1410 2682 sibi,
1446 2652 1488 2675 ac
1522 2640 1611 2674 nulli
1645 2641 1720 2674 fere
1746 2640 1895 2674 Patrum
1922 2651 1962 2673 ac

1137 2696 1299 2728 veterum
1334 2695 1497 2739 parcunt,
1532 2694 1613 2737 qui“
1643 2694 1711 2727 etc.
1749 2693 1816 2735 (De
1849 2693 1964 2726 Maria

1137 2748 1287 2791 Virgine
1327 2751 1413 2788 etc.,
1452 2746 1662 2790 lngolstadii
1703 2745 1804 2787 1577,
1843 2745 1961 2779 Praef.

1137 2801 1160 2834 f.
1181 2812 1199 2834 a
1220 2802 1265 2841 53³,
1292 2800 1313 2834 b
1333 2799 1399 2843 2³).

1213 2860 1379 2892 Canio-ius
1396 2858 1431 2891 in
1458 2858 1678 2892 dedicatione
1701 2856 1963 2901 „Epistolarum

1138 2912 1176 2946 B.
1190 2912 1417 2956 Hieronymiss
1436 2911 1602 2953 Dilingae
1617 2922 1647 2945 a.
1662 2911 1752 2944 1562
1767 2910 1961 2943 editarum:

1140 2965 1332 3006 „Erasmus
1352 2991 1359 2998 .
1379 2992 1386 2998 .
1406 2991 1413 2998 .
1442 2975 1605 2998 seuerum
1633 2975 1672 2997 se
1697 2962 1862 3007 praebuit
1886 2962 1964 2996 Ari-

1137 3017 1321 3051 starchum
1349 3043 1356 3050 .
1378 3044 1384 3050 .
1406 3044 1412 3051 .
1440 3018 1499 3060 qui
1527 3018 1670 3060 arrepta
1695 3015 1797 3049 velut
1821 3014 1964 3058 virgula

1139 3069 1310 3109 censoria,
1337 3070 1379 3103 de
1406 3069 1656 3113 praesentibus
1682 3071 1716 3101 et
1739 3067 1962 3112 superiorum

1138 3125 1297 3156 aetatum
1306 3121 1498 3165 Theologis
1510 3121 1688 3155 liberrime
1701 3121 1839 3154 censet“
1856 3119 1961 3163 (Can.

1138 3175 1189 3208 111
1216 3173 1432 3216 eso—281).
