2077 3461
212 199 312 233 1223.
341 198 426 232 Otto
452 198 651 233 Truchsess
678 199 720 232 de
746 198 949 244 XValdburg
974 199 1127 234 Canisio.
1168 199 1311 244 Dilinga
1342 202 1394 236 ls.
1414 201 1499 235 Maii
1521 203 1620 237 1565.
1740 205 1793 245 65

48 323 77 353 et
99 318 174 361 fere
191 328 233 350 ea:
251 317 382 350 lude'ce'o
400 317 548 349 Domini
568 316 828 350 Gubernatoris
842 318 863 359 ¹,
889 319 948 350 cm'
966 318 1001 350 in
1022 317 1077 350 his
1088 318 1284 361 principzjs·
1302 319 1439 360 deferre
1457 319 1595 363 aliquid
1618 321 1796 363 coqimur:

47 371 209 416 quamuis
216 380 349 412 parum
364 371 438 412 ipse
449 370 496 402 ad
515 380 570 402 res
584 375 724 402 nostras
738 371 1001 412 promouendcts
1018 371 1198 403 animatus
1211 371 1385 414 videatur,
1400 373 1431 404 .ςί
1445 373 1748 406 Renerendissimo
1767 378 1797 406 et

50 423 232 467 Capitzcl0²
249 423 433 456 credimus.
472 423 604 455 Eadem
622 425 717 455 ratio
736 434 805 456 esse
822 424 960 457 videtur
977 424 1134 457 aliorum
1152 424 1374 467 officialium,
1393 426 1455 468 qni
1472 429 1552 458 ante
1571 436 1634 459 nos
1649 427 1797 468 fecerunt

46 477 204 519 hocloco,
219 476 344 519 quihus
352 476 596 518 ffluesentibus
610 476 757 517 difficile
771 478 838 509 erit
851 477 898 509 ad
913 487 1073 510 normam
1087 478 1260 510 societatis
1274 478 1393 511 omnia
1408 480 1566 521 ‹¹oe1'9e1’c¹,·
1581 480 1649 512 Sed
1663 490 1796 522 egemus

46 540 139 564 nunc
164 540 284 562 eorum
310 539 429 572 opera,
455 533 485 562 et
509 529 690 562 succedent
717 530 788 562 illis
799 530 978 572 paulatim
998 530 1072 571 (dvj.
1109 530 1268 571 Difficile
1286 535 1441 573 putatur
1467 532 1593 565 Donum
1616 533 1796 566 Guberna-

45 587 153 617 torem
170 587 201 615 εἴ
217 582 394 615 Bedellum
408 582 421 601 ³
437 582 502 615 hoc
518 583 591 615 Ioco
608 583 794 615 inueniris·
808 593 908 625 posse
920 610 925 616 .
938 584 1001 626 qui
1017 587 1130 615 tamen
1151 585 1357 626 cumprimis
1374 585 1413 617 in
1431 586 1626 617 Academia
1646 587 1724 628 ista,
1743 586 1798 618 vhe·

47 640 215 678 corrupta
233 637 399 668 inuentus
416 647 435 668 n
444 646 598 679 unquam
617 636 717 679 deest,
745 637 934 678 necessarii
951 637 1123 670 vitientur.
1164 637 1232 670 Sed
1250 637 1427 670 Dominus
1444 638 1593 681 iuuabit,
1612 643 1644 670 ‘rt
1661 636 1795 681 ψει-σέ(

161 699 293 734 Exstat
327 699 639 733 *Commentarius
674 711 694 733 a
729 700 768 733 P.
795 701 909 733 Paulo
944 702 1094 744 Hoffaeo
1130 700 1163 735 S.
1190 701 1222 735 J.
1257 701 1413 745 scriptus
1450 703 1484 735 et
1518 702 1570 736 sic
1604 701 1798 746 inscriptus

49 753 221 798 (tempore
246 765 315 787 non
341 753 545 796 adnotato):
568 753 854 797 „Jmpedimenta
872 753 1020 799 Collegij
1041 754 1291 797 Dilingensis.“
1329 754 1394 796 Qui
1412 754 1496 788 licet
1514 766 1545 789 a.
1567 755 1796 789 1566-1567

47 806 262 851 compositus
288 817 367 840 esse
392 806 567 847 videatur,
595 806 777 850 complura
802 809 922 840 tamen
948 807 1065 847 hahet,
1093 819 1183 850 quae
1209 808 1253 841 ad
1279 807 1373 841 huuc
1399 819 1538 852 quoque
1565 819 1696 842 annum
1721 819 1797 852 per-

45 860 158 895 tinere
195 861 304 904 patet.
355 859 409 893 Ex
447 871 595 903 quorum
633 871 779 893 numero
813 859 902 894 haec
936 862 1037 894 sunt:
1078 860 1289 904 [Collegium
1325 861 1528 906 Societatis]
1568 873 1657 904 „non
1692 861 1799 895 habet

46 913 216 958 templum
253 924 369 957 neque
403 913 545 946 domum
579 912 778 957 propriam,
818 915 853 946 et
888 924 929 946 ea
965 925 1072 957 quam
1108 913 1226 955 habet,
1261 914 1367 948 nimis
1402 918 1555 958 angusta
1589 917 1645 948 est
1680 917 1715 948 et
1749 914 1798 947 in-

47 966 240 1002 commoda.
288 966 391 1000 Nunc
426 968 567 999 tantum
604 977 668 1010 pro
706 966 834 999 annuis
867 966 1041 1001 reditibus
1079 967 1187 1001 habet
1221 967 1288 1002 800
1314 968 1510 1002 florenos..
1537 995 1543 1001 .
1570 995 1576 1002 .
1627 967 1799 1001 Numerat

45 1020 187 1054 interim
222 1018 421 1053 Cardinalis
455 1018 552 1052 mille
586 1019 738 1052 florenos
777 1031 821 1052 ex
856 1019 964 1053 bursa
998 1031 1073 1054 sua.
1102 1047 1108 1054 .
1135 1048 1140 1054 .
1168 1047 1175 1054 .
1227 1021 1402 1062 Quamdiu
1434 1032 1518 1054 vero
1553 1024 1696 1066 praeter
1731 1021 1798 1055 800

45 1072 325 1107 numerabuntur
352 1072 442 1106 1000
469 1072 671 1116 quotanniS‚
707 1084 777 1106 non
812 1075 981 1116 poterunt
1015 1073 1136 1117 plures
1171 1073 1244 1107 illic
1271 1073 1317 1107 ali
1344 1074 1475 1108 fratres
1502 1086 1607 1118 quam
1636 1074 1679 1108 ad
1706 1085 1798 1107 sum-

46 1137 141 1160 mum
176 1126 232 1160 30.
282 1124 450 1168 Obligata
486 1127 542 1158 est
576 1125 734 1159 Societas
768 1125 803 1158 in
839 1125 970 1160 litteris
1004 1126 1222 1160 fundationis
1254 1128 1294 1160 vt
1328 1127 1516 1161 Rectorem
1542 1127 1799 1161 Vniuersitatis

45 1179 214 1225 praebeat
249 1190 290 1212 ac
323 1180 508 1223 praeterea
543 1178 717 1220 gubernet
744 1178 941 1221 Collegium
974 1178 1007 1213 S.
1035 1179 1261 1224 Hieronymi,
1297 1181 1388 1223 quod
1416 1181 1566 1224 requirit
1591 1182 1799 1225 praesentes

46 1233 181 1277 aliquot
217 1232 485 1276 gubernatores.
534 1231 650 1265 Debet
686 1234 871 1276 praeterea
910 1232 1126 1266 constituere
1164 1233 1199 1266 in
1235 1232 1481 1267 Vniuersitate
1517 1233 1799 1268 Gubernatorem

47 1287 106 1332 qui
132 1289 187 1320 est
213 1286 315 1330 quasi
334 1285 577 1319 Cancellarius
604 1296 646 1318 ea
672 1296 762 1328 quae
788 1284 860 1329 [ad]
883 1285 1170 1330 jurisdictionem
1196 1286 1338 1320 ciuilem
1365 1287 1543 1331 pertinent
1563 1290 1798 1327 exercentem,

47 1352 88 1374 ao
113 1341 298 1384 praeterea
324 1349 517 1379 censorem,
545 1338 605 1382 qui
630 1338 809 1372 studiosos
834 1350 945 1372 nouos
963 1338 1145 1379 inscribat,
1172 1341 1207 1372 et
1226 1340 1361 1373 aerario
1380 1340 1636 1374 Vniuersitatis
1654 1340 1797 1385 praesit.

47 1394 140 1428 Jtem
166 1392 372 1433 Notarium,
399 1391 613 1434 Magistrum
640 1391 919 1425 ceremoniarum
946 1392 981 1425 in
1008 1393 1161 1426 oratorio
1186 1392 1461 1434 Vniuersitatis⁷
1499 1393 1739 1427 Oeconomum
1765 1394 1799 1426 in

47 1447 140 1481 dicto
166 1445 343 1488 Collegio,
379 1445 595 1488 Magistrum
621 1444 833 1481 Cantorum.
869 1445 1132 1486 Sacristanum,
1169 1445 1412 1487 Sacellanum,
1449 1447 1509 1490 qui
1535 1447 1653 1480 officia
1680 1446 1798 1491 djuina

47 1500 222 1535 cantando
256 1501 425 1543 peragat,
462 1497 665 1539 Bedellum,
701 1498 890 1532 Lictorem.
912 1526 917 1532 .
939 1527 944 1532 .
966 1527 972 1532 .
1023 1499 1176 1532 Multum
1203 1501 1374 1544 temporis
1400 1501 1619 1534 consumitur
1645 1501 1679 1534 in
1707 1512 1799 1534 cere-

47 1552 174 1598 monijs
210 1554 245 1586 et
279 1554 386 1586 cantu
421 1551 543 1596 sacellj
580 1550 705 1585 diebus
739 1552 950 1595 praesertim
987 1552 1089 1586 festis
1117 1555 1153 1585 et
1178 1553 1358 1597 profestis.
1409 1553 1672 1587 Protrahuntur
1707 1554 1798 1588 enim

46 1606 227 1651 Vesperae
262 1617 341 1639 cum
369 1604 605 1649 Completorio
631 1604 689 1638 vel
715 1603 885 1650 Litanijs,
921 1606 964 1639 ad
992 1605 1080 1639 duas
1106 1605 1180 1639 fere
1206 1605 1331 1646 horas,
1366 1606 1478 1640 Missa
1505 1619 1588 1641 vero
1615 1619 1694 1641 eum
1722 1619 1800 1642 con-

46 1659 144 1694 cione
171 1659 214 1693 ad
240 1661 314 1692 tres
340 1658 415 1691 fere
442 1657 547 1691 horas
573 1657 687 1691 durat.
722 1657 808 1691 Vult
834 1657 975 1692 interim
994 1658 1193 1693 Cardinalis
1219 1661 1360 1693 nostros
1378 1660 1504 1694 adesse
1522 1672 1601 1694 cum
1620 1661 1799 1695 studiosis.

48 1712 84 1746 Si
120 1724 189 1746 non
227 1712 359 1746 adsunt
395 1711 508 1745 nostri
542 1722 728 1755 perperam
765 1711 800 1744 in
835 1711 969 1755 templo
995 1723 1033 1745 se
1060 1714 1188 1755 gerunt
1215 1713 1352 1746 externi
1379 1713 1595 1747 scholastici.
1646 1713 1800 1747 Studiosi

47 1767 174 1810 quater
198 1767 337 1799 tantum
365 1764 399 1798 in
427 1776 518 1798 anno
545 1764 588 1797 ad
615 1775 754 1797 sacram
782 1765 1039 1798 confessionem
1069 1767 1105 1798 et
1128 1777 1266 1799 sacram
1286 1767 1567 1800 communionem
1587 1767 1799 1810 obligantur.

46 1819 150 1862 idque
176 1818 399 1852 retinendum
427 1817 627 1851 Cardinalis
652 1817 797 1851 iudicat.
848 1816 913 1859 Qui
940 1819 1023 1851 sunt
1049 1820 1168 1852 autem
1195 1819 1328 1853 alumni
1356 1819 1504 1864 Collegij
1532 1820 1800 1865 Hieronymiani

47 1871 204 1915 quolibet
238 1882 359 1905 mense
394 1870 450 1904 his
484 1869 720 1904 sacramentis
756 1870 807 1904 uti
842 1871 990 1904 debent“
1032 1871 1130 1913 (Cod.
1163 1872 1302 1914 „Germ
1329 1872 1411 1917 Sup.
1439 1873 1550 1907 Fund.
1578 1874 1612 1907 1²
1651 1874 1675 1907 f.
1703 1875 1799 1912 214).

47 1925 144 1960 Haec
171 1927 266 1959 certe
284 1924 379 1957 haud
397 1924 486 1957 bene
505 1924 748 1966 congruebant
767 1923 1089 1958 Constitutionibus
1108 1925 1308 1966 Societatis‚
1335 1926 1464 1969 quibus
1482 1927 1801 1971 praescribebatur‚

47 1980 88 2013 ut
112 1978 230 2013 officia
255 1977 375 2011 divina
402 1977 478 2011 sine
504 1979 610 2010 cantu
637 1977 939 2020 caeremoniisque
965 1976 1251 2012 sollemnioribus
1277 1979 1414 2019 fierent,
1448 1979 1513 2014 hoc
1540 1992 1636 2021 vero,
1666 1981 1800 2024 „quoad

49 2032 123 2067 eius
148 2032 224 2065 fieri
251 2031 405 2075 posset“‚
433 2041 452 2063 a
472 2029 585 2063 Sociis
603 2031 798 2070 curaretur,
826 2032 865 2064 ut
891 2031 1048 2075 ipsorum
1076 2031 1241 2076 discipuli
1268 2032 1420 2075 singulis
1447 2033 1628 2067 mensibus
1655 2038 1799 2078 peccata

49 2085 301 2119 confiterentur
330 2083 383 2126 (P.
402 2084 433 2123 4,
462 2094 488 2116 c.
511 2084 540 2124 7,
567 2095 601 2116 n.
621 2084 659 2123 2;
689 2094 717 2117 c.
740 2084 792 2123 16,
819 2095 852 2117 n.
874 2084 890 2117 1
920 2086 955 2117 et
981 2086 1031 2124 A;
1059 2083 1098 2118 P.
1118 2086 1149 2123 6,
1177 2096 1206 2118 c.
1225 2085 1255 2125 3,
1283 2098 1315 2119 11.
1336 2086 1357 2119 4
1384 2088 1418 2120 et
1444 2086 1502 2128 Β).

165 2137 424 2171 Difficultatem
453 2136 600 2181 parabat
626 2136 738 2171 Sociis
765 2137 872 2170 etiam
898 2149 956 2171 res
982 2137 1171 2171 familiaris
1199 2139 1420 2172 contubernii
1447 2139 1480 2173 S.
1499 2140 1718 2185 Hieronymi.
1761 2141 1799 2175 In

50 2190 309 2226 Commentario
335 2190 499 2233 quodam,
526 2201 595 2233 quo
622 2190 970 2234 comprehenduntur
997 2202 1049 2231 ea,
1081 2202 1191 2234 „quae
1211 2192 1321 2225 dixit⁴⁴
1344 2192 1382 2226 P.
1402 2195 1643 2236 Hieronymus
1661 2195 1802 2227 Natali„-

49 2243 236 2278 Societatis
262 2243 429 2277 visitator
457 2243 574 2285 (ann0,
592 2245 687 2287 puto,
709 2243 815 2287 1566)
840 2255 923 2288 ⁷,pro
943 2244 1100 2287 Collegio
1119 2244 1152 2278 S.
1174 2245 1416 2290 Hieronymi‘,
1444 2246 1531 2280 haec.
1550 2247 1799 2291 *compar-ent:

53 2297 229 2340 „Vocetur
246 2296 471 2340 Augustinus
490 2295 712 2330 Oeconomus
739 2307 858 2330 coram
884 2297 1086 2331 consiliario
1105 2298 1418 2340 Reueoendisshni,
1445 2301 1553 2343 atque
1580 2300 1802 2344 explicentur

50 2350 80 2395 ej
115 2350 295 2390 defectus,
331 2351 546 2383 renouentur
572 2349 648 2383 eius
673 2349 837 2394 regulae,
875 2353 910 2384 et
936 2351 1121 2395 promittat
1146 2363 1184 2385 se
1210 2351 1304 2385 uelle
1332 2364 1495 2391 seruare,
1533 2355 1568 2387 et
1594 2353 1731 2386 dicetur
1758 2354 1799 2397 ej.

50 2404 141 2448 quod
175 2403 205 2437 si
240 2414 310 2437 non
344 2403 470 2436 fecerit
505 2402 662 2437 officium
697 2415 820 2445 suum,
857 2415 925 2437 non
960 2415 1038 2437 esse
1074 2404 1207 2438 diutius
1233 2405 1267 2438 in
1301 2405 1451 2449 collegio
1478 2406 1708 2439 fe1·e11dumb“
1741 2407 1800 2450 (ex

51 2456 252 2501 apographo
280 2456 435 2490 eiusdem
462 2456 644 2501 temporis.
695 2457 778 2491 Cod.
809 2456 930 2499 „N1‹}“
962 2458 986 2492 f.
1016 2458 1126 2500 148⁴).

51 2548 199 2585 1223.
297 2549 582 2584 OARDINALIS
618 2548 799 2585 0TTO
829 2549 1228 2587 TRITGHSESS
1264 2551 1355 2586 DE
1383 2550 1801 2596 WVALIHRIYRQ

214 2603 402 2648 episcopus
428 2603 632 2637 albanensis
660 2605 696 2637 et
722 2607 958 2646 augustanus,
984 2605 1124 2649 imperii
1151 2606 1326 2650 princeps,
1355 2605 1553 2639 CANISIO.

1285 2658 1429 2701 Dilinga
1458 2659 1511 2692 18.
1538 2659 1625 2693 Maii
1655 2661 1754 2695 1565.

170 2720 223 2754 Ex
248 2719 443 2765 archetypo
471 2719 542 2763 (2⁰;
570 2721 590 2753 2
617 2732 694 2765 pp.;
722 2721 757 2754 in
783 2733 816 2765 p.
843 2722 865 2755 4
891 2722 996 2757 inser.
1024 2724 1059 2756 et
1085 2734 1168 2766 pars
1194 2723 1290 2765 sig).
1342 2722 1504 2756 Cauisius
1531 2734 1595 2757 sua
1622 2735 1728 2759 manu
1754 2725 1801 2759 in-

51 2773 232 2818 scriptioni
267 2773 473 2807 adnotavit:
513 2772 584 2815 „De
619 2774 825 2808 fundatione
860 2774 1010 2819 Collegij
1039 2775 1305 2819 Dillingensis.“
1360 2776 1443 2810 Cod.
1475 2776 1582 2821 „Epp.
1611 2776 1798 2812 Cardd.1“

52 2826 76 2860 f.
102 2826 146 2860 26
173 2829 207 2860 et
233 2837 285 2870 Sq.
313 2838 380 2859 non
407 2826 498 2869 sign.

169 2890 196 2920 a)
218 2889 353 2915 inuenire
374 2894 432 2914 (cut.
508 2888 536 2921 b)
557 2889 700 2915 serendus
720 2899 819 2922 apoyr.

175 2973 183 2992 ¹
210 2971 361 3006 Cornelii
379 2972 511 3006 Hei-len
538 2984 557 3006 a
576 2972 783 3008 Rosenthal.
811 2973 870 3016 qui
897 2984 1009 3017 usque
1036 2974 1091 3007 ad.
1111 2985 1154 3007 111.
1173 2975 1375 3017 Augustum
1395 2985 1426 3008 a.
1450 2975 1538 3009 1564
1556 2976 1802 3010 universitatis

52 3026 168 3058 rector
193 3025 320 3059 fuerat.

171 3078 184 3098 ‘²
209 3077 332 3112 Ottoni
358 3078 527 3112 cardinali
555 3078 790 3123 episcopoque
817 3081 1018 3121 augustano
1045 3082 1079 3112 et
1106 3079 1302 3113 cathedrali
1331 3081 1486 3125 capitulo
1513 3085 1724 3125 augustano.

172 3131 184 3151 ³
214 3131 442 3173 „Censorem'‘
473 3144 551 3166 cum
579 3132 776 3166 iuventutis
806 3132 1060 3174 „coercendae“
1091 3135 1269 3177 potestate
1295 3145 1326 3167 a.
1348 3135 1438 3168 1564
1455 3135 1585 3178 agebat
1604 3136 1650 3169 M.
1670 3135 1802 3179 Josepli

55 3180 224 3226 Edlinger
253 3184 355 3227 (Can.
383 3184 433 3218 IV
459 3185 527 3219 920
554 3186 650 3228 926).

124 3245 430 3280 Braunsberger‚
451 3248 561 3274 Canisii
582 3248 736 3282 Epistulae
757 3249 787 3275 et
805 3248 888 3274 Acta.
914 3249 947 3276 V.
1501 3247 1520 3280 5
