2077 3461
231 197 339 227 LVIII

274 316 367 352 1566
408 317 410 335 ³

265 440 409 503 1566Ὶ

277 637 367 672 1666
409 611 411 674 fl

282 850 370 885 1566

283 1012 372 1047 1566

285 1119 374 1153 1566

288 1332 375 1366 1:366
418 1311 419 1319 ἶ

286 1542 376 1577 1566

288 1649 377 1683 1566

287 1702 378 1737 1566

288 1808 378 1843 1566

291 1913 378 1948 1567

290 2077 379 2111 1567

290 2236 383 2270 1567
422 2243 424 2250 ·

292 2342 379 2376 1567

292 2395 379 2429 1567

292 2608 379 2642 1567

294 2819 381 2853 1567

295 2924 383 2958 1567

688 195 750 230 ΙΙΙ.
777 194 934 230 Tabulae
961 195 1233 238 chronologicae
1259 194 1356 228 vitae
1383 194 1527 228 Canisii.

522 313 611 347 Nov.
635 313 691 347 24.
816 310 1040 358 Herbipolim
1067 312 1280 352 adveniunt3
1309 323 1329 346 a
1348 311 1528 346 Friderico
1547 311 1589 345 de
1604 311 1793 356 Wirsberg
1819 311 1984 356 69150090

875 365 1028 409 benigne
1055 365 1284 410 excipiuntur
1311 365 1395 408 (365
1423 364 1519 408 693).

428 433 539 476 Nov.
558 434 624 475 24.
646 435 689 475 et
708 434 775 474 25.
797 431 991 497 ¹Natalis
1024 434 1068 474 et
1091 432 1133 474 O.
1158 445 1251 473 cum
1277 430 1537 473 Balthasare
1558 430 1613 472 ab
1636 430 1765 472 Hellu
1798 430 1987 485 episcopi

797 499 799 511 ²
877 496 1136 538 cancellario
1178 496 1230 538 de
1272 495 1503 538 Societatis
1544 495 1724 548 collegio
1764 495 1987 550 Herbipoli

877 561 1116 603 incohando
1150 563 1195 603 et
1218 560 1407 602 dotando
1431 563 1568 613 agunt
1594 560 1697 614 (365
1723 561 1987 613 693—697).

523 632 613 667 Nox'.
637 632 692 667 26.
798 629 857 665 1P.
884 629 1026 664 Natalis
1061 630 1229 665 visitator
1265 629 1408 664 Canisio
1436 628 1650 664 Germaniae
1684 630 1878 674 superioris
1911 642 1988 675 pro-

880 683 1025 717 vinciali
1051 683 1206 728 plurima
1233 685 1425 728 praecepta
1458 682 1520 716 dat
1545 684 1658 716 totam
1683 682 1905 727 provinciam
1931 684 1988 717 vel

878 736 1019 780 aliquas
1043 736 1120 770 eius
1147 737 1272 771 domus
1298 736 1500 781 spectantia
1527 735 1611 779 (548
1639 736 1706 771 628
1733 737 1802 771 698
1828 737 1894 771 727
1922 736 1989 771 768

879 789 978 832 844).

431 846 524 880 inter
550 845 605 880 26.
630 844 720 878 Nov.
748 845 783 876 et
822 842 858 877 C.
880 841 978 884 (dum
997 842 1138 877 Natalis
1157 844 1193 876 et
1211 842 1396 877 Ximenius
1411 842 1760 886 Aschaffenburgum
1779 844 1989 886 excurrunt)

433 899 464 933 2.
488 898 572 933 Dec.
603 898 673 940 (30.
692 896 782 930 NOV.
880 895 989 929 semel
1017 907 1136 930 coram
1163 896 1330 941 episcopo
1356 895 1392 929 in
1419 907 1500 930 arce
1526 896 1660 930 Montis
1687 896 1851 936 Mariani,
1880 896 1991 931 semel

481 955 517 986 et
546 953 574 985 l.
602 951 684 985 Dec.
698 951 732 992 ‘?)
881 949 916 982 in
943 948 1095 983 60016516
1121 949 1319 983 cathedrali
1346 949 1571 983 contionatur
1600 949 1684 992 (365
1711 949 1809 993 695).

414 1006 526 1039 *inter
552 1005 605 1038 26.
632 1003 722 1037 Nov.
750 1005 785 1036 61
825 1002 854 1035 A
874 1001 1052 1036 Richardo
1079 1002 1122 1036 de
1148 1002 1267 1036 Khere
1294 1002 1442 1047 capituli
1469 1002 1686 1036 cathedralis
1712 1003 1916 1047 praeposito
1942 1003 1992 1037 in-

538 1058 569 1091 2.
598 1057 680 1091 Dec.
803 1053 805 1082 ³,
882 1055 1019 1089 vitatur
1047 1055 1161 1100 (695).

452 1112 535 1146 Dec.
566 1111 613 1154 (2.
641 1111 699 1144 vel
727 1111 770 1151 3.,
804 1108 964 1150 {Natalis
990 1111 1025 1143 et
1045 1109 1082 1144 C.
1108 1109 1250 1143 litteras
1276 1109 1450 1154 publicas,
1478 1120 1567 1153 quas
1593 1109 1636 1143 de
1662 1109 1813 1153 collegio
1839 1109 1992 1144 dotando

499 1167 539 1199 ut
564 1164 722 1208 videtur)
806 1176 807 1197 l
885 1165 921 1196 et
954 1162 1154 1196 incohando
1187 1163 1230 1196 ab
1266 1162 1431 1207 69150090
1465 1162 1673 1197 scribendas
1705 1164 1740 1196 et
1765 1163 1913 1197 Romam
1949 1163 1992 1197 ad

886 1216 1129 1261 praepositum
1152 1216 1356 1259 generalem
1375 1215 1565 1250 Societatis
1590 1216 1784 1251 mittendas
1810 1227 1888 1251 esse
1915 1227 1993 1250 cen-

886 1271 976 1310 sent,
1002 1269 1216 1303 adumbrant
1242 1271 1277 1303 61
1304 1269 1468 1314 episcopo
1492 1269 1638 1303 tradunt
1667 1269 1750 1313 (365
1777 1269 1993 1313 693—697).

455 1325 538 1359 Dec.
569 1324 617 1367 (3.
645 1323 703 1358 vel
728 1324 772 1364 4.,
807 1323 1026 1368 1Ε915009115
1061 1323 1202 1356 litteras
1237 1323 1306 1357 sibi
1340 1322 1481 1367 placere
1515 1322 1637 1356 Natali
1672 1325 1708 1357 61
1739 1322 1776 1357 C.
1802 1323 1993 1366 significat,

502 1380 541 1412 ut
566 1376 724 1420 videtur)
808 1392 809 1426 ᾗ
886 1387 960 1409 rem
999 1379 1119 1410 tamen
1158 1378 1253 1410 certe
1292 1375 1440 1409 definire
1475 1375 1517 1409 ob
1553 1375 1757 1410 cancellarii
1796 1376 1994 1410 absentiam

887 1429 1021 1463 abnuit.
1060 1428 1200 1463 Natalis
1226 1429 1419 1470 Canisium,
1447 1440 1516 1473 qua
1543 1429 1679 1463 ratione
1707 1441 1787 1463 eum
1812 1429 1994 1472 negotium

886 1482 1054 1527 persequi
1080 1485 1251 1527 oporteat,
1279 1483 1382 1516 docet
1410 1482 1642 1525 (695—699).

541 1538 624 1572 Dec.
652 1539 684 1572 4.
807 1536 966 1570 rNatalis
1002 1539 1037 1570 et
1063 1535 1260 1577 Ximenius,
1296 1535 1436 1580 Spiram
1467 1538 1642 1580 petentes,
1678 1547 1699 1570 a
1735 1535 1772 1571 C.
1807 1535 1995 1570 discedunt

534 1644 618 1678 Dec.
641 1644 694 1677 14.
808 1665 809 1693 ᾗ
829 1642 865 1677 C.
888 1589 1274 1688 532u2t9zlg'versatu1·
1301 1642 1413 1685 (364).

439 1697 505 1731 suh
541 1698 594 1732 17.
622 1697 705 1731 Dec.
736 1694 1052 1736 (ut‘Monacllium
1089 1695 1327 1740 proficiscitur
1362 1696 1405 1729 ad
1441 1707 1498 1729 165
1534 1695 1675 1739 collegii
1708 1695 1883 1730 iuvandas
1912 1695 1996 1738 (360

535 1750 692 1794 videtur)
889 1749 985 1792 378).

536 1804 619 1838 Dec.
639 1804 696 1837 20.
810 1831 811 1842 ³
831 1803 927 1837 Duos
941 1802 1122 1837 Sociorum
1142 1801 1474 1845 ingolstadiensium
1494 1802 1717 1836 convictores
1731 1802 1767 1836 in
1782 1801 1996 1836 Societatem

810 1857 812 1860 ’
890 1856 1048 1890 admittit
1075 1856 1188 1899 (378).

596 1930 639 1934 —-
811 1899 813 1949 ζ
835 1910 870 1943 G.
899 1910 1061 1954 „Parvus
1082 1910 1317 1943 Catecleismns
1339 1906 1625 1942 Ccttlzole'corum“
1653 1909 1762 1942 latine
1787 1909 1901 1942 denuo
1928 1909 1997 1941 edi-

891 1967 951 1996 tm·
977 1964 1192 2006 Antverpe'ae
1225 1964 1316 2003 (tum
1345 1973 1367 1994 a
1394 1962 1575 2005 Plautino,
1611 1966 1685 1994 tecm
1722 1972 1744 1994 a
1771 1962 1926 2001 Bellero)
1958 1972 1999 1994 ac

895 2016 1084 2050 cracoviae
1113 2015 1343 2059 (822—823).

596 2090 641 2094 —-
813 2061 928 2103 *Idem
955 2070 1043 2103 liber
1066 2071 1266 2112 yermanz'ce
1293 2080 1412 2102 versus
1437 2080 1514 2102 cum
1533 2068 1800 2111 precationibus
1825 2073 1854 2101 et
1878 2078 1999 2100 sacra—

893 2128 1087 2156 mentorum
1116 2123 1358 2165 paenitentiae
1393 2126 1423 2154 et
1457 2122 1693 2155 eucharistiae
1720 2122 1780 2164 pie
1809 2121 1999 2163 suscipien-

892 2177 1019 2209 dormn
1045 2177 1184 2209 ratione
1205 2176 1372 2209 Coloniae
1397 2186 1419 2207 α
1449 2175 1597 2209 ΟΙιοΖῖηο
1623 2175 1811 2207 ωτσηάίίιιν
1839 2173 1952 2216 (824).

489 2232 635 2266 1116111116
661 2242 752 2265 611110
834 2228 870 2263 C.
897 2227 1085 2274 Augustae
1120 2239 1176 2262 res
1211 2228 1256 2262 ad
1291 2228 1435 2262 domum
1462 2226 1653 2261 Societatis
1687 2228 1893 2271 spectantes
1920 2237 1999 2260 con-

891 2281 1012 2316 stituit
1041 2281 1152 2324 (377).

553 2338 626 2372 Ian.
654 2338 685 2372 7.
834 2333 1019 2380 Dilingam
1045 2334 1191 2368 advenit
1219 2333 1333 2376 (377).

454 2391 519 2426 sub
547 2391 682 2425 exitum
708 2391 780 2424 Ian.
834 2388 871 2422 C.
899 2387 1050 2431 Borgiae
1076 2387 1177 2421 iussu
1203 2398 1283 2420 cum
1319 2385 1493 2420 cardinali
1520 2385 1719 2420 Truchsess
1745 2385 1788 2419 de
1815 2383 2000 2429 disciplina

892 2440 1087 2475 domestica
1122 2440 1345 2474 contubernii
1381 2438 1414 2474 S.
1442 2438 1653 2484 Hieronymi
1689 2450 1731 2473 ac
1757 2438 1800 2472 de
1825 2438 2001 2482 capitibus

892 2494 1028 2538 aliquot
1052 2493 1264 2534 litterarum,
1292 2504 1384 2536 quae
1411 2492 1454 2526 de
1480 2492 1623 2536 collegii
1640 2491 1849 2526 fundatione
1867 2490 2001 2525 dandae

892 2547 975 2588 sint,
1003 2546 1141 2581 confert
1170 2545 1294 2589 (389—
1305 2545 1402 2588 390).

526 2604 628 2639 Febr.
655 2604 710 2638 20.
835 2599 1018 2645 Herbipoli
1056 2598 1262 2634 cathedrale
1298 2598 1504 2643 capitulum,
1541 2598 1584 2631 ab
1620 2597 1785 2642 episcopo
1817 2596 2001 2636 monitum.

893 2654 1076 2688 contiones
1102 2664 1123 2686 a
1150 2652 1187 2686 C.
1213 2664 1276 2697 per
1303 2651 1623 2694 Quadragesimam
1658 2650 1694 2684 in
1725 2649 1857 2694 templo
1884 2648 2001 2683 cathe-

894 2707 984 2741 drali
1018 2705 1202 2740 habendas
1237 2708 1273 2739 et
1308 2704 1500 2747 diligenter
1534 2704 1657 2738 audire
1687 2705 1723 2737 et
1748 2702 1881 2747 scripto
1908 2701 2002 2735 exci-

894 2760 1043 2805 piendas
1069 2770 1193 2793 curare
1220 2758 1349 2792 statuit
1377 2757 1492 2800 (701).

485 2817 586 2851 Febr.
614 2817 670 2850 22.
698 2816 757 2850 vel
816 2813 873 2852 ,0.
910 2810 1133 2858 Herbipolim
1170 2810 1318 2845 advenit
1353 2813 1389 2844 et
1425 2821 1505 2844 cum
1541 2808 1720 2843 Friderico
1759 2819 1780 2842 a
1814 2806 2003 2850 Wirsberg

517 2869 622 2914 paulo
649 2872 731 2903 ante
895 2866 1060 2911 episcopo
1087 2865 1129 2898 de
1156 2863 1379 2898 contionibus
1406 2863 1578 2897 habendis
1604 2861 1681 2905 agit
1709 2861 1822 2904 (701).

530 2922 631 2956 Febr.
658 2922 713 2956 22.
837 2919 1012 2964 Episcopo
1037 2920 1204 2952 monente
1239 2916 1434 2961 capitulum
1468 2915 1597 2950 statuit
1628 2913 1863 2948 contionatori
1894 2912 2004 2946 eccle-

897 2972 971 3006 siae
998 2970 1227 3011 cathedralis,
1262 2970 1291 3004 si
1319 2981 1423 3013 quem
1451 2968 1489 3003 C.
1516 2967 1722 3013 providerit,
1758 2966 1827 3000 300
1851 2966 2004 2999 florenos

898 3035 1032 3059 annuos
1060 3024 1154 3065 dare,
1182 3025 1217 3057 et
1239 3023 1337 3056 iubet
1355 3021 1504 3056 aedilem
1523 3021 1654 3061 videre,
1682 3021 1721 3053 ut
1738 3018 1774 3052 in
1794 3018 1830 3053 C.
1850 3017 2002 3060 gratiam

898 3077 1086 3121 suggestui
1114 3076 1287 3110 ecclesiae
1314 3073 1530 3109 cathedralis
1556 3071 1773 3107 commodius
1796 3070 1939 3114 aliquod
1957 3070 2005 3104 sit

900 3130 1118 3175 operculum,
1147 3132 1183 3163 et
1209 3132 1249 3162 ut
1276 3127 1437 3170 vulgaris
1463 3126 1605 3170 quidem
1631 3126 1836 3168 suggestus,
1869 3123 1929 3167 qui
1955 3122 2005 3157 fa—

901 3183 967 3217 cile
994 3183 1130 3217 moveri
1156 3181 1279 3226 possit,
1306 3179 1515 3215 conficiatur
1543 3178 1655 3222 (704).
