2045 3471
195 175 278 216 568
452 173 546 208 Mon.
566 173 635 209 659
661 173 739 208 sive
765 184 848 217 aug.
870 174 906 217 (b
928 174 999 217 16).
1039 174 1070 207 Α
1097 174 1129 208 d.
1148 174 1205 208 27.
1224 173 1326 208 Febr.
1344 173 1389 208 ad
1414 173 1469 208 22.
1489 173 1575 208 Maii
1595 174 1696 209 1566.

192 290 287 325 dicto
313 291 481 325 mandato
515 302 642 335 parere
668 293 705 324 et
729 291 951 333 satisfacere,
988 291 1057 325 imo
1084 291 1176 335 quod
1204 291 1246 324 ob
1274 290 1393 324 varias
1424 292 1460 324 et
1485 291 1600 325 iustas
1625 291 1781 325 rationes
1806 290 1958 325 libenter

192 343 387 378 debeamus
421 346 619 388 acceptare.
655 343 749 387 quod
783 344 828 378 ad
862 345 1024 378 nostrum
1051 345 1087 378 et
1111 343 1222 378 totius
1248 342 1523 378 christianitatis
1549 344 1772 378 commodum
1799 343 1958 386 exigitur

194 399 230 430 et
263 396 482 441 praecipitur
517 408 538 430 a
572 396 816 442 superioribus
842 396 1117 431 Ecclesiasticis.
1169 396 1270 438 Quod
1304 399 1425 431 autem
1461 396 1565 430 hodie
1596 408 1665 430 non
1700 408 1889 442 possumus
1915 397 1958 431 de

195 450 260 484 hac
286 450 437 484 materia
462 449 652 484 absoluere
678 461 758 484 cras
783 450 1051 484 tractabimus.“
1106 449 1293 493 Significat
1320 449 1486 484 Canisius
1514 449 1746 492 ,iubilaeum“
1777 449 1809 484 8.
1835 450 1958 484 Martii

196 502 287 537 1566
313 514 333 536 a
359 501 393 537 S.
413 502 477 536 Pio
495 503 538 537 V.
566 503 750 544 indictum,
777 503 871 547 quod
898 515 938 537 eo
964 503 1161 547 spectabat,
1188 505 1229 536 ut
1255 502 1443 537 concordia
1468 502 1759 537 reconciliaretur
1784 502 1958 537 ecclesiae

193 555 340 599 eiusque
358 555 489 596 hostes,
508 556 671 601 inprimis
689 555 837 597 Tui-cae,
856 556 1148 601 profligarentur;
1177 568 1210 589 v,
1229 567 1338 600 supra
1364 567 1398 600 p.
1418 556 1486 590 542
1513 555 1577 589 561
1602 555 1640 597 (1.
1658 566 1688 589 0.
1707 556 1730 589 f.
1751 555 1956 599 762—80b);

192 608 327 642 bullam
346 608 491 643 iubilaei
517 608 636 654 posuit
654 610 878 643 Laderchius
895 608 917 644 l.
933 609 1013 643 0.111
1039 620 1070 643 a.
1090 609 1179 643 1566
1206 621 1238 643 n.
1257 609 1340 649 1713
1368 609 1414 644 cf.
1433 609 1541 642 etiam
1559 610 1660 642 Riess
1676 608 1698 642 1.
1714 620 1743 642 0.
1759 609 1956 643 353—354.

315 661 387 704 „De
412 661 657 707 iudulgentijs.
709 662 887 696 Hesterna
921 663 1042 696 concio
1078 662 1234 696 finaliter
1261 673 1300 696 eo
1327 662 1511 705 vergebat,
1548 664 1588 695 ut
1612 662 1714 696 nobis
1739 662 1881 706 placere
1906 662 1956 696 fa-

193 726 355 749 ceremus
389 727 521 749 nouum
547 715 720 760 scriptum
747 718 784 749 et
809 715 1034 749 mandatum“
1076 716 1118 749 de
1154 714 1317 749 iubilaeo.
1372 715 1629 760 „Propositio³.
1689 715 1810 749 Dicam
1848 715 1958 758 igitur

192 767 347 811 primum
374 779 502 802 causas
528 768 571 802 ob
598 779 688 812 quas
713 779 828 802 nouus
853 768 1008 802 mundus
1034 768 1085 802 ita
1103 767 1232 802 leuiter
1258 770 1294 802 et
1311 767 1459 802 ridicule
1477 767 1635 811 loquitur
1654 768 1696 802 de
1714 767 1958 813 indulgentijs.

194 820 214 854 2
241 820 325 864 quid
360 821 494 865 probus
519 821 746 856 Christianus
782 821 824 855 de
859 821 925 855 hoc
960 821 1104 855 credere
1141 824 1175 855 et
1211 821 1373 855 confiteri
1407 821 1536 855 debeat
1570 832 1649 855 cum
1682 823 1759 855 tota
1784 821 1956 855 Ecclesia.

194 873 214 907 3
242 884 347 917 quem
373 874 556 908 fructumb
591 886 637 908 ex
662 874 897 919 indulgentijs
923 885 1051 919 capere
1087 876 1122 908 et
1148 874 1278 908 habere
1305 874 1494 919 possimus.
1544 874 1644 916 Rogo
1670 876 1810 908 tantum
1836 885 1959 909 omnes

193 928 233 960 ut
258 928 438 971 patientes
465 931 501 961 et
518 927 764 961 fauorabiliter
790 927 945 961 audiatis
972 929 1008 961 et
1032 927 1061 961 si
1089 939 1158 961 non
1185 928 1253 961 erit
1280 927 1380 961 uobis
1407 928 1634 961 satisfactum
1658 927 1806 961 veniant
1831 927 1874 961 ad
1901 939 1958 961 me

193 982 231 1014 et
254 979 408 1014 libenter
434 980 507 1014 illis
542 980 781 1025 respondebo“
816 980 853 1023 (l.
882 992 912 1014 0.
939 981 962 1014 f.
990 979 1192 1024 812—84b).
1245 980 1369 1015 Contio
1404 980 1528 1015 habita
1562 980 1653 1014 feria
1678 980 1722 1014 Il.
1749 983 1831 1025 post
1855 980 1958 1016 Doni.

193 1032 307 1067 Palm.
329 1033 377 1076 (8.
396 1033 547 1078 Aprilis)
568 1033 602 1067 in
623 1033 775 1067 ecclesia
794 1033 991 1067 cathedrali
1011 1033 1070 1067 vel
1096 1033 1132 1067 in
1158 1033 1292 1079 templo
1319 1034 1352 1068 S.
1372 1033 1525 1068 Ioannis.
1566 1033 1618 1068 De
1645 1045 1714 1078 qua
1742 1034 1823 1067 vide
1850 1033 1957 1068 etiam

192 1085 288 1120 infra
314 1097 407 1121 mon.
426 1098 508 1130 aug.
529 1086 566 1129 (b
588 1087 660 1129 19).

316 1139 563 1181 „Jntroductio
582 1139 617 1173 in
636 1140 875 1174 Ρει3310110111ᾒι
915 1139 1035 1182 „Quod
1054 1139 1098 1173 ad
1116 1151 1231 1173 meam
1251 1151 1437 1185 personam
1456 1141 1613 1185 pertinet
1629 1139 1781 1174 libenter
1798 1139 1957 1173 viderem

193 1194 229 1225 et
254 1193 469 1226 sustinerem
496 1194 536 1226 vt
570 1193 662 1227 alius
698 1195 795 1227 esset
829 1192 896 1226 hoc
930 1192 1006 1226 loco
1043 1192 1191 1236 dignior,
1226 1193 1374 1238 peritior
1409 1196 1445 1227 et
1470 1193 1572 1227 vobis
1599 1194 1744 1236 gratior,
1780 1193 1841 1236 qui
1866 1192 1959 1226 hanc

193 1256 341 1288 grauem
376 1248 413 1279 et
445 1246 666 1290 praeclaram
701 1246 889 1280 materiam
916 1245 1017 1279 vobis
1052 1257 1248 1290 proponere
1284 1249 1319 1280 et
1344 1246 1526 1291 explicare
1552 1246 1697 1291 possit.“
1755 1246 1960 1288 „Hactenus

193 1298 229 1331 in
247 1309 378 1342 genere
396 1310 507 1343 quare
525 1298 675 1333 libenter
703 1300 740 1333 et
757 1299 960 1333 desiderose
979 1297 1205 1333 Christianus
1223 1299 1346 1333 audire
1365 1299 1491 1333 debeat
1510 1299 1552 1333 de
1570 1300 1736 1344 passione
1754 1299 1896 1333 domini.
1910 1324 1918 1333 .
1930 1325 1937 1332 .
1951 1326 1959 1333 .

193 1350 297 1385 Nunc
333 1351 376 1385 ad
409 1363 483 1386 rem
518 1352 644 1397 ipsam,
680 1352 828 1386 diuisuri
856 1351 1060 1396 passionem
1087 1352 1122 1385 in
1148 1354 1244 1386 tresc
1270 1353 1468 1393 conciones,
1504 1352 1619 1396 prima
1644 1351 1814 1386 tractabit
1839 1352 1882 1385 de
1907 1351 1958 1385 in-

192 1415 321 1448 gressu
355 1404 432 1449 ipso
467 1405 656 1450 passionis.
711 1405 782 1446 ,De
817 1405 918 1439 horto
953 1405 1011 1439 uel
1047 1406 1088 1439 de
1116 1405 1241 1439 vltimo
1277 1406 1375 1439 exitu
1403 1405 1535 1439 Christi
1570 1417 1696 1450 nempe
1731 1416 1752 1438 a
1778 1416 1888 1439 coena
1912 1416 1958 1438 an

193 1457 286 1491 denn
312 1457 477 1492 oelberch
496 1485 503 1492 .
523 1460 559 1492 et
592 1458 666 1492 illic
702 1459 869 1492 inuentus
904 1459 1059 1493 traditus
1094 1462 1129 1493 et
1165 1458 1441 1503 comprehensus
1477 1459 1551 1492 est“
1584 1458 1622 1501 (l.
1649 1470 1678 1492 0.
1706 1459 1730 1492 f.
1757 1457 1956 1501 87b—922).

195 1509 319 1545 Contio
355 1511 476 1545 habita
512 1512 629 1545 estin
655 1511 788 1556 templo
815 1511 1023 1546 cathedrali.
1075 1512 1130 1546 Ex
1156 1512 1196 1546 P.
1222 1511 1351 1546 Natale
1387 1512 1625 1555 cognoscitur,
1663 1511 1843 1546 Canisium
1880 1522 1957 1545 eam

193 1563 362 1599 habuisse
397 1564 488 1598 feria
514 1564 556 1599 V.
584 1565 618 1598 in
655 1564 772 1599 Coena
806 1564 947 1599 Domini
982 1566 1060 1599 sive
1090 1566 1142 1599 11.
1172 1565 1307 1610 Aprilis
1336 1566 1425 1599 1566
1461 1567 1542 1609 post
1576 1564 1771 1605 meridiem,
1806 1576 1958 1609 eumque

193 1628 255 1662 per
281 1617 369 1651 duas
395 1617 455 1651 vel
480 1620 554 1652 tres
580 1617 687 1652 horas
713 1618 847 1652 dixisse
876 1618 925 1661 (v.
952 1630 1060 1663 supra
1087 1630 1119 1663 p.
1140 1619 1237 1661 561).

317 1670 389 1712 „De
416 1670 558 1704 Christo
593 1671 636 1705 ad
663 1671 803 1704 Annam
839 1671 977 1706 ducto.“
1031 1672 1083 1705 De
1110 1672 1232 1705 eodem
1258 1671 1302 1705 ad
1330 1671 1502 1715 Caipham
1529 1671 1635 1705 ducto
1662 1674 1698 1705 et
1724 1682 1787 1715 per
1811 1671 1956 1705 Petrum

193 1725 336 1766 negato.
391 1723 462 1766 „De
489 1723 631 1758 Christo
658 1724 763 1758 ducto
790 1724 833 1758 ad
860 1724 1017 1758 Pilatum
1043 1726 1079 1758 et
1105 1724 1313 1758 Herodemf
1366 1725 1437 1766 „De
1464 1725 1587 1769 poenis
1613 1724 1778 1759 Christi.“
1828 1723 1960 1766 „Docet

195 1775 325 1810 Petrus
341 1804 347 1810 .
365 1804 371 1809 .
388 1804 395 1811 .
411 1776 581 1821 peccandi
608 1778 831 1811 occasionem
857 1789 936 1811 esse
953 1805 959 1811 .
977 1805 982 1810 .
999 1805 1005 1811 .
1022 1777 1056 1811 in
1083 1777 1174 1811 aulis
1202 1777 1400 1821 principum
1420 1778 1557 1811 versari
1583 1777 1643 1811 ubi
1663 1777 1827 1811 Christus
1853 1776 1958 1811 facile

193 1831 358 1872 negatur,
385 1830 564 1864 mundana
577 1830 590 1850 ‘¹
610 1832 790 1871 curantur,
818 1830 916 1864 salus
935 1831 1074 1864 animae
1100 1830 1327 1875 postponitur
1345 1830 1500 1864 maxime
1519 1842 1599 1864 cum
1625 1830 1705 1874 quis
1722 1830 1959 1864 introducitur

195 1881 239 1916 ab
265 1881 421 1916 ancilla¹
455 1882 490 1916 id
517 1885 572 1917 est
598 1883 756 1917 auaricia
782 1894 874 1927 quae
909 1883 1047 1917 radix
1083 1883 1282 1917 omnium
1318 1883 1543 1917 malorum
1556 1883 1578 1917 2.
1629 1884 1760 1917 Petrus
1794 1883 1830 1916 in
1865 1883 1958 1917 aulis

195 1934 395 1979 principum
430 1935 529 1980 peior
563 1936 681 1970 factus
707 1938 780 1970 est“
815 1936 852 1979 (1.
881 1948 909 1971 c.
936 1936 960 1970 f.
988 1935 1188 1978 942—97b).
1241 1935 1410 1980 Sequitur
1441 1936 1480 1978 „3
1508 1937 1624 1970 contio
1651 1936 1693 1970 de
1720 1937 1738 1970 7
1767 1936 1896 1970 Verbis
1921 1936 1956 1969 in

195 1989 321 2022 cruce“
336 1994 358 2022 θ.
411 1988 575 2023 Canisius
601 1989 745 2022 tertiam
772 1989 863 2023 hanc
890 1989 932 2023 de
958 1990 1123 2034 passione
1142 1989 1277 2023 Christi
1303 1989 1503 2024 contionem
1529 1990 1580 2024 sic
1607 1990 1808 2024 exorditur:
1840 1989 1961 2032 „Nous

194 2043 314 2085 potest
348 2041 416 2076 dici
452 2043 487 2076 et
519 2041 643 2076 haberi
670 2042 916 2083 Christianus,
951 2043 1012 2086 qui
1046 2054 1115 2076 non
1150 2043 1269 2085 magni
1305 2042 1394 2077 facit
1419 2054 1521 2077 suum
1549 2043 1796 2087 Carfreytag.“
1853 2042 1958 2084 „Pro-

194 2095 334 2139 positio.
377 2095 593 2139 Priusquam
618 2095 805 2129 ueniamus
831 2096 876 2129 ad
895 2096 914 2129 7
933 2095 1043 2130 verba
1060 2096 1246 2130 uideamus
1271 2095 1511 2130 humilitatem
1538 2099 1574 2130 et
1592 2096 1804 2141 patientiam
1823 2095 1957 2130 Christi

194 2149 431 2182 monstratam
449 2148 485 2182 in
503 2160 617 2189 cruce,
645 2148 666 2182 2
684 2149 859 2192 quomodo
877 2148 912 2182 iu
931 2148 1133 2182 humilitate
1159 2160 1261 2183 suam
1288 2149 1444 2183 ostendit
1469 2149 1621 2192 gloriam
1647 2151 1683 2183 et
1708 2149 1953 2183 maiestatem“

199 2199 236 2242 (1.
265 2211 293 2234 0.
321 2200 345 2235 f.
372 2201 597 2244 ΕΗΒ-1008).
648 2202 809 2245 Utraque
844 2202 962 2235 contio
998 2202 1033 2235 in
1059 2202 1192 2246 templo
1219 2202 1417 2236 cathedrali
1443 2201 1567 2236 habita
1592 2214 1670 2237 esse
1698 2202 1850 2236 videtur.
1902 2201 1956 2235 Ex

197 2253 236 2287 P.
263 2253 393 2288 Natale
428 2254 670 2298 intellegitur,
706 2254 889 2289 Canisium
925 2255 1014 2289 feria
1040 2254 1100 2288 VI.
1128 2256 1163 2288 in
1194 2255 1396 2289 Parasceve
1430 2255 1507 2290 sive
1545 2256 1597 2290 12.
1624 2255 1760 2300 Aprilis
1789 2255 1878 2289 1566
1913 2255 1957 2288 de

195 2306 360 2351 passione
380 2307 512 2341 Christi
539 2308 628 2342 duas
655 2308 837 2342 contiones
863 2307 1030 2343 habuisse
1056 2308 1091 2342 in
1117 2308 1232 2352 iisque
1251 2309 1407 2352 quinque
1432 2308 1539 2343 horas
1565 2308 1828 2353 consumpsisse
1858 2307 1957 2351 (vide

196 2370 305 2404 supra
330 2372 364 2405 p.
383 2361 481 2403 561).

318 2413 383 2455 „Jn
410 2413 466 2447 die
492 2413 526 2448 S.
554 2413 763 2448 Paschatis“
793 2414 870 2448 sive
899 2414 953 2448 14.
980 2414 1114 2459 Aprilis
1142 2415 1242 2448 1566.
1290 2415 1590 2459 „P1·opositio....
1643 2414 1741 2458 Rogo
1768 2425 1890 2448 omnes
1916 2417 1957 2448 vt

196 2465 325 2499 dicatis
350 2465 453 2500 hodie
480 2469 516 2500 et
541 2466 707 2510 cogitetis
733 2479 778 2501 ex
803 2467 992 2512 scripturis
1027 2468 1153 2501 Haec
1188 2468 1291 2501 dies
1326 2479 1458 2512 quam
1494 2467 1616 2501 fecit
1649 2467 1864 2501 dominus
1891 2466 1954 2511 [Ps

199 2518 275 2559 117,
310 2517 381 2562 24].
440 2519 541 2553 Sicut
574 2519 690 2553 Dauid
724 2521 877 2564 primum
913 2520 1042 2554 cecinit
1077 2522 1112 2554 et
1147 2520 1251 2554 hodie
1285 2521 1355 2554 imo
1390 2532 1452 2564 per
1487 2523 1599 2555 totam
1634 2522 1799 2554 octauam
1833 2522 1956 2554 cantat

197 2570 368 2606 Ecclesia.
419 2572 450 2606 2.
488 2572 577 2606 Deo
612 2573 773 2615 gratia
808 2573 885 2617 qui
921 2573 1053 2607 dedit
1087 2573 1222 2607 nobis
1248 2574 1503 2607 victoriam
1540 2585 1619 2618 per
1645 2573 1802 2606 Jesum
1829 2572 1953 2607 Chri-

197 2625 318 2658 stum
354 2624 585 2660 dominum
618 2628 832 2660 nostrum
869 2625 899 2670 [1
931 2625 999 2660 Cor
1027 2627 1080 2667 15,
1108 2626 1178 2670 57].
1230 2627 1250 2660 3
1286 2628 1325 2660 ut
1359 2638 1438 2660 cum
1465 2626 1590 2671 Marijs
1624 2625 1758 2670 pascha
1792 2628 1953 2660 nostrum

196 2676 265 2710 rite
291 2676 541 2712 celebremus.“
591 2678 827 2720 „Mariarum“
858 2682 976 2713 autem
1002 2679 1143 2713 nomine
1162 2679 1311 2713 Mariam
1330 2679 1580 2722 Magdalenam
1607 2681 1643 2712 et
1660 2678 1808 2711 Mariam
1829 2678 1953 2712 Jacobi

196 2729 388 2772 significat,
414 2742 506 2774 quae
530 2731 566 2764 in
593 2731 780 2775 evangelio
807 2732 875 2766 diei
903 2732 977 2775 (Mc
1006 2732 1059 2772 16,
1089 2733 1192 2774 1—7)
1222 2734 1430 2777 comparent
1456 2732 1494 2775 (l.
1522 2743 1550 2765 c.
1578 2732 1602 2766 f.
1632 2731 1876 2774 woh—103³).

320 2783 442 2824 „Feria
460 2783 481 2817 2
500 2784 708 2819 Paschatis“
729 2785 807 2819 sive
828 2785 881 2819 15.
896 2785 1030 2829 Aprilis
1051 2786 1151 2820 1566.
1191 2785 1262 2826 „De
1288 2786 1548 2819 resurrectione
1575 2783 1708 2818 Christi
1735 2786 1771 2816 et
1795 2784 1949 2818 nost1·a.“

205 2834 355 2875 „Postea
381 2836 423 2869 de
449 2836 663 2880 Euangeli0“
695 2838 763 2871 diei
793 2838 829 2880 (1.
858 2850 886 2871 c.
914 2838 938 2872 f.
968 2838 1216 2880 103b—105¹·).

325 2925 352 2957 a)
374 2929 432 2952 Hoc
452 2937 475 2953 v.
496 2929 531 2953 ab
551 2930 613 2960 ipso
636 2931 663 2955 Γ.
684 2931 712 2954 in
734 2932 866 2961 maryine
894 2931 1021 2962 positum
1043 2935 1092 2956 est.
1203 2930 1232 2962 b)
1262 2930 1379 2956 fructus
1404 2931 1490 2962 Iibr.‚·
1514 2930 1646 2962 sequitur
1671 2928 1716 2959 de,
1742 2937 1758 2953 α
1779 2930 1844 2954 libr.
1874 2930 1953 2954 oblitt

200 2967 227 2995 (0
247 2967 282 2990 In
301 2972 445 2993 comment.
465 2971 597 3001 sequitur
615 2970 728 3002 partes,
748 2972 953 2997 oblitteratum.
1024 2971 1053 3003 d)
1073 2971 1185 2997 munda
1204 2973 1269 2996 libr.
1343 2973 1371 3003 e)
1393 2973 1475 2997 Hanc
1496 2972 1711 3002 inscriptionem
1733 2972 1761 2994 C.
1781 2978 1834 2995 sua
1856 2979 1952 2996 υιαηιι.

197 3008 304 3038 posuit.
379 3008 407 3040 f)
428 3011 487 3034 Hoc
507 3019 530 3035 v.
553 3015 578 3036 et
598 3013 704 3043 omniu,
723 3021 794 3044 quae
814 3016 983 3044 sequuntur,
1003 3014 1038 3038 ab
1060 3015 1120 3044 ipso
1142 3015 1170 3039 C.
1190 3014 1300 3044 scripta
1321 3017 1395 3038 snm.

324 3152 331 3169 ¹
361 3151 412 3184 Cf.
440 3152 475 3185 Io
504 3154 556 3194 18,
586 3154 627 3188 16
656 3155 708 3188 17.
854 3157 866 3176 ²
895 3158 908 3191 1
939 3156 1016 3190 Tim
1045 3158 1075 3196 6,
1106 3158 1158 3191 10.
