2045 3471
475 191 571 226 Mon.
589 193 658 227 906
683 193 762 227 sive
787 205 862 228 var.
885 194 974 237 (26).
1016 195 1180 230 Exeunte
1206 207 1297 230 anno
1318 198 1418 232 1566.
1737 202 1820 244 849

65 310 273 359 gestaret,
318 309 346 350 il
380 310 506 363 quale
538 311 621 352 fusi
653 311 807 354 idoneo
840 327 929 367 per,
963 314 1006 355 in
1039 328 1142 357 casu
1175 316 1463 367 necessitatis,
1497 318 1733 371 battezare‚
1777 322 1822 362 et

65 370 333 426 insegnassja
372 374 414 416 la
456 374 649 417 dottrina
681 376 937 427 Christiana,
980 379 1335 435 deehiararebff]
1369 381 1500 423 etiam
1542 383 1568 424 l'
1593 384 1820 438 euangelio

66 438 280 485 currente,
323 440 367 479 et
404 438 534 481 fussic
570 440 782 483 instructo
825 456 882 483 un
923 457 1031 497 poco
1071 444 1114 485 in
1157 446 1464 496 controuersie‚
1506 447 1535 488 il
1578 448 1706 500 quale
1736 449 1821 491 fusi

65 513 186 541 come
218 502 467 545 coadiutore
501 517 524 545 0
556 505 753 547 ministro
777 506 845 548 del
877 508 1101 561 parrocho,
1137 512 1181 551 et
1212 510 1327 552 nella
1350 511 1547 554 absentia
1569 526 1648 554 sua
1673 517 1821 567 posset

65 564 287 607 continere
328 567 497 620 plebem
534 568 577 610 in
611 570 750 612 officio
783 572 894 619 fidei,
943 573 1226 624 obedientiae,
1271 578 1315 617 et
1356 575 1524 617 vnionis
1557 577 1819 629 Catholicae,

64 631 109 670 et
141 631 166 670 a
199 632 351 682 questo
392 632 478 674 fusi
519 633 742 687 assignato
775 649 832 676 vn
874 636 1000 678 buon’
1024 637 1238 692 stipendio
1280 640 1479 682 aceioche
1511 641 1548 682 si
1589 645 1820 696 puotesero

63 696 240 735 trouare
272 709 456 749 persone
497 698 775 743 sufficienti..
802 735 810 742 .
836 734 845 743 .
880 700 1040 750 Questo
1073 702 1150 744 che
1192 703 1246 745 ho
1280 704 1400 747 detto
1441 719 1546 759 pare
1583 708 1820 760 puotrebbe

63 772 142 800 sua
165 759 329 802 santita
347 762 570 803 conceder'
587 763 640 805 ad
658 767 842 818 tempus,
868 766 1003 808 donec
1022 768 1146 822 copia
1169 771 1285 811 esset
1307 769 1487 811 aliorum
1511 771 1819 815 ministrorum.

181 839 332 881 Natalis,
368 853 431 875 cur
457 845 491 876 et
528 845 701 886 quomodo
736 844 824 879 haec
850 847 1025 890 praestari
1060 849 1209 892 possint,
1245 849 1407 893 pluribus
1433 851 1552 885 verbis
1579 853 1820 894 demonstrat:

63 902 156 935 quae
181 892 239 926 hic
256 905 326 927 non
344 906 445 939 pono,
473 897 557 939 quia
575 897 617 930 ad
638 896 819 932 Canisium
837 898 931 933 haud
953 900 1001 933 ita
1019 911 1128 946 prope
1147 902 1340 943 accedunt;
1367 906 1513 938 exstant
1529 905 1553 939 l.
1572 917 1602 940 c.
1621 906 1819 941 344—345.

64 943 163 979 Haec
188 947 329 980 tantum
357 947 505 982 adnoto:
543 949 708 984 Canisius
743 951 888 985 ineunte
915 964 946 987 a.
967 953 1058 987 1563
1093 954 1199 988 etiam
1228 955 1490 990 Ferdinandum
1517 957 1543 992 Ι.
1570 958 1819 1003 imperatorem

63 1001 260 1039 monuerat,
286 1010 306 1033 a
333 1001 482 1034 concilio
508 1001 701 1036 tridentino
727 1006 824 1038 recte
850 1004 966 1049 ipsum
993 1009 1114 1050 petere
1140 1019 1254 1051 posse,
1294 1012 1352 1050 „ut
1379 1008 1561 1044 Parochus
1587 1023 1680 1045 vnus
1706 1012 1818 1047 duab:

63 1051 209 1096 praeficj
237 1052 422 1098 Parochijs
458 1057 576 1098 queat,
612 1056 727 1099 quoad
763 1057 856 1091 alius
882 1057 1065 1092 Ecclesiae
1091 1060 1254 1095 minister
1288 1062 1435 1097 idoneus
1461 1064 1679 1108 reperiatur¹⁴
1713 1065 1818 1108 (Can.

181 1157 333 1201 Borgias
351 1159 383 1193 8.
403 1160 558 1194 Ianuarii
579 1162 669 1196 1567
696 1163 859 1206 promisit
875 1175 914 1198 se
933 1164 975 1198 de
997 1165 1222 1210 „pluralitate
1241 1167 1524 1212 parochiarum“‚
1552 1169 1633 1204 dum
1653 1171 1819 1206 catholici

63 1210 210 1254 parochi
236 1223 306 1245 non
331 1215 566 1257 suppeterent
591 1214 744 1258 singulis
769 1217 958 1260 parochiis,
994 1219 1219 1253 concedenda
1245 1232 1326 1254 cum
1361 1221 1526 1266 pontifice
1552 1226 1714 1258 acturum
1741 1236 1820 1259 esse

63 1265 99 1296 et
125 1263 237 1298 Roma
264 1265 318 1299 26.
346 1265 530 1300 Februarii
560 1268 648 1302 1567
675 1268 795 1303 Natali
822 1269 976 1315 scripsit,
1012 1283 1085 1304 rem
1121 1273 1253 1317 scripto
1290 1274 1403 1308 eidem
1430 1276 1713 1311 commendatam
1741 1289 1819 1312 esse

65 1315 171 1361 (Epp.
191 1318 314 1352 Nadab
339 1319 389 1353 111
417 1320 486 1354 364
511 1320 730 1364 401Q402).

63 1449 173 1487 906
201 1452 278 1487 sive
304 1453 577 1500 va1·.(26).
651 1455 818 1492 Exeunte
844 1466 938 1492 anno
964 1457 1057 1494 1566.

180 1528 237 1562 Ex
254 1529 472 1576 archetypis,
491 1543 511 1565 a
531 1532 569 1566 P.
584 1531 718 1567 Didaco
733 1533 893 1568 Jimenez
911 1535 1056 1579 scriptis
1074 1538 1109 1570 et
1127 1547 1147 1570 a
1162 1536 1199 1570 P.
1216 1537 1433 1582 Hieronymo
1447 1538 1576 1574 Natale
1593 1540 1818 1588 subscriptis.

62 1581 146 1667 CoId.
178 1582 280 1669 ῃΕΝὲ
309 1595 342 1616 11.
365 1584 428 1617 171
461 1584 527 1619 172
555 1585 595 1629 (f.
616 1586 699 1620 5228ι
726 1586 823 1627 525).
875 1587 993 1622 Etiam
1023 1588 1082 1631 (ex
1116 1589 1241 1623 iisdem
1270 1590 1492 1636 archetypis)
1521 1593 1556 1626 in
1584 1593 1671 1639 Epp.
1699 1596 1820 1630 Nadal

64 1634 96 1667 Il
141 1634 209 1669 378
237 1636 256 1669 3
284 1635 434 1671 8—389.

183 1711 252 1745 PP.
280 1713 424 1755 Mamas
458 1718 486 1746 et
515 1715 693 1759 Cam'sius,
729 1717 901 1750 Austriae
926 1722 955 1750 et
985 1719 1199 1752 Germaniae
1223 1722 1423 1763 superioris
1450 1724 1648 1766 praepositi
1674 1727 1819 1767 procin-

61 1764 180 1807 ciales‘,
216 1766 255 1798 P.
283 1766 409 1799 Natali
442 1769 618 1801 visitatori
647 1770 874 1812 persuadent,
910 1775 947 1802 ut
983 1771 1170 1804 dimidiam
1205 1773 1341 1816 horam,
1377 1786 1483 1817 qaam
1516 1777 1667 1820 sinyule's
1701 1778 1820 1812 diebus

63 1818 196 1860 vesperi
233 1819 269 1851 ίη
299 1821 493 1853 orationem
529 1822 684 1864 impendi
709 1823 744 1856 S.
765 1823 982 1856 Franciscus
1008 1825 1162 1867 Boryias
1191 1829 1416 1868 praepositus
1446 1830 1622 1872 =ameralis
1657 1832 1817 1870 Iusserat,

65 1871 115 1903 ita
142 1872 254 1904 dividi
278 1874 450 1914 patiatur,
488 1879 525 1906 ut
552 1885 622 1907 uno
649 1876 849 1918 quadrante
875 1881 955 1909 ante
981 1888 1111 1921 cenam,
1147 1879 1258 1912 altero
1285 1884 1365 1913 ante
1390 1882 1586 1915 decubitum
1614 1888 1756 1926 oretum·
1788 1887 1819 1919 si

63 1925 156 1956 enim
185 1929 265 1966 post
291 1936 411 1958 cenam
437 1927 588 1959 dimidia
622 1927 712 1961 hora
748 1930 923 1962 orandum
949 1930 1004 1973 sit,
1040 1941 1156 1964 omnes
1180 1933 1255 1973 fere
1279 1934 1415 1975 fratres
1440 1935 1619 1976 dornn're;
1656 1937 1692 1969 id
1726 1939 1819 1981 quod

64 1978 113 2009 ita
139 1987 174 2009 se
198 1977 324 2011 habere
351 1979 494 2012 Natala's
519 1981 712 2022 experitur.
755 1982 909 2024 Boryias
933 1983 1138 2016 divisionem
1162 1986 1300 2027 probat.
1347 1987 1458 2028 Quam
1482 1989 1625 2021 Natalis
1650 1991 1753 2023 etiam
1778 1992 1817 2024 in

62 2030 204 2072 colleye'o
230 2033 433 2073 moquntino
458 2035 637 2075 permittit.

181 2109 230 2150 P.
254 2110 540 2164 Hieronymus
573 2112 743 2154 Natalis
773 2113 989 2156 societatis
1019 2116 1210 2157 visitator
1242 2117 1461 2171 ⁴lloyuntia
1494 2122 1564 2161 20.
1591 2120 1819 2163 Februarii

65 2173 180 2214 1567
211 2174 364 2215 Sancto
400 2175 626 2217 Francisco
660 2177 712 2218 cle
743 2177 904 2232 Boryza
940 2182 1180 2234 praeposito
1215 2184 1404 2237 99116111ἷί
1435 2186 1628 2238 scripsit:
1668 2185 1817 2234 Quello

62 2236 141 2278 che
172 2240 297 2279 tocca
328 2239 372 2280 13
398 2238 441 2281 Ρ.
467 2239 517 2281 V.
542 2239 610 2281 del
643 2245 942 2284 mancamento
976 2243 1014 2284 d'
1039 2245 1234 2287 oratione
1266 2245 1309 2287 in
1332 2245 1591 2302 Alamagnia
1623 2250 1818 2292 conside-

62 2315 171 2344 raua
202 2302 242 2344 io
280 2303 396 2345 assai
437 2304 552 2346 nella
584 2305 941 2359 Congregatione,
983 2308 1055 2361 gia
1096 2323 1173 2363 per
1213 2313 1329 2352 tutto
1372 2311 1408 2353 si
1448 2312 1494 2369 fa
1535 2313 1562 2354 l'
1586 2314 1734 2357 ordine
1775 2316 1817 2357 di

64 2367 221 2419 quella,
256 2370 299 2409 et
331 2370 364 2409 s'
385 2370 406 2409 e
439 2369 649 2422 aggionta
681 2374 809 2412 mezz'
832 2371 940 2414 hora
954 2373 978 2423 ¹,
1022 2376 1067 2415 et
1099 2374 1297 2417 ordinato
1331 2375 1408 2418 che
1441 2377 1545 2419 tutti
1578 2379 1707 2431 quelli
1740 2380 1817 2422 che

63 2444 148 2472 non
188 2431 330 2473 hanno
372 2432 486 2475 fatto
518 2434 728 2488 essercitij
760 2435 789 2476 li
821 2436 989 2478 faccino
1003 2438 1032 2487 2,
1075 2440 1118 2480 et
1150 2439 1301 2481 fattasi
1341 2441 1553 2494 diligenza
1584 2443 1625 2484 in
1661 2444 1815 2488 aiutar'

63 2495 150 2537 alla
183 2496 378 2539 oratione
413 2512 497 2539 non
529 2499 620 2540 solo
652 2500 765 2541 nelle
798 2501 1096 2557 eshortationJ',
1130 2517 1199 2545 ma
1223 2504 1353 2546 etiam
1377 2506 1491 2548 nella
1513 2508 1652 2561 praxi,
1687 2511 1731 2552 et
1762 2510 1817 2552 ho

63 2560 166 2603 dato
198 2561 368 2603 alchuni
403 2563 524 2615 punti
559 2578 634 2617 per
665 2566 811 2607 tutto³
844 2566 921 2607 che
953 2580 1001 2608 so
1032 2567 1175 2610 hanno
1199 2568 1365 2611 aiutato
1399 2571 1440 2612 13
1473 2572 1537 2613 0111
1572 2574 1695 2627 copia
1717 2588 1816 2617 sara

185 2652 212 2677 a)
234 2648 279 2671 Ita
302 2648 329 2671 in
351 2648 429 2673 arch.
444 2653 601 2674 correctum
617 2653 657 2674 esc
677 2650 896 2682 esinsegnaro.
970 2651 999 2684 b)
1021 2654 1067 2678 Sic
1080 2655 1177 2683 arch.,·
1197 2656 1399 2687 rorriqendum
1419 2665 1479 2682 esse
1493 2657 1679 2684 dechiarassi
1693 2661 1816 2687 suadent

60 2691 88 2712 et
107 2696 181 2720 quae
201 2689 382 2719 antecedunt,
402 2692 427 2713 et
448 2698 520 2721 quae
539 2694 708 2722 sequuntur.
807 2693 832 2724 c)
854 2694 914 2718 Hor·
934 2702 957 2719 v.
972 2703 1060 2719 mann
1081 2696 1197 2720 Natalis
1216 2704 1307 2728 supra
1331 2705 1444 2722 versum
1463 2699 1602 2730 srriptum
1622 2704 1672 2725 est.

62 2808 131 2830 non
158 2799 279 2837 erunt3
311 2797 429 2831 suffici
456 2797 594 2841 possint
620 2799 727 2832 etiam
754 2798 935 2843 coniugati
962 2800 1058 2835 vitae
1084 2802 1264 2846 probatae,
1292 2803 1479 2839 dummodo
1506 2817 1573 2840 11011
1601 2806 1744 2851 bigami,
1771 2810 1813 2844 ad

62 2860 104 2883 ea
123 2849 241 2883 munia
259 2849 420 2883 obeunda
439 2850 565 2891 idonei,
584 2852 620 2884 et
638 2851 698 2894 qui
716 2851 924 2894 Tonsuram,
952 2855 988 2887 et
1014 2853 1174 2889 habitum
1194 2855 1394 2890 clericalem
1414 2857 1447 2891 in
1468 2858 1628 2894 Ecclesia
1647 2863 1809 2904 gestent“

64 2901 198 2944 (Sessio
227 2901 353 2942 XXIlI,
382 2914 411 2937 c.
433 2903 473 2935 17
501 2903 543 2936 de
569 2903 663 2946 ref.).

183 2955 193 2974 ¹
220 2954 379 2997 Borgias,
407 2955 580 2989 facultate
607 2967 636 2990 a.
660 2957 748 2991 1565
774 2968 795 2991 a
820 2958 977 2992 secunda
995 2958 1279 3003 Congregatione
1306 2963 1462 3005 generali
1482 2968 1642 3009 accepta,
1669 2978 1699 3001 a.
1722 2965 1813 3003 1566

61 3007 308 3047 constituerat,
345 3010 385 3041 ut
414 3007 546 3051 singuli
582 3008 615 3042 in
643 3011 835 3053 posterum,
870 3014 1012 3055 praeter
1046 3012 1146 3047 binos
1172 3015 1400 3058 quadrantes,
1436 3017 1563 3060 quibus
1598 3020 1744 3055 meridie
1779 3023 1815 3055 et

62 3060 203 3105 vesperi
233 3072 402 3102 „examen
429 3061 684 3096 conscientia&
713 3062 824 3101 fieret.
851 3064 978 3098 cotidie
1005 3076 1107 3099 mane
1133 3078 1196 3111 per
1221 3069 1294 3102 tres
1320 3069 1548 3112 quadrantes,
1576 3083 1724 3117 vespere
1750 3085 1813 3119 per

62 3124 171 3147 unum
196 3114 355 3152 orarent:
384 3113 486 3158 plura
512 3126 544 3148 v.
564 3125 672 3159 supra
698 3127 731 3160 p.
750 3116 829 3151 296.

180 3166 193 3185 ‘2
217 3165 308 3199 Vide
335 3166 421 3211 Epp.
450 3168 570 3200 Nadal
596 3167 644 3201 lV
671 3168 750 3203 329.
896 3171 908 3190 ³
934 3170 1024 3205 Vide
1052 3171 1138 3216 Epp.
1159 3174 1279 3207 Nadal
1306 3174 1352 3207 IV
1380 3175 1577 3210 569—593.

132 3230 438 3262 Braunsbergem
460 3230 570 3257 Canisii
592 3231 745 3265 Epistulae
767 3234 797 3259 et
814 3233 896 3259 Acta.
921 3233 956 3261 V.
1482 3235 1526 3268 54
