2077 3461
701 204 846 248 Dilinga
875 205 929 239 10.
956 204 1056 238 Febr.
1087 203 1190 238 1565.
1780 204 1833 244 13

190 327 240 369 D.
274 325 525 368 Cunradusl
556 324 752 378 inprimis
786 323 964 366 facessit
996 322 1171 365 Rectori
1204 321 1439 375 negotium,
1476 321 1575 363 dum
1607 320 1839 363 abundat

73 393 125 435 in
164 405 258 433 suo
299 391 504 440 sensu2‚
548 392 592 432 et
633 389 766 431 libere
807 388 971 430 iudicat
1012 388 1123 442 apud
1168 400 1215 428 se
1257 389 1302 428 et
1333 386 1495 428 fratres
1537 386 1590 427 de
1621 386 1751 427 rebus
1783 385 1837 427 ad

73 455 429 512 gubernationem
461 454 775 509 spectantibus.
828 453 1015 495 Difficile
1047 455 1114 495 est
1145 451 1208 493 illi
1239 451 1384 493 facere
1417 451 1538 500 satis,
1572 450 1701 492 facile
1733 463 1838 503 que-

73 522 194 572 ritur,
228 523 273 563 et
304 519 448 562 nescio
481 533 564 572 quo
591 520 761 560 demum
785 518 993 572 adspirat,
1038 517 1223 559 Miratus
1246 530 1338 558 sum
1363 530 1458 557 cum
1482 515 1564 557 huc
1587 515 1837 557 accederem

72 586 276 641 primum,
326 584 437 638 quod
478 583 655 626 Rectori
696 583 958 633 minaretur,
1001 596 1047 624 se
1087 595 1172 623 non
1213 581 1318 622 mihi
1359 580 1656 622 confessurum
1697 593 1836 632 neque

73 654 175 694 uota
208 652 515 692 renouaturum
549 649 694 690 esse3:
735 648 837 689 alibi
869 661 915 689 se
947 661 1087 702 posse,
1122 646 1254 689 etiam
1286 645 1441 688 relicta
1474 645 1705 695 Societate,
1741 658 1836 686 cum

72 716 215 757 fructu
247 714 410 757 seruire
441 713 653 768 proximo,
687 712 756 754 hic
788 726 949 766 paucos
982 712 1076 754 dari
1108 711 1187 753 sibi
1221 711 1454 760 auditores,
1488 724 1572 751 non
1605 711 1837 763 suppetere

73 780 311 823 cubiculum
343 779 437 830 soli,
480 779 630 821 deesse
663 777 993 820 commoditates
1027 780 1108 820 etc.
1173 777 1293 818 Haec
1324 776 1451 818 iussit
1483 774 1585 816 mihi
1617 788 1695 828 per
1727 774 1837 815 Rec-

72 849 211 888 torem
252 844 422 898 exponi,
464 847 508 887 et
548 845 703 898 postea
744 856 888 884 coram
931 841 1132 896 exposuit
1173 841 1266 895 ipse
1308 854 1496 894 quoque,
1539 840 1719 889 inultas,
1762 838 1837 880 sed

74 909 194 965 parui
228 924 333 951 sane
365 909 572 951 momenti
604 908 804 961 querelas
837 907 1089 949 obtendens.

189 974 343 1017 Adfuit
385 977 530 1017 autem
579 973 681 1015 mihi
724 972 954 1022 Dominus,
1004 973 1052 1014 ut
1096 971 1355 1013 reddiderim
1398 970 1519 1012 illum
1561 968 1836 1017 sedatiorem,

74 1043 206 1092 utque
238 1054 334 1081 cum
371 1039 580 1081 fratribus
622 1038 719 1091 alijs
752 1037 1066 1079 confessionem
1102 1040 1146 1079 et
1178 1036 1503 1078 renouationem
1538 1048 1708 1076 sacram
1740 1047 1837 1087 per-

74 1105 225 1159 egerit.
279 1104 470 1158 Optabat
494 1104 540 1146 P.
563 1103 753 1145 Aloisius
766 1104 796 1153 4,
829 1103 942 1144 hunc
975 1103 1131 1143 bonum
1166 1104 1210 1143 et
1233 1101 1418 1143 difficilis
1442 1102 1624 1142 naturae
1647 1099 1837 1141 Patrem.

74 1169 145 1223 qui
176 1183 254 1211 sua
285 1168 550 1223 pertinacius
582 1168 625 1209 in
647 1167 907 1222 disputando
932 1166 1164 1208 defendere
1187 1167 1336 1215 soleta,
1370 1179 1510 1218 neque
1537 1165 1699 1218 optimo
1722 1164 1836 1217 patri

75 1233 294 1287 multoque
327 1233 507 1276 doctiori
539 1233 760 1286 Theologo
794 1234 838 1274 et
869 1231 1125 1286 philosopho
1158 1231 1209 1273 D.
1235 1231 1421 1272 Torrez5
1454 1231 1607 1272 cedere
1640 1228 1734 1270 uult
1766 1227 1837 1269 ubi

74 1312 250 1341 necesse
290 1298 424 1341 foret:
467 1299 649 1352 optabat
688 1297 879 1351 inquam,
921 1296 1039 1338 illum
1082 1296 1311 1338 transferri
1346 1296 1556 1337 Viennam
1591 1293 1834 1346 aliquando,

74 1366 118 1406 et
149 1364 231 1405 huc
263 1363 377 1406 mitti
409 1363 609 1417 aliquem.
655 1363 781 1405 Certe
813 1362 855 1404 in
881 1361 1112 1404 Germania
1144 1360 1386 1402 huiusmodi
1410 1360 1648 1402 Germanos
1681 1357 1833 1411 magis,

75 1443 201 1482 quam
234 1429 349 1480 alibi,
382 1428 618 1483 periclitari
652 1431 697 1471 et
727 1428 987 1470 insolescere
1018 1427 1172 1469 iudico

192 1494 256 1535 De
288 1495 345 1537 M.
379 1495 592 1536 Erasmo6
624 1494 795 1536 Saxone
827 1507 911 1534 non
953 1495 1162 1546 repetam,
1206 1505 1316 1544 quae
1358 1493 1401 1533 et
1437 1490 1530 1544 ipse
1561 1488 1746 1543 scripsit,
1791 1490 1835 1529 et

74 1559 140 1601 his
181 1559 358 1601 adiunxi
399 1573 502 1612 ego,
544 1573 684 1601 meam
725 1558 850 1600 simul
893 1557 936 1599 in
978 1571 1028 1599 eo
1070 1557 1230 1611 scripto
1266 1556 1489 1610 explicans
1531 1553 1791 1596 sententiam
1806 1554 1834 1595 7.

76 1624 233 1666 Parum
273 1624 451 1678 spiritus
491 1624 533 1665 in
576 1638 625 1666 eo
667 1626 850 1666 cernunt
890 1623 1070 1673 fratres,
1115 1621 1313 1675 quamuis
1353 1621 1494 1662 minus
1536 1633 1665 1673 quam
1707 1621 1837 1661 antea

75 1688 310 1731 Nicolaus8
350 1689 542 1731 offendat
572 1689 615 1730 in
648 1691 831 1731 externo
864 1687 1078 1730 conuictu.
1143 1687 1242 1729 Sine
1275 1700 1434 1740 sponsa
1466 1700 1549 1726 non
1583 1685 1676 1726 uult
1708 1683 1838 1725 miser

75 1753 240 1805 uiuere,
281 1767 361 1796 nec
401 1754 599 1808 agnoscit
639 1768 849 1803 errorem,
892 1756 940 1795 ut
981 1752 1156 1802 uellem,
1199 1752 1284 1793 imo
1325 1750 1595 1792 mendacium
1628 1763 1752 1790 suum
1793 1748 1835 1790 in

74 1818 264 1873 ipsorum
305 1822 504 1862 uotorum
543 1819 862 1873 nuncupatione
895 1818 1183 1860 commissum.
1247 1816 1289 1858 Si
1323 1819 1493 1858 tantum
1527 1815 1761 1856 Rhetorem
1794 1817 1837 1855 et

78 1884 242 1926 Graece
273 1887 505 1938 utcumque
536 1884 723 1939 peritum
756 1884 1026 1933 haberemus,
1060 1883 1259 1924 lubenter
1280 1882 1400 1923 illum
1433 1880 1671 1922 sineremus
1703 1878 1835 1927 abire,

77 1963 202 2002 quem
234 1949 343 1992 satis
374 1950 503 1992 etiam
537 1948 901 1991 ualetudinarium
924 1947 1209 2002 experimurb.
1263 1947 1365 1988 Cum
1389 1947 1506 1987 nullo
1538 1945 1659 1999 peius
1692 1944 1837 1997 agitur

77 2029 205 2068 quam
229 2029 324 2056 cum
346 2015 426 2056 hoc
451 2015 602 2064 fratre,
636 2014 670 2056 si
693 2016 842 2056 tamen
863 2014 944 2055 hoc
966 2027 1122 2055 nomen
1144 2012 1217 2054 ille
1240 2014 1444 2062 meretur,
1479 2025 1604 2064 quem
1627 2010 1836 2051 Dominus

78 2080 121 2120 in
164 2079 305 2121 viam
351 2080 586 2122 salutis9
626 2079 825 2121 adducat.
898 2079 993 2120 Hoc
1033 2092 1164 2119 unum
1206 2077 1249 2118 in
1290 2077 1362 2118 illo
1406 2075 1680 2125 commendo,
1723 2074 1835 2127 quod

80 2145 186 2186 nolit
208 2145 370 2197 absque
392 2145 604 2188 facultate
635 2144 905 2198 superiorum
940 2143 1182 2185 discedere:
1217 2156 1295 2184 nec
1328 2145 1474 2196 posset
1508 2140 1677 2194 quidem
1711 2140 1839 2181 aliter

79 2209 133 2252 ad
166 2213 534 2252 sacramentorum
576 2224 697 2251 usum
740 2209 926 2251 admitti.
990 2209 1054 2250 De
1091 2208 1164 2249 illo
1206 2207 1340 2260 igitur
1381 2208 1622 2248 extremam
1655 2207 1837 2258 expecto

80 2274 356 2317 sententiam.

197 2339 297 2382 Fuit
325 2354 435 2381 unus
456 2340 655 2388 fratrum,
691 2339 761 2392 qui
784 2338 932 2380 multis
964 2338 1120 2379 abhinc
1152 2336 1370 2378 mensibus
1402 2335 1627 2390 pecuniam
1661 2333 1842 2375 circum-

81 2404 285 2457 gestabat
329 2405 517 2454 occulte,
571 2418 655 2446 uno
704 2404 934 2445 dumtaxat
982 2402 1153 2444 conscio
1201 2402 1362 2451 fratre,
1417 2401 1488 2453 qui
1541 2398 1717 2440 nimium
1771 2398 1842 2439 diu

200 2490 227 2518 ῖῑ)
251 2492 281 2515 In
304 2499 393 2521 marss.
414 2494 526 2522 auteur.
547 2499 634 2515 mmm
655 2499 786 2518 romanu,
806 2491 839 2513 du
860 2498 915 2521 qna
936 2498 1038 2520 supra.
1058 2490 1126 2513 adu.
1144 2490 1168 2517 72,
1190 2489 1296 2513 dictum
1318 2491 1369 2516 est,
1392 2490 1518 2511 mondum
1541 2490 1599 2511 esf:
1623 2485 1682 2510 Che
1703 2485 1723 2510 li
1744 2484 1842 2509 serilla

82 2531 100 2556 il
121 2531 218 2556 Padre
239 2531 347 2556 Rettor
366 2531 511 2564 parlando
532 2532 629 2564 prima
649 2539 704 2556 con
726 2531 757 2557 P.
776 2530 904 2556 Madrid.
945 2531 1013 2555 Vide
1035 2531 1115 2561 infra
1138 2531 1294 2561 epistulam
1316 2530 1350 2553 <le
1371 2537 1426 2560 qud
1450 2538 1479 2559 p.
1505 2531 1545 2554 12¹.
1571 2529 1639 2552 «du.
1660 2528 1683 2551 l„
1757 2525 1786 2553 b)
1808 2528 1841 2551 In

82 2582 184 2605 Μαι-9.,
206 2577 233 2597 ut
253 2582 363 2604 supra:
385 2573 440 2598 che
460 2573 485 2597 si
506 2570 648 2598 mandam]
670 2580 738 2598 uno.

206 2671 212 2688 ¹
242 2669 279 2702 P.
299 2668 483 2702 Conradus
502 2667 715 2711 Swagerius,
743 2667 945 2709 theologiae
972 2666 1171 2711 professor;
1199 2666 1241 2699 de
1269 2677 1337 2709 quo
1356 2665 1438 2697 vide
1460 2666 1546 2697 Cau.
1568 2663 1617 2696 IV
1635 2663 1736 2696 37510
1761 2663 1842 2697 420.

202 2722 214 2741 ‘²
241 2721 329 2755 Rom
358 2722 411 2761 14,
438 2722 469 2755 5.

203 2775 216 2794 ³
241 2774 445 2818 vaagerius
465 2786 508 2807 ex
527 2774 603 2819 ipso
617 2773 807 2807 Societatis
826 2773 991 2807 instituto
1006 2775 1081 2806 tum
1099 2774 1181 2805 vota
1196 2771 1363 2814 religiosa
1383 2780 1556 2803 renovare
1575 2771 1650 2802 tum
1669 2769 1841 2803 rationem

84 2827 323 2861 conscientiae
349 2828 408 2860 vel
433 2827 467 2860 in
494 2838 598 2861 sacra
624 2826 847 2860 confessione
874 2826 932 2859 vel
958 2825 1025 2859 alio
1053 2825 1154 2858 inodo
1182 2836 1245 2857 suo
1272 2823 1418 2856 reddere
1446 2822 1597 2855 debebat
1622 2822 1843 2866 praeposito:

88 2880 358 2913 Consrz'tutiones
385 2881 420 2913 S.
447 2880 587 2923 J.,'1‹]x.
616 2890 645 2913 c.
672 2880 704 2917 4,
732 2891 764 2912 n.
792 2879 951 2918 36—35);
980 2879 1017 2911 P.
1045 2879 1077 2915 4,
1105 2889 1133 2911 c.
1161 2878 1192 2915 4,
1221 2889 1253 2909 n.
1282 2877 1301 2909 ἶ)
1329 2878 1364 2909 ct
1390 2875 1441 2914 D..
1470 2886 1499 2908 c.
1531 2875 1581 2916 10,
1610 2887 1641 2908 n.
1671 2876 1702 2909 5.

203 2935 215 2953 ⁴
242 2933 294 2967 De
321 2933 510 2969 Mendoza:
540 2933 621 2966 vide
648 2944 756 2976 supra
783 2944 814 2976 p.
844 2933 874 2965 6.

205 2988 217 3005 ⁵
244 2986 281 3020 P.
309 2986 550 3030 Hieronymus
576 2985 762 3019 Turrensis
799 2987 834 3018 ct
868 2985 944 3028 ipse
979 2983 1195 3026 theologiam
1224 2982 1388 3025 Dilingac
1424 2981 1608 3016 tradebat:
1647 2981 1727 3014 vide
1757 2982 1844 3014 Can.

88 3038 135 3072 ΙΙΙ
162 3040 367 3079 519—520;
396 3039 445 3072 IV
470 3039 670 3073 430—41-32.

205 3093 216 3111 ‘²
244 3091 410 3132 Volcker‚
437 3091 626 3125 Societatis
653 3092 763 3123 fratre
789 3089 1025 3128 scholastico:
1054 3088 1096 3121 de
1123 3100 1191 3131 quo
1220 3087 1300 3121 vide
1331 3089 1416 3121 Can.
1446 3087 1493 3121 IV
1522 3086 1718 3121 702—706.

206 3145 217 3164 Τ
244 3144 342 3178 Haec
368 3144 503 3188 perisse
530 3144 706 3177 videntur.

208 3197 220 3216 ⁸
246 3197 449 3237 Servatius;
478 3197 558 3230 vide
588 3198 673 3230 Can.
703 3196 751 3229 lV
777 3196 846 3229 423
872 3195 940 3228 433
969 3194 1037 3229 500
1064 3193 1142 3227 713.
1291 3196 1303 3213 '³
1330 3195 1398 3227 Act
1427 3193 1477 3233 16,
1509 3194 1560 3227 17.
