2045 3471
202 189 286 229 554
440 186 534 219 Mon.
554 185 753 220 649-650
779 185 857 220 sive
883 197 964 228 aug.
987 185 1182 228 (116)-(1)
1202 186 1250 227 7).
1291 185 1465 219 21.—23.
1484 185 1604 219 Martii
1626 184 1727 220 1565.

323 303 489 337 canisius-
515 305 698 346 Aziyustae
722 314 913 336 sermonem
940 314 1083 337 sacrum
1112 303 1243 336 habens
1278 305 1382 336 initio
1416 314 1542 337 sacrae
1571 304 1871 347 Qnaclroyesimae
1895 305 1966 338 sive

201 360 233 390 7.
262 358 391 390 Martii
425 367 457 389 α.
487 358 578 389 1565
616 358 792 400 queritur7
828 355 921 399 quod
956 355 1060 400 multj
1096 367 1164 389 non
1200 355 1359 389 ieiunant
1387 383 1393 389 .
1422 383 1429 390 .
1458 383 1464 389 .
1492 357 1620 400 putant
1655 356 1745 390 satis
1779 368 1858 390 esse
1895 368 1966 391 non

201 409 384 444 comedere
411 419 547 448 carnes,
573 419 639 442 nec
665 407 792 442 uolunt
816 408 943 442 saltem
971 411 1026 442 ter
1043 409 1077 442 in
1105 408 1326 442 hebdomada
1345 407 1525 442 abstinere
1551 419 1571 442 a
1589 419 1708 450 coena,
1735 409 1828 453 quod
1845 412 1965 443 tamen

201 465 323 506 posset
357 460 435 505 fierj
475 461 552 494 sine
586 463 801 495 nocumento
840 463 875 495 et
913 461 1131 506 praeiudicio
1170 461 1348 495 sanitatis.
1409 462 1583 495 Similiter
1620 463 1809 495 Domim'ca
1845 463 1967 505 prima

205 515 503 557 Quadrayesimae
527 516 596 547 sive
624 517 678 548 11.
699 515 830 548 Martii
857 517 949 548 1565
976 516 1162 558 queritur:
1189 515 1289 557 Ipsos
1314 515 1419 547 etiam
1449 514 1646 547 Catltolicos
1672 516 1711 547 in,
1737 516 1872 548 ieiunio
1895 526 1966 548 ser-

201 568 317 601 vando
342 567 441 600 valde
467 568 677 610 neyleyentes
703 579 782 611 esse,
817 567 868 601 ita
904 570 945 601 ut
980 579 1024 601 ex
1051 567 1106 602 20.
1135 567 1195 600 uix
1231 578 1324 600 Vnus
1360 566 1564 600 inueniatur
1600 567 1688 600 bene
1714 567 1876 601 ieiunans
1901 567 1967 601 hoc

201 622 371 664 tempore.

204 729 309 766 649
336 731 414 765 sive
442 739 565 775 aug.
594 729 650 775 (b
675 730 750 775 6).
826 729 874 766 21.
897 729 1023 766 Martii
1048 729 1141 765 1565.

322 801 376 835 Ex
395 801 570 835 contionis
590 801 856 840 commentario,
883 800 926 835 ab
944 800 1022 845 ipso
1042 800 1183 835 03111510
1203 800 1396 844 recognito.
1436 800 1519 835 Cod.
1535 799 1664 843 otting.
1683 800 1740 842 „L.
1756 798 1813 833 C.“
1832 799 1856 833 f.
1875 799 1968 833 132’2.

327 873 494 906 Canisius
520 874 702 914 Auffltstae
735 873 777 905 de
812 873 973 906 oratione
1006 882 1198 904 sermonem
1233 883 1375 905 sacrum
1411 872 1541 905 habens
1573 871 1851 915 simplicioribus
1881 882 1970 904 com-

203 926 354 965 mendat,
383 930 421 958 ut
449 928 485 958 in
512 926 637 959 charta
664 931 734 958 tres
759 926 936 959 orationis
954 929 1079 967 partes
1105 929 1231 958 notent.

327 991 505 1033 canisius,
533 1001 610 1023 cum
630 991 811 1033 Auqustae
838 991 894 1031 (in
922 990 1049 1032 templo
1070 989 1278 1031 parochiali
1303 990 1338 1022 S.
1358 990 1509 1022 Iocmm's
1527 990 1721 1032 Baptistae,
1747 992 1785 1021 ut
1811 989 1968 1029 ridetur)

204 1044 299 1085 feria
335 1044 398 1077 IV.
431 1048 511 1087 post
546 1044 774 1077 Dominicam
807 1044 858 1076 ΙΙ.
889 1043 1190 1086 Quadroyesimae
1223 1043 1293 1075 sive
1327 1045 1384 1076 21.
1412 1043 1544 1075 Martii
1571 1045 1661 1076 1565
1698 1043 1761 1085 „de
1787 1039 1968 1075 oratione“

206 1098 487 1140 contionaretmy
514 1097 609 1140 haec,
631 1101 778 1139 praeter
804 1097 890 1139 alia,
918 1096 1192 1129 commendavit:
1227 1095 1275 1129 Ut
1302 1095 1459 1129 breuiter
1484 1095 1601 1129 sciant
1627 1094 1808 1139 simplices
1835 1093 1970 1138 oraturj

206 1149 335 1183 debent
369 1149 510 1183 adferre
544 1148 751 1183 schedulam
786 1148 845 1182 uel
880 1148 1040 1182 chartam
1078 1149 1113 1181 in
1144 1159 1213 1191 qua
1240 1148 1444 1182 scribantur
1468 1150 1544 1183 tres
1569 1148 1684 1182 lineae
1713 1148 1748 1181 1³
1773 1147 1971 1181 benedic

206 1202 359 1236 anima
396 1213 492 1236 mea
530 1202 792 1241 domin0“¹;
833 1201 946 1235 oratio
985 1201 1077 1235 enim
1117 1201 1310 1245 incipiatur
1348 1203 1489 1245 oportet-
1525 1212 1545 1234 a
1584 1201 1781 1243 gratiarum
1821 1200 1970 1234 actione.

211 1255 268 1297 „22³
292 1254 386 1288 linea
413 1255 520 1288 Dixi
548 1255 825 1289 confitebor
851 1255 1105 1288 aduersum
1132 1265 1196 1287 me
1224 1254 1524 1288 iniustitiam
1552 1265 1691 1287 meam
1720 1253 1971 1293 D0n1in0“‘-';

206 1308 307 1352 sequi
333 1308 427 1342 enim
453 1308 559 1342 debet
584 1311 810 1353 peccatorum
839 1307 1015 1342 confessio
1042 1309 1077 1340 et
1104 1306 1305 1341 detestatio.
1362 1307 1413 1349 „3.
1439 1307 1533 1340 linea
1569 1309 1642 1340 est:
1679 1306 1858 1340 Reuela
1892 1305 1971 1340 Do-

206 1361 327 1394 mino
362 1361 485 1394 uiam
519 1363 644 1395 tuam
680 1364 725 1395 et
760 1373 899 1405 spera
934 1361 978 1394 in
1015 1372 1063 1394 eo
1101 1363 1143 1393 et
1180 1361 1282 1404 ipse
1319 1360 1497 1394 faciet3
1532 1359 1620 1404 psal.
1648 1360 1692 1394 36
1728 1361 1767 1393 ut
1792 1359 1827 1393 111
1853 1359 1972 1404 specie

207 1425 384 1459 proponas
409 1414 474 1459 tibj
510 1417 643 1459 puncta
671 1415 712 1448 de
740 1414 868 1458 quibus
895 1414 950 1448 uis
976 1413 1170 1447 orationem
1197 1414 1316 1446 facere
1343 1413 1419 1447 siue
1446 1425 1509 1457 pro
1535 1416 1571 1447 te
1597 1413 1674 1447 siue
1700 1424 1762 1457 pro
1788 1412 1870 1457 alijs
1895 1412 1972 1446 siue

206 1479 270 1512 pro
296 1467 401 1500 malis
426 1467 584 1501 uitandis
610 1468 687 1501 siue
713 1479 775 1512 pro
801 1467 904 1501 bonis
930 1466 1200 1510 consequendis.

210 1575 316 1612 650
344 1578 422 1611 sive
450 1586 572 1621 aug.
598 1575 654 1621 (b
674 1576 748 1621 7).
824 1576 880 1612 23.
899 1575 1023 1611 Martii
1053 1575 1142 1611 1565.

328 1648 381 1682 Ex
401 1648 575 1682 contionis
602 1647 867 1688 commentario,
895 1647 938 1681 ab
957 1647 1034 1691 ipso
1053 1646 1195 1681 Canisio
1215 1646 1408 1688 recognito.
1446 1644 1529 1679 Cod.
1548 1645 1676 1688 otting.
1699 1646 1756 1687 „lh
1774 1645 1830 1679 C.“
1853 1645 1878 1679 f.
1896 1646 1972 1680 140.

333 1719 498 1753 Ccmisius
517 1720 697 1762 Anyustoe
722 1730 738 1752 e
762 1729 864 1752 sacro
889 1722 1047 1761 szcyyestu
1076 1718 1259 1760 queritur:
1285 1718 1443 1760 Reynmn
1464 1718 1532 1749 Dea·
1557 1717 1701 1758 auferri
1718 1727 1740 1749 a
1763 1716 1974 1756 Germanis;

210 1773 272 1815 qui
297 1773 522 1815 Scrz'pticram
551 1777 794 1815 corrumpant,
820 1773 922 1814 fidem
948 1772 1120 1813 deserant,
1148 1773 1170 1803 2
1195 1775 1330 1803 tantum
1357 1773 1580 1803 sacramenta
1607 1770 1806 1812 admittant,
1843 1769 1973 1802 clerum

209 1830 239 1857 et
264 1825 350 1868 leyes
375 1836 492 1858 omnes
518 1829 749 1859 contemnunt.

333 1889 498 1923 Cam‘se'ns
524 1901 620 1923 anno
647 1892 739 1922 1565
767 1891 949 1932 Aecynstae
976 1889 1033 1929 (in
1070 1889 1210 1921 eccles-ia
1241 1888 1449 1931 parochiali
1476 1888 1510 1920 S.
1531 1888 1681 1920 Ioannis
1707 1888 1899 1929 Baptistae,
1939 1892 1975 1920 nt

210 1943 367 1983 videtur)
406 1942 542 1985 Euang.
570 1942 746 1976 Matthaei
772 1942 827 1975 21.
855 1941 897 1975 de
925 1941 1038 1974 Vinea
1066 1942 1139 1982 (Mt
1165 1943 1222 1984 21,
1250 1942 1410 1981 33—46)
1436 1941 1532 1982 feria
1560 1941 1617 1973 VI.
1643 1945 1722 1983 post
1748 1941 1973 1973 Dominicam

211 1996 260 2029 II.
290 1997 590 2039 chadrayesimae
617 1996 693 2035 (223.
720 1996 870 2035 Martii)
898 1995 1091 2038 explicans,
1118 1995 1203 2027 haec
1229 1995 1269 2027 de
1294 1995 1411 2027 verbis
1438 1994 1512 2026 illis
1542 1993 1677 2027 Christi
1704 1994 1926 2036 „Auferetur
1951 2004 1974 2026 a

210 2049 305 2082 vobis
330 2060 477 2092 regytzum
504 2047 592 2082 Deff‘
621 2050 694 2089 (Mt
719 2051 776 2092 21,
804 2049 868 2088 43)
896 2048 1078 2081 auditores
1111 2052 1245 2080 monet:
1283 2046 1376 2080 Nota
1411 2045 1506 2080 clare
1543 2045 1580 2079 in
1615 2046 1796 2089 germanis
1831 2044 1972 2090 implerj

210 2100 298 2135 haec
334 2102 444 2135 verba
479 2104 514 2135 et
547 2101 694 2146 proinde
729 2101 833 2135 ualde
867 2100 968 2134 nobis
1004 2100 1231 2133 metuendam
1267 2099 1359 2133 hanc
1394 2098 1615 2144 prophetiam
1651 2101 1822 2142 tantoque
1857 2098 1974 2140 magis

210 2155 350 2198 quando
384 2155 547 2189 uidemus
582 2166 715 2199 paucos
749 2153 807 2188 uel
843 2153 959 2187 nullos
994 2153 1186 2187 fructus
1222 2153 1384 2195 regn?2
1420 2152 1511 2196 apud
1547 2162 1611 2185 nos
1637 2152 1672 2185 in
1698 2154 1850 2195 utroque
1875 2153 1974 2185 statu

210 2218 414 2252 superesse:
451 2207 520 2242 Vbi
546 2219 639 2241 nunc
667 2210 722 2241 est
747 2218 816 2251 quo
843 2206 1038 2250 gloriamur
1065 2206 1213 2240 uerbum
1240 2205 1316 2250 Dej,
1353 2205 1444 2249 quod
1470 2215 1653 2248 nunquam
1678 2204 1747 2238 fuit
1772 2204 1888 2248 magis
1914 2204 1974 2238 ob-

210 2263 393 2294 scuratum
412 2261 448 2295 in
467 2261 623 2303 glossisa
641 2262 677 2294 et
695 2260 927 2295 falsificatum
945 2260 980 2293 in
999 2262 1103 2293 textu
1128 2263 1164 2292 et
1182 2270 1391 2304 peruersum
1409 2269 1430 2292 a
1447 2257 1624 2303 sectarijs,
1650 2257 1743 2291 male
1761 2259 1973 2302 vsurpatum

211 2324 231 2346 a
257 2314 378 2356 vulgo.
406 2314 436 2348 2.
464 2314 524 2359 vbj
560 2325 653 2348 nunc
687 2313 777 2347 fides
810 2316 933 2347 nostra
969 2313 1116 2356 antiqua
1150 2323 1236 2346 uera
1271 2311 1472 2352 Catholica‚
1509 2322 1599 2354 quae
1633 2321 1813 2354 nunquam
1849 2309 1975 2344 habuit

210 2367 362 2401 maiores
387 2367 518 2408 hostes,
537 2367 774 2409 abnegatores
800 2370 836 2400 et
853 2366 974 2411 plures
992 2367 1256 2410 contemptores
1274 2376 1315 2398 ac
1332 2364 1652 2408 blasphematores.
1678 2375 1794 2397 nonne
1812 2363 1974 2397 aufertur

211 2431 231 2452 a
256 2420 357 2454 nobis
383 2420 500 2463 gratia
519 2419 797 2454 Sacramentalis
823 2431 902 2453 cum
929 2419 992 2453 uix
1018 2419 1086 2453 duo
1112 2418 1213 2452 nobis
1239 2416 1738 2461 relinquunturSacramenta
1765 2418 1800 2450 et
1817 2416 1973 2460 quinque

210 2472 384 2506 tolluntur
412 2475 448 2507 et
473 2472 534 2507 illa
553 2473 620 2507 duo
638 2485 707 2507 non
726 2474 905 2516 integ1·a.⁵
931 2474 963 2506 4.
990 2484 1105 2506 nonne
1133 2471 1296 2505 aufertur
1322 2482 1342 2504 a
1367 2470 1468 2504 nobis
1494 2470 1578 2504 ordo
1597 2469 1884 2509 Ecclesiasticus,
1911 2468 1971 2513 quj

210 2526 261 2558 ita
287 2528 514 2570 contemptus
539 2527 642 2567 iacet,
677 2537 858 2569 nunquam
885 2525 954 2559 fuit
980 2526 1096 2567 magis
1123 2524 1277 2566 exiguus
1303 2526 1339 2557 et
1364 2523 1546 2566 indignius
1571 2522 1725 2556 habitus.
1753 2522 1784 2555 5.
1811 2521 1973 2555 aufertur

210 2578 334 2622 politia
360 2590 439 2612 cum
466 2578 604 2612 nullum
630 2579 787 2612 ordinem
814 2578 934 2612 nullas
959 2578 1058 2622 leges
1084 2577 1242 2617 ferimus,
1269 2577 1473 2610 libertatem
1492 2587 1614 2609 omnes
1640 2574 1860 2619 postulanta
1879 2575 1972 2617 iugo,

210 2631 303 2664 inter
337 2642 375 2665 se
410 2632 592 2665 discordes
626 2631 825 2676 principes,
860 2631 1071 2676 praesertim
1109 2641 1200 2674 quae
1235 2630 1416 2674 pertinent
1449 2629 1492 2662 ad
1527 2627 1764 2662 obedientiam
1790 2626 1973 2661 Ecclesiae

212 2682 365 2717 debitam
392 2684 480 2717 nihil
506 2687 686 2725 curantur,
714 2686 749 2718 et
775 2685 891 2718 onmia
918 2686 1001 2718 sunt
1027 2683 1197 2717 abusibus
1223 2683 1326 2728 plena
1354 2684 1461 2726 atque
1489 2681 1677 2715 erroribus.

331 2755 357 2783 a)
377 2752 472 2784 glosis
493 2754 559 2778 libr.

333 2847 343 2866 ¹
370 2847 416 2880 Ps
446 2848 521 2888 102,
552 2849 566 2881 1
597 2848 617 2881 2
643 2848 706 2881 ⁶22:
736 2848 813 2889 103,
845 2849 872 2881 1.
990 2849 1002 2867 ²
1028 2848 1076 2881 Ps
1103 2848 1157 2887 31,
1184 2847 1217 2881 5.
1330 2848 1341 2865 ³
1367 2846 1415 2879 Ps
1442 2846 1496 2885 36,
1524 2846 1554 2878 5.
1666 2846 1677 2863 ⁴
1704 2844 1758 2877 Mt
1785 2844 1839 2884 ⁴21,
1866 2844 1922 2878 43.

331 2899 344 2917 ⁵
370 2899 557 2940 Luthems,
584 2912 662 2934 cum
691 2900 882 2944 aliquando
905 2900 974 2934 tria
992 2903 1218 2934 sacramenta
1237 2919 1279 2921 —
1298 2898 1525 2943 baptismum,
1552 2896 1818 2941 poenitentiam,
1844 2896 1972 2930 eucha-

212 2950 350 2983 ristiam
377 2969 421 2974 —-
448 2963 526 2986 esse
561 2952 722 2993 dixisset,
758 2954 793 2986 in
822 2953 1045 2987 Catechismo
1081 2952 1214 2986 maiore
1246 2952 1464 2996 baptismum
1489 2953 1629 2984 tantum
1656 2951 1692 2982 et
1717 2949 1971 2982 eucharistiam

213 3005 438 3036 sacramenta
456 3015 475 3037 a
495 3004 636 3038 Christo
655 3005 821 3040 instituta
846 3005 914 3039 dici
940 3017 1044 3050 posse
1063 3005 1228 3039 asseruit.
1264 3004 1435 3038 Similiter
1452 3002 1660 3044 Zwingliani
1687 3004 1722 3035 et
1740 3001 1971 3036 Calvinistae.

214 3053 279 3094 Qui
315 3066 435 3089 omnes
471 3057 684 3090 sacrificium
721 3058 1008 3099 eucharisticum,
1045 3057 1496 3095 transsubstantiationem,
1530 3055 1709 3089 Christum
1745 3055 1811 3088 sub
1837 3054 1971 3098 specie—

212 3106 279 3139 bus
305 3107 552 3142 eucharisticis
575 3109 682 3142 etiam
703 3112 804 3143 extra
823 3110 1061 3154 sumptionem
1088 3111 1313 3154 praesentem
1331 3109 1512 3151 negabant
1529 3107 1587 3141 vel
1613 3107 1720 3141 etiam
1746 3110 1972 3141 sacramenta

213 3158 308 3191 nuda
326 3161 463 3192 tantum
484 3160 585 3202 signa
604 3172 682 3194 0550
701 3161 884 3196 docebant.
920 3162 1179 3206 Anabaptistae
1198 3162 1305 3194 etiam
1323 3161 1539 3205 baptismum
1557 3171 1746 3204 puerorum
1765 3159 1971 3194 reiciebant.
