2045 3471
513 191 606 225 Mon.
626 191 813 226 863—864
839 190 917 225 sive
942 190 1011 227 litt.
1033 189 1253 234 (12)-(13).
1296 190 1396 225 1566.
1747 191 1831 233 803

73 321 189 354 quem,
225 321 305 344 cum
340 311 444 343 extra
477 309 601 343 urbem
637 308 913 350 contionaretur,
946 307 1076 353 populo
1103 307 1353 349 distribueret,
1392 309 1433 341 ut
1464 307 1507 341 ad
1534 307 1716 342 doctrinae
1742 306 1833 341 chri-

72 362 210 396 stianae
237 362 513 407 explicationem
540 374 619 396 eum
643 361 821 402 alliceret;
848 361 995 395 minoris
1021 363 1141 395 autem
1167 360 1377 395 catechismi
1403 360 1576 395 canisiani
1602 362 1638 394 et
1664 360 1834 394 volumen

71 418 108 449 et
133 416 287 460 pretium
312 427 382 449 non
409 426 488 449 esse
514 417 587 449 tam
614 415 763 455 modica,
791 416 831 448 ut
856 414 970 448 multa
996 414 1073 448 eius
1099 414 1265 459 exempla
1290 413 1459 458 colligere
1486 416 1522 448 et
1544 425 1665 448 secum
1685 413 1832 447 circum·

72 468 165 502 ferre
191 471 312 513 posset
339 469 401 511 (ex
426 467 679 512 autographo).

190 520 319 555 Nescio
355 533 399 555 an
433 521 526 555 hanc
561 521 770 555 catechismi
806 520 978 555 canisiani
1013 520 1203 555 editionem
1235 520 1498 564 significaverit
1523 519 1752 555 doctissimus
1777 519 1835 553 vir

73 576 226 608 Ioannes
254 575 407 608 Carolus
431 576 564 608 Boi-ms
591 574 737 617 (Bovio;
775 574 820 608 cf.
852 574 938 608 Can.
966 573 1016 607 lV
1042 573 1125 617 370)
1164 573 1455 618 archiepiscopus
1481 573 1724 607 brundusinus
1752 571 1833 616 (Ca-

72 627 201 661 nisium
229 627 288 661 hic
314 640 344 661 a.
367 628 457 662 1562
484 628 519 661 in
546 627 695 662 concilio
721 627 915 661 tridentino
942 627 1156 671 cognovisse
1182 626 1353 670 videtur),
1381 638 1460 660 cum
1486 626 1688 660 Brundusio
1717 626 1833 667 (Brin-

73 680 156 722 disi)
197 681 228 714 6.
256 680 376 714 Martii
407 681 496 715 1566
531 681 681 714 Romam
720 680 762 714 ad
803 680 841 714 P.
874 680 1043 714 Ioannem
1078 680 1120 714 de
1156 679 1321 721 Polanco,
1360 679 1551 714 Societatis
1588 679 1832 719 secretarium,

72 732 293 768 *scriberetz
325 733 410 776 „Fui
436 734 576 767 auisato
603 733 661 767 dal
688 733 804 768 Padre
832 733 1053 776 Bouadiglia,
1090 732 1144 767 ch’
1161 744 1221 767 era
1247 734 1404 778 capitato
1430 733 1466 766 in
1491 744 1597 767 mano
1623 732 1680 767 del
1706 731 1834 776 Signor

72 786 313 820 Arciuescouo
340 786 373 820 di
395 787 477 820 Bari
503 786 706 831 un'piegho
733 787 766 820 di
793 787 921 820 lettere
946 786 1166 821 mandatomi
1192 786 1236 820 da
1251 786 1293 820 V.
1314 785 1528 820 Reuerentia
1555 798 1619 820 con
1645 786 1713 820 due
1732 785 1834 820 Cate-

72 839 199 874 chismi
226 840 350 873 dentro
378 839 433 873 del
459 839 564 874 buon'
580 840 689 884 padre
716 839 868 881 Canisio,
895 839 920 873 il
947 839 1031 883 qual
1056 851 1119 884 per
1145 850 1263 873 errore
1290 839 1328 872 fu
1355 840 1479 883 aperto
1505 839 1549 872 da
1575 839 1609 873 S.
1628 838 1662 872 S.
1690 838 1833 872 creden-

73 892 161 933 dosi,
196 891 261 926 che
289 904 439 926 uenesse
466 894 486 926 a
513 892 572 933 lui,
608 893 861 936 aggiungendo
888 892 953 927 che
980 894 1053 926 cosi
1080 894 1203 937 aperto
1229 892 1277 925 nii
1304 891 1336 926 lo
1363 892 1533 926 mandera
1567 903 1633 926 con
1659 891 1693 925 la
1718 891 1834 936 prima

73 945 280 980 comodita.“
336 945 380 979 Se
415 957 501 980 vero
527 946 587 979 diu
613 946 755 990 quidem
791 948 1021 990 exspectasse
1056 947 1092 979 et
1125 944 1341 990 compluries
1375 944 1643 989 archiepiscopo
1678 944 1834 980 bariensi

76 998 246 1041 (Antonio
273 999 315 1033 de
343 998 470 1041 Puteo)
499 998 647 1033 Romam
674 1000 835 1043 profecto
861 998 1068 1043 scripsisse:
1108 1009 1222 1042 neque
1254 1001 1375 1032 tamen
1401 997 1613 1032 fasciculum
1639 997 1740 1031 illum
1766 998 1835 1032 sibi

74 1062 153 1086 esse
179 1051 348 1092 allatum3
376 1054 535 1085 attamen
562 1063 600 1086 se
619 1051 774 1086 Polanco
801 1063 863 1096 pro
890 1051 1131 1096 pulcherrimo
1157 1051 1218 1085 illo
1245 1052 1334 1085 dono
1361 1051 1498 1094 gratias
1523 1062 1632 1094 agere
1657 1051 1835 1085 maximas

77 1104 138 1148 (ex
164 1104 371 1150 archetypo,
398 1105 442 1139 ab
469 1105 634 1150 episcopo
660 1105 876 1150 subscripto.
931 1104 1065 1149 „Epist.
1093 1105 1211 1150 Episc.
1238 1104 1317 1139 coll.
1344 1104 1379 1138 I“
1410 1105 1433 1139 f.
1464 1105 1573 1148 192³).

75 1207 183 1245 863
210 1211 288 1245 sive
314 1209 425 1246 litt.
447 1210 575 1255 (12).
651 1209 744 1246 1566.

193 1281 350 1325 Operum
385 1281 419 1315 S.
446 1281 574 1315 Leonis
600 1281 724 1325 Magni
760 1281 877 1322 editio,
914 1292 934 1315 a
961 1280 1103 1315 Canisio
1133 1280 1288 1325 primum
1323 1291 1354 1315 a.
1383 1280 1473 1314 1546
1501 1280 1668 1315 Coloniae
1698 1283 1833 1322 curata,

73 1346 164 1368 anno
194 1335 283 1368 1566
319 1334 432 1368 denuo
460 1335 608 1368 Lovanii
635 1334 727 1379 apud
755 1334 1013 1379 Hieronymum
1039 1333 1254 1374 NVellaeum,
1290 1345 1403 1377 eaque
1429 1333 1567 1368 duobus
1592 1334 1834 1368 voluminibus

73 1388 108 1421 in
138 1388 206 1427 160,
232 1387 384 1430 vulgata
409 1389 474 1422 est.
525 1387 716 1422 Volumina
741 1387 932 1431 diligenter
957 1386 1128 1432 descripsi
1160 1387 1244 1420 Can.
1272 1386 1287 1420 Ι
1314 1386 1393 1420 222.
1443 1386 1496 1421 Cf.
1524 1386 1632 1421 etiam
1659 1389 1835 1422 Sommer-

74 1442 178 1485 τομεῖ,
205 1440 295 1474 Bibl.
323 1441 338 1474 I
365 1441 451 1481 6183
479 1441 565 1475 VIII
594 1442 694 1475 1974.

76 1549 185 1587 864
210 1552 287 1585 sive
313 1550 423 1586 litt.
445 1549 572 1596 (13).
647 1549 757 1586 Initio
784 1561 829 1586 in.
848 1550 1014 1586 Ianuarii
1039 1550 1134 1587 1566.

194 1622 247 1656 Ex
282 1622 457 1667 epistulae
492 1622 762 1664 commentario,
802 1622 845 1656 ab
883 1623 960 1667 ipso
995 1622 1158 1656 Kesselio
1194 1622 1338 1667 scripto.
1392 1621 1474 1656 Cod.
1502 1621 1613 1656 colon.
1645 1623 1752 1668 „Epp.
1788 1624 1833 1658 ad

73 1675 198 1709 Ret11.“
230 1676 253 1709 f.
283 1676 360 1710 170.
415 1675 632 1709 Particulam
668 1688 713 1709 ex
748 1675 871 1709 eodem
901 1675 1020 1720 posuit
1047 1676 1194 1708 Hcmsen
1228 1675 1250 1709 l.
1279 1686 1307 1709 c.
1335 1675 1414 1709 526.
1465 1674 1597 1719 Aliqua
1632 1687 1676 1710 ex
1712 1676 1832 1711 eodem

72 1730 327 1763 commentario
355 1729 559 1771 germanice
585 1740 691 1762 versa
717 1728 819 1773 posui
845 1728 880 1762 in
900 1727 1115 1772 „Stimmeffl
1136 1730 1202 1763 etc.
1224 1727 1336 1762 LXXI
1361 1728 1441 1762 317.
1484 1728 1614 1762 Eodem
1642 1740 1728 1764 usus
1753 1741 1833 1764 sum

74 1781 109 1815 in
141 1782 435 1824 „Katechismeffl
467 1784 534 1816 etc.
561 1782 616 1816 80.

197 1853 363 1887 Canis-&cs
401 1853 567 1885 Coloniae
602 1853 790 1895 „Summae
827 1853 1010 1885 doctrinae
1048 1850 1286 1885 cles›·iste·cmae“
1327 1853 1623 1895 recoynoscendae
1658 1864 1833 1886 summam

74 1917 217 1939 >nanum
245 1907 402 1948 ἱΙΗΡΟΙΙῘῘ.

193 1971 238 2013 Ρ.
272 1971 527 2014 Leomcrdus
559 1970 707 2012 Kessel
750 1970 791 2013 S.
825 1971 888 2019 J.‚
936 1969 1105 2023 collegii
1147 1969 1403 2011 coloniensis
1446 1971 1611 2020 rector,
1655 1970 1831 2014 Colonia

74 2050 111 2078 a.
141 2038 251 2078 1566
291 2035 466 2088 „quinta
498 2036 609 2077 feria
640 2039 739 2088 post
772 2035 963 2077 Pascha“
1001 2035 1094 2077 sive
1128 2034 1167 2077 d.
1204 2036 1271 2076 18.
1296 2034 1459 2089 Aprilis
1491 2034 1629 2076 amico
1663 2035 1830 2087 cuidam

73 2100 368 2142 ecclesiastico
391 2099 712 2152 („Venerabilis
735 2099 965 2153 Domine“)
988 2100 1107 2150 haec,
1131 2101 1308 2153 praeter
1329 2099 1428 2150 alia,
1452 2099 1648 2153 scripsit:
1678 2099 1831 2150 „Mitto

73 2167 123 2208 D.
148 2167 195 2208 T.
220 2165 528 2207 catechismum
562 2165 606 2206 P.
640 2164 797 2218 Canisij
840 2165 906 2206 cui
938 2164 1134 2206 vltimam
1177 2178 1350 2206 manum
1391 2163 1616 2218 imposuit,
1660 2166 1830 2218 quando

72 2230 158 2272 iam
190 2230 232 2271 in
266 2230 467 2272 Ianuario
500 2229 621 2271 nobis
655 2229 807 2280 adfuit,
842 2243 967 2282 quem
990 2232 1039 2270 vt
1071 2243 1125 2271 ex
1161 2227 1453 2283 [praefatione
1486 2228 1752 2284 posita]“[?]
1786 2230 1830 2271 in

72 2294 282 2350 principio
314 2294 411 2336 libri
443 2296 578 2348 patet,
618 2294 779 2336 dicauit
810 2294 969 2336 nostris
1002 2294 1287 2336 senatoribus.
1354 2294 1487 2348 Spero
1520 2294 1710 2336 libellum
1742 2295 1828 2337 iam

71 2363 138 2402 tot
170 2360 293 2402 annis
327 2360 594 2401 elaboratum
619 2363 663 2401 et
694 2359 779 2400 iam
812 2359 986 2401 tandem
1020 2360 1279 2409 absolutum,
1313 2358 1407 2400 fore
1437 2359 1559 2400 bonis
1583 2359 1829 2402 christianis

71 2425 390 2478 g1·atissi1num;
425 2425 608 2466 alterum
642 2424 886 2477 exemplum
920 2424 1039 2466 dabit
1072 2425 1121 2466 D.
1147 2424 1194 2466 T.
1219 2424 1400 2466 Domino
1435 2424 1700 2478 Praeposito,
1739 2427 1828 2467 ter-

72 2490 178 2531 tium
212 2503 314 2531 vero
349 2490 398 2531 D.
424 2488 689 2531 Scholastico
722 2489 778 2531 M.
805 2489 1036 2542 Stephano,
1080 2489 1192 2541 quod
1230 2488 1314 2529 illis
1356 2503 1433 2542 pro
1466 2490 1717 2531 munusculo
1750 2504 1827 2544 pa-

72 2555 207 2597 schali
242 2554 406 2596 mitt0.“

189 2629 318 2663 Nescio
354 2641 398 2662 an
435 2628 562 2662 Kessel
597 2630 671 2662 tres
706 2627 813 2662 hasce
844 2628 1048 2669 „Summas“
1087 2628 1225 2662 miserit
1260 2628 1533 2662 Francofurtum
1571 2630 1613 2663 ad
1641 2630 1826 2673 Moenum;

72 2684 118 2718 ibi
145 2686 242 2718 certe
269 2682 418 2715 loannes
445 2680 626 2721 Latomus,
662 2681 817 2714 decanus
852 2681 1026 2715 ecclesiae
1052 2680 1248 2723 collegialis
1275 2681 1308 2715 S.
1336 2680 1612 2722 Bai-tholomaei,
1652 2682 1828 2719 Heni-icus

72 2736 271 2779 l'hlegerus
298 2738 334 2768 et
360 2734 508 2768 lacobus
536 2733 673 2768 Sutoris
700 2735 870 2775 canonici,
907 2733 1110 2778 Stephanus
1138 2734 1280 2773 NVeber,
1316 2734 1508 2768 canonicus
1543 2738 1579 2768 et
1605 2737 1828 2772 contionator

71 2790 115 2824 ad
142 2790 175 2823 S.
197 2788 471 2826 Bartholomaei‚
499 2787 611 2821 Sociis
629 2787 733 2821 amici
760 2790 863 2821 erant
888 2790 923 2821 et
942 2786 1132 2821 Societatis
1150 2786 1341 2830 collegium
1360 2787 1620 2822 desiderabant.
1660 2790 1826 2825 Iacobum

73 2842 212 2877 Sutoris
250 2841 374 2875 lx'essel
413 2840 495 2874 olim
532 2840 697 2874 Coloniae
739 2840 870 2882 „filium
907 2840 1160 2874 confessionis“
1191 2840 1382 2881 habuerat;
1421 2840 1553 2875 Weber
1590 2843 1665 2886 (qui
1702 2846 1827 2888 postea

72 2895 280 2939 Moguntiae
307 2894 494 2938 episcopus
520 2894 768 2936 suffraganeus
800 2894 883 2935 fuit)
913 2893 1095 2927 Sociorum
1122 2893 1318 2937 discipulus
1346 2894 1464 2927 fuerat
1490 2898 1526 2928 ot
1552 2895 1713 2930 Kesselio
1741 2899 1825 2932 ami-

71 2949 155 2983 citia
181 2948 395 2990 iungebatur
425 2947 586 2989 (Han-sen
613 2946 634 2980 l.
654 2958 682 2980 c.
710 2947 793 2981 324⁴
820 2947 888 2981 373
914 2947 994 2980 466.
1036 2947 1122 2980 Can.
1151 2946 1199 2979 IV
1224 2947 1302 2980 742.
1354 2947 1471 2990 Dum,
1497 2948 1604 2982 Jes.1
1631 2950 1700 2983 412
1726 2951 1824 2992 858).

192 3001 229 3035 P.
260 3002 409 3033 Ioannes
436 3000 580 3033 ertlzetns
606 2999 639 3033 S.
660 3000 704 3040 J.,
731 2999 910 3043 gymnasii
937 3000 1013 3033 sive
1044 2999 1212 3040 „bursae“
1244 2999 1351 3033 trium
1378 3011 1587 3034 coronarum
1614 3002 1825 3037 coloniensis

72 3066 210 3098 regens,
238 3055 272 3087 in
300 3052 585 3097 ephemeridibus
611 3054 779 3086 ‘³³⁴n0tavit
805 3053 847 3085 de
874 3064 918 3086 m.
939 3051 1140 3096 Septembri
1171 3053 1277 3086 1565:
1309 3053 1368 3093 „ln
1396 3052 1509 3086 Bursa.
1536 3054 1706 3089 Montana
1732 3068 1824 3090 nunc

72 3107 204 3151 legitur
239 3107 346 3140 etiam
383 3106 494 3139 maior
528 3105 768 3139 catechismus
805 3105 957 3150 Canisij“
999 3105 1097 3144 (cod.
1135 3105 1245 3139 colon.
1279 3106 1386 3150 „Epp.
1415 3106 1457 3139 ad
1486 3106 1610 3141 Retlif
1649 3110 1671 3142 f.
1700 3110 1720 3142 3
1756 3122 1822 3144 non

191 3184 218 3213 ss)
243 3185 297 3206 Ant
318 3183 386 3206 linea·
405 3181 578 3212 supplenda,
599 3185 648 3205 ren!
672 3190 692 3205 r.
715 3181 754 3212 in,
774 3182 848 3212 qum?
869 3182 1010 3212 seqnilm',
1031 3181 1182 3206 dulemlum
1204 3190 1264 3206 (τήν
1285 3190 1390 3206 (miser).

1468 3231 1539 3263 51*
