2045 3471
199 213 284 255 294
682 209 784 244 1344.
811 208 977 243 Canisius
1004 208 1248 242 S.F1-anoisoo
1274 207 1316 241 de
1343 207 1484 250 Borgia.

198 332 450 383 tantoperea
482 341 774 381 properemus,
816 326 898 368 nisi
939 326 1066 368 rebus
1107 325 1271 367 firmius
1304 323 1609 379 constitut[is].
1672 324 1790 373 Quod
1832 337 1957 377 prae-

198 393 310 436 senti
342 393 510 446 quidem
544 405 656 434 anno
687 392 780 434 fieri
813 406 897 433 non
928 404 1056 444 posse
1089 390 1208 432 duco.
1263 389 1425 443 Scripsi
1456 389 1508 430 de
1540 389 1605 430 his
1637 389 1691 431 ad
1724 389 1770 431 P.
1795 388 1957 431 Visita-

198 461 349 506 torem,
385 458 695 510 expectaturus
729 459 773 499 et
805 455 920 497 illius
953 458 997 497 et
1028 454 1309 508 paternitatis
1342 454 1394 496 V.
1428 467 1694 507 responsum.

316 522 505 564 Jacobus
527 521 673 562 Rabus
695 521 876 562 Romam
909 519 1056 561 ueniet
1088 519 1221 568 breui,
1256 521 1300 560 et
1332 518 1521 560 fortasse
1544 532 1637 559 cum
1661 517 1957 559 Illustrissimo

198 587 415 630 Cardinali
436 586 753 628 Commendono
784 585 943 634 ueniet,
977 586 1026 626 ut
1058 583 1101 625 in
1124 583 1352 636 collegium
1378 582 1679 624 Germanicum
1702 582 1958 624 admittatur

198 652 310 694 sicut
341 655 444 694 ante
476 650 732 705 promissum
765 650 827 691 illi
859 649 942 692 fuit
967 684 975 692 .
998 653 1189 691 meretur
1212 648 1324 690 enim
1356 648 1467 689 hanc
1490 647 1690 700 gratiam,
1725 647 1796 699 qui
1822 646 1957 688 inuito

198 719 380 772 parente
413 716 560 770 magni
592 715 775 757 nominis
808 714 922 768 apud
945 714 1173 755 Vlmenses
1207 712 1427 755 Sectariob
1450 715 1494 754 et
1526 712 1827 753 concionatore
1843 713 1869 759 1,
1904 711 1958 753 ad

197 784 370 824 nostros
403 781 689 833 Dilingenses,
732 780 851 821 uelut
893 779 1005 820 alter
1045 778 1272 828 Martinus,
1316 777 1523 830 confugit,
1566 778 1615 818 ut
1654 776 1697 818 in
1738 775 1959 818 Catholica

198 847 282 888 fide
313 847 437 888 fieret
469 846 803 888 cathecumenus
818 845 848 887 2.

317 910 556 952 Cardinalis
590 911 737 951 noster
769 909 813 950 in
835 911 1054 962 postremo
1078 907 1289 961 colloquio
1322 907 1449 949 ualde
1472 906 1658 960 rogauit,
1691 909 1739 948 ut
1761 905 1958 948 Paterni-

197 976 304 1018 tatis
345 975 392 1018 T.
428 976 538 1017 bona
580 973 725 1024 uenia,
767 974 952 1015 redirem
994 987 1143 1015 mense
1185 972 1382 1026 sequenti
1407 1007 1415 1015 .
1440 986 1535 1013 cum
1580 971 1691 1013 enim
1732 971 1775 1012 in
1817 970 1958 1012 animo

198 1041 370 1090 habeat,
405 1040 741 1082 Diaecesanamc
774 1039 994 1092 Synodum
1017 1038 1218 1091 Dilingae
1252 1038 1484 1087 celebrare,
1519 1037 1565 1079 P.
1585 1035 1850 1085 VisitatoriS,
1884 1038 1960 1077 aut

198 1106 352 1147 saltem
386 1119 525 1146 meam
558 1104 777 1147 desiderat
809 1118 997 1157 operam,
1032 1103 1086 1144 ad
1119 1117 1208 1144 rem
1242 1104 1409 1144 tantam
1444 1101 1604 1144 rectius
1635 1100 1957 1143 instituendam.

198 1170 296 1212 Erit
326 1169 399 1211 ille
431 1170 552 1211 labor
584 1169 708 1211 unius
741 1169 930 1210 fortasse
962 1167 1136 1211 mensis.
1200 1167 1420 1221 Expectat
1452 1166 1583 1208 etiam
1616 1165 1835 1219 synodum
1867 1165 1959 1206 Me-

197 1234 509 1288 tropolitanam
542 1234 865 1287 Archiepiscopi
906 1233 971 1275 sui
1003 1232 1291 1285 Moguntini3‚
1334 1232 1388 1273 ad
1421 1246 1549 1285 quam
1586 1231 1860 1285 profecturus
1892 1243 1960 1271 me

199 1300 278 1342 sibi
321 1299 519 1341 comitem
552 1313 647 1341 esse
688 1299 833 1349 uellet,
877 1298 938 1340 sic
970 1298 1101 1341 etiam
1135 1297 1514 1351 Archiepiscopum
1556 1296 1801 1350 postulasse
1842 1294 1958 1338 dicit.

199 1364 304 1407 Mihi
344 1364 512 1417 gratius
552 1364 656 1405 nihil
698 1363 793 1413 erit,
836 1377 963 1417 quam
1006 1362 1299 1416 superiorumd
1339 1376 1530 1403 meorum
1569 1360 1716 1402 audire
1749 1373 1799 1402 ac
1839 1359 1959 1412 sequi

199 1428 478 1471 sentenciam.
533 1428 786 1482 Quanquam
819 1428 862 1469 in
894 1428 974 1469 hac
1006 1427 1186 1481 penuria
1209 1426 1541 1479 THeologorum
1566 1425 1739 1467 difficile
1760 1424 1960 1466 uideatur

199 1494 266 1536 his
297 1493 569 1548 praesulibus
601 1493 673 1546 qui
706 1495 806 1535 sunt
837 1493 878 1534 in
904 1493 1135 1535 Germania
1167 1491 1402 1546 praecipui,
1436 1493 1629 1532 nostram
1663 1504 1831 1531 omnem
1859 1503 1960 1544 ope-

200 1573 292 1602 ram
324 1558 367 1600 in
399 1572 446 1599 re
477 1558 589 1600 tanti
622 1557 829 1600 momenti
862 1558 1090 1610 denegare.

318 1623 581 1664 Promissum
627 1626 694 1665 est
734 1623 856 1664 nobis
899 1636 953 1664 ex
985 1622 1090 1663 urbe
1122 1621 1352 1674 aliquando
1385 1620 1626 1673 Dilingame
1660 1619 1833 1661 mittere
1871 1618 1959 1660 col-

200 1687 324 1741 legij‘
353 1687 589 1741 germanici
620 1688 823 1740 Regulas,
859 1687 1011 1740 quibus
1044 1701 1155 1728 nunc
1188 1686 1327 1739 magis
1361 1699 1549 1738 egemus,
1585 1685 1696 1737 quod
1719 1683 1959 1725 Cardinalis

202 1752 348 1806 cupiat
377 1752 603 1805 collegium
628 1753 668 1794 S.
693 1750 1044 1806 Hieronymissff]
1076 1751 1243 1804 legibus
1264 1750 1388 1792 nouis
1417 1749 1643 1791 reformari
1657 1750 1685 1791 4.
1738 1749 1960 1801 Rogamus

198 1817 343 1871 igitur,
376 1818 425 1858 ut
450 1814 684 1870 Romahff]
708 1816 883 1869 regulas
916 1816 1075 1858 diutius
1108 1817 1342 1869 expectare
1375 1827 1599 1855 necessum
1631 1827 1715 1854 non
1738 1812 1807 1854 sit.
1861 1811 1960 1853 Non

200 1883 393 1936 repetam
428 1881 526 1931 alia,
569 1895 680 1933 quae
712 1881 807 1922 fuse
839 1880 993 1934 scripsi
1026 1880 1240 1932 Dilingae,
1288 1883 1332 1921 et
1364 1879 1417 1920 de
1449 1877 1602 1930 quibus
1635 1877 1765 1919 etiam
1798 1876 1962 1918 monuii

200 1947 376 1989 Patrem
410 1945 706 1988 Visitatorem.
770 1946 1065 1999 Expectamus
1105 1944 1152 1986 P.
1179 1942 1273 1998 [V.]
1309 1957 1562 1985 consensum
1605 1941 1720 1984 circa
1752 1955 1815 1990 ea,
1850 1955 1960 1994 quae

201 2010 397 2066 promisit
429 2011 541 2052 idem
574 2010 814 2052 Cardinalis
834 2010 890 2050 *in
923 2024 999 2051 suo
1032 2010 1321 2051 instrumento
1335 2010 1364 2051 5.

320 2075 530 2118 Audimus
562 2075 725 2117 Romae
766 2074 981 2117 studiosos
1023 2073 1246 2116 societatis
1289 2076 1487 2122 nostrae,
1534 2071 1605 2125 qui
1646 2073 1878 2113 uersantur
1917 2070 1960 2111 in

202 2140 370 2193 studijs‚
412 2154 496 2182 non
528 2137 744 2193 eas[dem]
778 2139 963 2181 recitare
995 2153 1144 2193 preces
1177 2138 1382 2191 quotidie,
1426 2140 1470 2179 et
1501 2150 1679 2190 pensum
1717 2135 1822 2176 illud
1854 2149 1960 2176 non-

203 2204 332 2247 nullis
363 2204 580 2246 relaxarik
613 2207 657 2246 et
689 2204 922 2245 condonari
955 2218 980 2246 a
1003 2202 1311 2256 Confessarijs:
1346 2202 1439 2251 Qua
1461 2201 1512 2243 de
1544 2215 1590 2242 re
1614 2200 1807 2254 cupimus
1839 2199 1960 2240 reddi

323 2291 350 2319 a)
371 2291 418 2315 Ita
438 2291 504 2315 libr.
524 2290 652 2315 correxit
672 2298 709 2314 ex
729 2297 787 2322 quo
809 2289 870 2315 tam
890 2295 1030 2321 propere,
1056 2296 1128 2319 quae
1144 2288 1234 2319 prius
1253 2288 1422 2320 scripserat.
1515 2285 1544 2316 b)
1566 2288 1601 2311 In
1621 2287 1727 2311 archer.
1748 2288 1904 2311 correctum
1925 2293 1960 2310 ea:

203 2331 379 2357 Sectarium.
482 2334 507 2358 c)
529 2333 574 2356 Ita
595 2332 660 2356 libr.
681 2332 808 2356 correxit
828 2339 864 2356 ex
883 2330 1111 2359 Diaecenasum,
1131 2330 1204 2361 qnod
1224 2329 1395 2360 scripserat.
1505 2327 1534 2359 d)
1555 2329 1586 2353 V.
1605 2336 1725 2359 sequens
1744 2335 1762 2351 (ι
1781 2327 1848 2352 libr.
1866 2334 1959 2358 supra

203 2381 317 2398 versiam
337 2374 477 2404 scriptum
491 2376 540 2397 est.
608 2373 636 2401 e)
657 2371 785 2404 Diligam
804 2373 911 2396 archet.
979 2370 1008 2401 f)
1031 2372 1064 2395 In
1085 2372 1192 2395 archer.
1207 2371 1339 2401 sequitui·
1352 2370 1476 2393 alterum
1498 2368 1624 2399 collegij.
1691 2370 1721 2399 g)
1740 2367 1821 2392 idem
1834 2368 1960 2397 arohel„-

203 2415 253 2439 sed
272 2415 454 2439 scribendum
473 2416 574 2445 ficerat
593 2412 753 2444 collegium
773 2413 802 2438 S.
815 2412 993 2444 Hieronymi
1016 2413 1058 2436 vel
1072 2411 1230 2442 collegium
1250 2410 1534 2441 liie1·0n)⁷mianum;
1556 2418 1577 2434 r.
1592 2410 1674 2440 infra
1689 2410 1755 2433 αᾶη,
1769 2410 1793 2433 4.
1867 2407 1897 2439 h)
1913 2409 1959 2432 Im

204 2457 274 2485 B0.;
292 2455 466 2480 Romanas?
503 2457 536 2480 In
557 2455 732 2486 i>nay.phot.
748 2455 793 2479 hic
814 2462 914 2479 versus
934 2462 1052 2478 incolens
1073 2457 1122 2478 esc.
1197 2452 1217 2483 i)
1239 2453 1298 2477 Hoc
1320 2460 1342 2476 v.
1358 2453 1387 2476 in
1407 2452 1485 2476 arch.
1499 2459 1591 2482 snpra
1612 2458 1725 2475 versum
1745 2450 1886 2481 scriptum
1906 2453 1948 2473 est

204 2496 235 2522 k)
256 2498 291 2521 In
311 2498 416 2522 archet.
437 2505 511 2522 corr.
531 2504 567 2521 ex
586 2495 732 2521 relaxare.

327 2609 335 2628 ¹
362 2607 452 2641 Vide
478 2619 587 2652 supra
612 2619 645 2652 p.
665 2608 749 2642 201³
775 2610 809 2641 et
836 2607 929 2640 infra
954 2618 1047 2640 mon.
1067 2617 1142 2640 var.
1164 2605 1231 2648 (5).

324 2661 336 2680 2
363 2661 397 2696 S.
424 2661 602 2694 Martinus
628 2660 856 2700 Turonensis,
896 2671 995 2702 „cuni
1031 2662 1128 2692 esset
1163 2669 1335 2692 annorum
1362 2657 1494 2697 decem,
1528 2655 1651 2690 inuitis
1676 2655 1885 2699 parentibus
1915 2654 1959 2687 ad

208 2713 394 2748 ecclesiam
429 2714 591 2757 confugit
625 2725 736 2757 seque
771 2712 1066 2747 catechumenum
1101 2711 1179 2745 fieri
1208 2711 1447 2755 postulauit“:
1485 2709 1666 2751 Sulpicius
1692 2709 1848 2748 Severus,
1875 2707 1960 2740 Vita

207 2764 240 2799 S.
259 2766 404 2800 Martini
422 2778 451 2800 c.
471 2767 491 2799 2
513 2765 657 2810 (Opera,
683 2777 753 2800 rec.
775 2767 811 2800 C.
832 2767 940 2799 Halm
958 2766 983 2805 I,
1002 2764 1233 2799 vindobonae
1254 2764 1353 2805 1866,
1377 2763 1461 2802 112;
1489 2763 1618 2804 Mifflae,
1637 2761 1676 2794 Ρ.
1695 2760 1756 2794 lat.
1776 2759 1842 2793 XX
1864 2761 1958 2802 161).

326 2820 338 2837 ³
364 2819 521 2853 Danielis
548 2819 701 2852 Brendel
736 2819 779 2853 ab
815 2818 1011 2860 Homburg.
1038 2816 1323 2851 Archidioecesis
1357 2814 1566 2858 moguntina
1600 2813 1665 2846 hos
1700 2812 1854 2846 habebat
1889 2813 1959 2857 epi-

208 2872 374 2914 scopatus
411 2872 675 2915 suffraganeos:
715 2874 1064 2914 argentoratensem,
1102 2871 1361 2912 augustanum,
1400 2866 1710 2906 constantiensem,
1750 2865 1958 2905 curiensem,

210 2923 466 2966 eystadianum,
502 2924 857 2965 halberstadiensem,
892 2923 1188 2967 herbipolensem,
1224 2920 1487 2961 hildesiensem,
1522 2918 1855 2963 paderbornensem,
1890 2917 1960 2961 spi-

208 2985 357 3015 rensem,
384 2976 604 3018 verdensem,
631 2977 920 3010 vormatiensem.

328 3028 339 3046 ⁴
366 3027 542 3062 Ferebant
570 3029 625 3071 (ut
651 3030 801 3072 Borgias
830 3029 882 3063 18.
902 3028 993 3062 Iunii
1015 3028 1103 3061 1566
1124 3024 1265 3061 Canisio
1284 3024 1456 3069 scripsit),
1483 3022 1671 3066 collegium
1696 3022 1727 3057 S.
1750 3021 1958 3066 Hieronymi

209 3078 429 3121 dilinganum
455 3081 571 3114 minus
597 3093 765 3126 prospere
790 3081 993 3126 procedere,
1021 3081 1127 3124 idque
1154 3092 1204 3121 eo,
1232 3078 1323 3123 quod
1350 3076 1632 3112 adulescentium
1658 3075 1958 3109 instituendorum

209 3131 300 3164 ratio
326 3131 360 3163 in
387 3131 536 3174 collegio
563 3134 765 3175 germanico
791 3134 927 3167 usitata
953 3133 1028 3167 illic
1053 3144 1123 3166 non
1149 3133 1374 3170 serva1·etu1·;
1401 3129 1483 3163 vide
1508 3139 1617 3171 supra
1642 3139 1675 3171 p.
1702 3128 1782 3161 269.

330 3184 342 3202 ⁵
370 3184 407 3216 In
433 3184 565 3218 litteris
590 3186 810 3220 fundationis
837 3186 979 3229 collegii
1005 3184 1196 3228 dilingani:
1225 3184 1306 3217 vide
1332 3193 1440 3226 supra
1465 3192 1499 3225 p.
1525 3180 1723 3215 287—288.
