2045 3471
515 196 609 230 Mon.
629 196 696 231 686
723 196 801 230 sive
828 207 910 240 aug.
932 196 967 239 (6
984 196 1058 239 22).
1100 197 1154 231 13.
1173 196 1260 231 Maii
1281 197 1382 232 1566.
1745 197 1828 238 589

66 315 161 357 coll’
180 314 519 357 Ambasciadore
552 314 621 356 del
652 314 716 356 Re
748 314 960 357 Cattolico
992 315 1148 357 huomo
1181 315 1316 366 sauio,
1351 329 1374 357 e
1406 315 1574 358 zelante
1607 315 1705 357 dell'
1725 328 1831 356 onor

66 379 109 421 di
125 379 207 422 Dio
222 380 248 430 ¹,
273 379 340 421 col
362 379 485 422 Card.
510 380 548 421 d'
567 378 782 432 Augusta,
806 380 873 421 col
885 379 1054 421 Nunzio
1068 379 1097 430 2,
1122 393 1145 422 e
1167 394 1246 421 con
1269 380 1521 434 Monsignor
1542 379 1828 422 Lancellotto.

66 458 89 486 e
121 443 200 486 che
231 444 274 485 in
307 458 472 486 somma
503 444 531 485 l'
550 443 748 498 opinione
781 443 822 485 di
854 444 959 486 tutti
991 444 1005 485 i
1038 444 1215 498 Teologi
1256 459 1342 494 era,
1382 445 1544 487 benche
1577 444 1830 498 Monsignor

65 509 339 552 Lancellotto
380 508 565 551 sentisse
605 508 635 550 il
669 508 900 559 contrario,
944 508 1021 551 6116
1055 513 1209 562 questa
1250 524 1356 564 pace
1388 524 1473 552 non
1506 509 1830 564 pregiudicasse

66 573 141 616 alli
172 574 329 628 Dogmi
362 574 431 616 del
464 573 642 616 concilio
676 573 718 615 di
750 573 926 623 Trento,
971 587 994 615 e
1027 574 1105 615 che
1138 578 1299 627 quanto
1333 575 1374 616 al
1413 577 1658 628 protestare
1690 574 1830 628 publi-

66 641 264 680 camente
306 653 451 681 coram
492 638 676 681 Notario
718 640 762 680 et
795 639 996 680 Testibus
1038 640 1063 680 a
1105 638 1146 682 S.
1180 639 1365 681 Maiesta
1408 639 1618 681 Cesarea³
1659 641 1683 681 a
1725 638 1829 681 tutti

64 717 228 757 pareua
268 707 392 746 tanto
433 703 687 758 periculoso,
730 703 808 745 6116
851 703 958 745 tutti
999 716 1130 745 erano
1165 703 1206 745 di
1239 704 1451 758 opinione,
1496 704 1573 745 6116
1614 718 1690 758 per
1728 705 1829 745 niun

64 767 191 809 modo
224 767 259 809 si
282 768 464 810 douesse
489 768 637 810 uenire
660 782 686 810 a
709 771 863 821 questa
886 767 975 810 cosi
996 766 1111 810 faita
1144 771 1340 822 protesta
1373 782 1450 822 per
1482 768 1511 810 li
1544 768 1665 810 molti
1701 767 1829 809 danni

65 832 144 874 6116
175 846 229 875 116
260 835 477 887 poteuano
510 833 754 876 succedere.

67 962 176 1000 686
203 965 280 999 sive
308 973 430 1009 aug.
451 964 502 1010 (6
522 963 633 1009 22).
708 963 756 1000 13.
775 962 860 1000 Maii
885 963 980 1000 1566.

185 1035 239 1069 Ex
266 1036 471 1081 apographo
497 1035 640 1070 saeculo
666 1035 799 1070 XVIII.
828 1035 883 1078 (ut
909 1036 1066 1079 videtur)
1104 1036 1248 1081 scripto,
1285 1037 1377 1080 quod
1414 1039 1534 1071 exstat
1570 1037 1604 1070 in
1633 1037 1714 1071 Cod.
1743 1048 1829 1070 rom.

69 1088 167 1130 „Lat
194 1089 306 1124 3376“
335 1089 359 1123 f.
389 1089 619 1124 1342—13612.
669 1089 855 1134 Epistulae
890 1089 1028 1133 partem
1065 1101 1111 1123 ex
1142 1090 1265 1123 eodem
1292 1090 1412 1124 codice
1439 1090 1632 1134 exscripsit
1658 1090 1831 1133 Broynolz'

64 1140 88 1174 l.
116 1152 144 1175 6.
171 1142 205 1175 II
233 1143 310 1176 197.
362 1142 525 1186 Epistula
551 1153 637 1176 usus
662 1145 718 1176 est
743 1143 966 1176 Laden-hius
991 1142 1013 1176 1.
1042 1154 1070 1176 c.
1099 1154 1131 1187 p.
1155 1143 1220 1176 134
1250 1143 1300 1186 (in
1327 1155 1357 1177 a.
1381 1144 1468 1178 1566
1496 1155 1529 1177 11.
1549 1143 1647 1186 236).

183 1213 338 1257 Borqias
358 1213 558 1256 pontificem
585 1214 698 1247 demto
724 1214 810 1247 adit.
857 1213 1064 1257 Galiqarius
1089 1214 1261 1257 edocetur,
1289 1215 1505 1247 cardinalem
1536 1215 1828 1257 Grancellannm,

65 1267 248 1310 Bormam,
276 1267 469 1300 Polancum
495 1268 536 1300 de
557 1278 645 1310 pace
669 1271 870 1309 auyustana
896 1268 986 1300 idem
1012 1268 1141 1300 sentire
1163 1278 1204 1299 ac
1221 1268 1395 1311 Natalem,
1418 1268 1601 1301 Ccmz'sz‘um
1629 1272 1700 1310 etc„
1727 1272 1830 1310 atque

64 1320 193 1353 horum
218 1321 370 1363 scriptas
394 1321 583 1354 sententias
601 1320 767 1363 pontifici
791 1321 946 1353 traditas
972 1331 1041 1353 esse
1067 1324 1125 1353 etc.

182 1392 365 1434 Ioannes
387 1393 588 1434 Andreas
612 1392 855 1446 Cali‘qarius
886 1391 960 1442 (de
991 1406 1069 1446 quo
1102 1406 1236 1446 supra
1263 1407 1307 1446 p.
1331 1392 1439 1444 5809
1472 1393 1607 1434 Roma
1631 1394 1698 1434 13.
1718 1393 1829 1434 Mate·

67 1458 182 1499 1566
213 1458 450 1512 Auyustam
492 1457 551 1498 ad
591 1457 854 1498 cardinalem
889 1457 1238 1498 Commendonum
1279 1458 1440 1498 litteras
1480 1458 1604 1510 misit,
1649 1472 1826 1512 quarum

66 1521 166 1563 haec
194 1522 286 1575 fere
318 1536 479 1563 summa
515 1526 591 1563 est:
622 1522 719 1576 Ipso
750 1522 821 1563 illo
855 1522 924 1563 die
958 1521 1201 1576 Caliyarius
1233 1522 1437 1575 Boraiam
1469 1523 1620 1563 iterum
1651 1523 1830 1563 invisere

65 1587 205 1640 voluit,
239 1587 313 1628 sed
343 1588 455 1628 lianc
487 1588 545 1628 ad
573 1587 805 1642 pontificem
831 1588 953 1628 ivisse
977 1588 1184 1641 comperit.
1233 1586 1286 1627 In
1308 1588 1377 1627 via
1401 1591 1537 1628 autem
1561 1587 1772 1629 Polancas
1795 1589 1832 1629 ei

66 1652 248 1693 occurrit
281 1651 316 1693 et
349 1653 482 1693 dixit:
514 1652 715 1706 Boi-qiam
748 1665 884 1693 secum
917 1653 986 1693 12.
1020 1652 1133 1693 Maia·
1165 1653 1316 1705 neyotii
1348 1653 1578 1706 aicyustani
1610 1666 1739 1693 cansa
1773 1652 1830 1693 ad

67 1717 328 1759 cardinalem
363 1717 694 1759 Granvellanum
736 1718 897 1758 venisse
907 1732 924 1769 ;
964 1717 1073 1758 lianc
1106 1716 1215 1757 idem
1255 1721 1377 1771 atque
1411 1716 1760 1758 Commendonum
1796 1722 1831 1758 et

67 1782 247 1837 reliquos
279 1784 444 1835 sentire,
478 1797 610 1837 neque
640 1787 777 1824 tamen
811 1782 870 1822 ad
897 1782 1131 1836 pontificem
1165 1782 1358 1823 accedere
1388 1783 1485 1824 velle
1517 1783 1604 1823 nisi
1628 1787 1828 1823 vocatum.

66 1847 206 1889 Socios
246 1861 444 1889 romanos
483 1849 569 1888 iam
611 1848 752 1888 multis
795 1847 941 1888 diebus
983 1852 1079 1888 ante
1127 1847 1178 1887 dc
1224 1846 1473 1901 difficultate
1519 1848 1590 1888 illa
1636 1848 1830 1888 certiores

62 1911 198 1964 factos
242 1927 326 1954 6336
368 1927 494 1968 eaque
536 1913 758 1966 diliqenter
801 1926 973 1953 excussa
1017 1913 1059 1953 in
1108 1912 1284 1953 eandem
1328 1913 1575 1954 sententiam
1620 1913 1830 1953 devenisse

68 1982 189 2032 atque
221 1977 417 2019 Natalem
459 1982 496 2018 et
530 1977 750 2018 Canisiam
783 1981 853 2018 etc.
917 1978 980 2018 Ae
1011 1977 1213 2032 Boryiam
1258 1981 1294 2018 et
1334 1991 1376 2018 36
1411 1977 1484 2018 diu
1518 1991 1608 2018 cam
1634 1977 1830 2031 pontifice

66 2042 280 2084 collocutos
313 2056 410 2096 esse,
452 2044 632 2097 scriptas
670 2043 766 2083 illas
797 2042 1013 2083 Sociorum
1046 2043 1272 2083 sententias
1303 2043 1341 2083 ei
1371 2042 1616 2093 tradidisse,
1660 2043 1827 2083 tandem

69 2121 111 2148 eo
152 2108 287 2162 ipsam
328 2107 577 2160 adduxisse,
621 2112 664 2148 ut
702 2109 891 2149 animum
925 2121 1047 2148 suum
1080 2108 1290 2148 inclinare
1324 2108 1477 2149 diceret
1510 2109 1551 2148 in
1586 2122 1671 2148 rem
1705 2112 1828 2148 totam

67 2172 246 2213 arbit-rio
289 2172 585 2214 Commendoni
625 2173 964 2226 permittendam.
1027 2173 1081 2214 Se
1121 2172 1395 2224 (Polanczcm)
1436 2174 1559 2214 etiam
1602 2186 1690 2213 cum
1735 2186 1829 2213 car-

67 2238 207 2279 dinali
238 2238 534 2279 Alexandrino
569 2239 619 2279 cle
652 2251 780 2279 causa
816 2238 888 2279 illa
921 2242 1137 2279 tractasse.

190 2324 395 2367 Caliqarins
422 2324 475 2358 15.
495 2324 581 2358 Maii
607 2324 721 2358 denuo
741 2324 910 2366 Borgiam
937 2324 1042 2366 adiit;
1072 2324 1143 2368 qui,
1171 2335 1262 2368 quae
1289 2323 1465 2357 Polancus
1494 2324 1546 2358 13.
1566 2323 1651 2357 Maii
1679 2324 1828 2360 dixerat,

67 2376 311 2417 confi1·mavit;
339 2377 475 2412 addidit
493 2378 645 2421 Borgias
667 2377 752 2420 „che
770 2377 795 2411 il
813 2377 993 2411 cardinale
1011 2377 1148 2411 Paceco
1174 2377 1199 2411 li
1225 2377 1365 2411 haueua
1384 2377 1481 2411 detto
1500 2376 1564 2410 6116
1583 2376 1625 2410 N.
1641 2376 1674 2411 S.
1691 2376 1829 2411 haueua

67 2441 186 2464 mosso
212 2430 336 2475 parola
361 2430 396 2464 di
422 2433 548 2475 questo
575 2431 610 2464 in
637 2431 914 2474 congregatione
940 2430 971 2464 d’
987 2430 1239 2475 inquisitione:
1277 2433 1313 2464 et
1339 2430 1403 2464 6116
1438 2430 1523 2464 tutti
1549 2442 1656 2463 erano
1683 2431 1769 2464 stati
1797 2430 1829 2464 di

68 2494 194 2528 parere
229 2483 295 2517 che
329 2495 398 2517 non
434 2484 463 2518 si
498 2484 641 2517 uenisse
667 2495 687 2517 a
713 2485 876 2529 protesta
901 2486 945 2518 ne
971 2495 991 2517 a
1018 2485 1158 2518 rottura
1184 2484 1312 2517 alcuna
1343 2486 1379 2517 et
1404 2483 1716 2528 particolarmente
1743 2483 1829 2517 Pac-

68 2537 193 2577 ceco“;
229 2538 372 2581 praeter
397 2536 628 2571 Franciscum
653 2536 856 2571 Pachecum
891 2539 1010 2570 antem
1037 2537 1238 2571 cardinales
1264 2536 1459 2570 Tranensis
1487 2535 1654 2579 (Ioannes
1679 2535 1829 2570 Bernar-

68 2589 174 2623 dinus
200 2589 354 2631 Scottus,
381 2589 421 2624 Ο.
449 2589 604 2634 Theat.)‚
630 2590 783 2624 Pisanus
812 2590 946 2634 (Scipio
973 2589 1137 2634 Reium),
1166 2591 1315 2624 Ioannes
1342 2589 1554 2624 Franciscus
1581 2589 1623 2623 de
1651 2588 1830 2623 Gambara

69 2654 316 2687 supremorum
351 2643 602 2687 inquisitorum
637 2643 794 2677 officium
829 2643 1011 2677 tenebant.
1062 2643 1213 2686 Borgias
1241 2643 1419 2685 Caligario
1456 2642 1562 2676 etiam
1598 2642 1830 2686 significavit.

69 2694 171 2729 Pium
190 2695 233 2730 V.
261 2697 375 2730 denuo
402 2696 714 2739 congregationem
745 2696 988 2740 inquisitionis
1014 2696 1091 2730 eius
1117 2696 1166 2730 rei
1195 2696 1313 2739 gratia
1340 2696 1543 2729 habiturum
1572 2707 1661 2736 esse,
1687 2706 1729 2729 ac
1755 2706 1829 2730 car-

69 2747 207 2782 dinales
234 2747 465 2783 Granvellam
492 2751 527 2782 et
552 2749 738 2783 Moronum
765 2749 858 2783 idem
885 2749 1018 2783 sentire
1037 2760 1078 2782 ac
1096 2748 1297 2782 Pachecum
1317 2751 1383 2782 etc.
1405 2748 1712 2792 (Epp.Nada2111
1732 2749 1828 2792 700).

69 2800 135 2835 Die
161 2804 281 2836 autem
308 2803 362 2837 18.
390 2802 474 2836 Maii
504 2803 710 2846 Caliqarius
735 2802 997 2837 Commendono
1023 2802 1180 2846 scripsit,
1211 2801 1296 2843 „che
1322 2801 1364 2835 N.
1390 2800 1424 2835 S.
1451 2804 1469 2834 ἑ·
1497 2801 1643 2835 risoluto
1670 2801 1734 2835 6116
1762 2814 1830 2836 11011

69 2854 100 2888 si
125 2856 287 2899 protesti‚
321 2858 364 2889 ne
399 2855 428 2889 si
464 2857 583 2889 muovi
619 2856 712 2890 altra
737 2867 838 2895 cosa;
876 2866 933 2889 ma
969 2855 999 2889 si
1025 2855 1170 2888 rimetta
1196 2857 1291 2888 tutto
1318 2854 1389 2888 alla
1416 2854 1634 2888 discrezione
1661 2866 1679 2888 e
1705 2866 1830 2899 parere

71 2907 106 2941 di
131 2907 174 2942 V.
195 2907 513 2942 S.111ustrissima“
547 2907 735 2952 (Broynoli
759 2908 782 2943 1.
810 2920 838 2942 c.
868 2909 900 2942 ΙΙ
929 2907 1026 2950 199).

189 2983 217 3014 a)
238 2985 284 3008 Ita
303 2992 340 3009 cx
354 2983 510 3015 cattoiica,
530 2985 604 3016 quod
624 2988 665 3009 est
685 2985 715 3009 in
737 2993 794 3016 ap..
814 2984 1018 3015 corriyendum
1039 2991 1098 3007 esse
1119 2983 1272 3008 ostendunt
1293 2991 1354 3007 cum
1377 2991 1423 3008 res
1444 2984 1534 3014 ipsae,
1554 2987 1612 3008 {um
1635 2985 1827 3016 theoto-auriam

70 3032 229 3056 responsa;
252 3033 274 3049 υ,
293 3032 385 3056 supra
403 3034 434 3057 p.
454 3028 514 3051 239.
553 3027 639 3058 Apud
663 3026 858 3051 Luam-chium
878 3026 947 3049 haer·
969 3033 1009 3049 rr.
1030 3025 1136 3049 amissa
1156 3028 1232 3049 sum.

194 3133 203 3152 ¹
230 3132 318 3166 Cum
344 3132 479 3166 Thoma
506 3133 678 3166 Perrenot
704 3133 746 3166 de
774 3132 1019 3175 Chantonnay,
1047 3131 1203 3175 Philippi
1222 3131 1265 3165 II.
1293 3131 1385 3176 apud
1413 3133 1663 3176 imperatorem
1690 3137 1829 3167 oratore

72 3186 107 3218 et
133 3185 323 3219 cardinalis
350 3185 582 3220 Granvellani
609 3185 731 3218 fratre.
879 3185 892 3204 ²
918 3184 1111 3217 melchiore
1139 3185 1266 3218 comite
1294 3185 1335 3218 de
1363 3184 1462 3218 Bilia.
