<?xml version="1.0" encoding="UTF-8"?>
<!DOCTYPE html PUBLIC "-//W3C//DTD XHTML 1.0 Transitional//EN"
    "http://www.w3.org/TR/xhtml1/DTD/xhtml1-transitional.dtd">
<html xmlns="http://www.w3.org/1999/xhtml" xml:lang="en" lang="en">
 <head>
  <title>
</title>
<meta http-equiv="Content-Type" content="text/html;charset=utf-8" />
  <meta name='ocr-system' content='tesseract 3.04.00' />
  <meta name='ocr-capabilities' content='ocr_page ocr_carea ocr_par ocr_line ocrx_word'/>
</head>
<body>
  <div class='ocr_page' id='page_1' title='image "beatipetricanisi05cani_0804.png"; bbox 0 0 2045 3471; ppageno 0'>
   <div class='ocr_carea' id='block_1_1' title="bbox 171 195 1883 243">
    <p class='ocr_par' dir='ltr' id='par_1_1' title="bbox 171 195 1883 243">
     <span class='ocr_line' id='line_1_1' title="bbox 171 195 1883 243; baseline -0.003 -9"><span class='ocrx_word' id='word_1_1' title='bbox 171 202 254 243; x_wconf 85' lang='grc'>716</span> <span class='ocrx_word' id='word_1_2' title='bbox 332 199 428 233; x_wconf 90' lang='lat' dir='ltr'>Mon.</span> <span class='ocrx_word' id='word_1_3' title='bbox 448 198 635 234; x_wconf 82' lang='lat'>785-—786</span> <span class='ocrx_word' id='word_1_4' title='bbox 662 199 741 234; x_wconf 85' lang='lat' dir='ltr'>sive</span> <span class='ocrx_word' id='word_1_5' title='bbox 766 199 839 242; x_wconf 88' lang='lat' dir='ltr'>ing.</span> <span class='ocrx_word' id='word_1_6' title='bbox 860 197 1034 243; x_wconf 80' lang='grc'>(2)-(3).</span> <span class='ocrx_word' id='word_1_7' title='bbox 1073 198 1122 232; x_wconf 87' lang='grc' dir='ltr'>Μ.</span> <span class='ocrx_word' id='word_1_8' title='bbox 1141 197 1242 231; x_wconf 84' lang='lat' dir='ltr'>Febr.</span> <span class='ocrx_word' id='word_1_9' title='bbox 1263 199 1299 230; x_wconf 87' lang='lat' dir='ltr'>et</span> <span class='ocrx_word' id='word_1_10' title='bbox 1315 196 1421 230; x_wconf 89' lang='lat' dir='ltr'>Mart.</span> <span class='ocrx_word' id='word_1_11' title='bbox 1439 196 1528 231; x_wconf 87' lang='lat'>1565</span> <span class='ocrx_word' id='word_1_12' title='bbox 1547 215 1591 220; x_wconf 97' lang='lat'><strong>—</strong></span> <span class='ocrx_word' id='word_1_13' title='bbox 1610 195 1715 230; x_wconf 91' lang='lat' dir='ltr'>Initio</span> <span class='ocrx_word' id='word_1_14' title='bbox 1733 207 1764 230; x_wconf 90' lang='lat' dir='ltr'>a.</span> <span class='ocrx_word' id='word_1_15' title='bbox 1780 195 1883 230; x_wconf 89' lang='lat'><strong>1566.</strong></span> 
     </span>
    </p>
   </div>
   <div class='ocr_carea' id='block_1_2' title="bbox 167 313 1932 436">
    <p class='ocr_par' dir='ltr' id='par_1_2' title="bbox 167 313 1932 436">
     <span class='ocr_line' id='line_1_2' title="bbox 168 313 1932 372; baseline -0.003 -11"><span class='ocrx_word' id='word_1_16' title='bbox 168 321 330 369; x_wconf 89' lang='lat' dir='ltr'>noster,</span> <span class='ocrx_word' id='word_1_17' title='bbox 374 318 445 371; x_wconf 89' lang='lat' dir='ltr'>qui</span> <span class='ocrx_word' id='word_1_18' title='bbox 478 317 786 372; x_wconf 87' lang='lat' dir='ltr'>prouincialem</span> <span class='ocrx_word' id='word_1_19' title='bbox 829 317 897 359; x_wconf 90' lang='lat' dir='ltr'>hic</span> <span class='ocrx_word' id='word_1_20' title='bbox 931 315 1140 358; x_wconf 85' lang='lat' dir='ltr'>celebrari</span> <span class='ocrx_word' id='word_1_21' title='bbox 1181 314 1351 357; x_wconf 86' lang='lat' dir='ltr'>curauit</span> <span class='ocrx_word' id='word_1_22' title='bbox 1392 313 1774 367; x_wconf 72' lang='lat' dir='ltr'>congregationem</span> <span class='ocrx_word' id='word_1_23' title='bbox 1799 348 1807 357; x_wconf 94' lang='lat'>.</span> <span class='ocrx_word' id='word_1_24' title='bbox 1832 313 1932 367; x_wconf 88' lang='lat' dir='ltr'>quid</span> 
     </span>
     <span class='ocr_line' id='line_1_3' title="bbox 167 378 1760 436; baseline -0.003 -11"><span class='ocrx_word' id='word_1_25' title='bbox 167 384 211 425; x_wconf 91' lang='lat' dir='ltr'>in</span> <span class='ocrx_word' id='word_1_26' title='bbox 244 397 296 425; x_wconf 89' lang='lat' dir='ltr'>ea</span> <span class='ocrx_word' id='word_1_27' title='bbox 328 386 475 425; x_wconf 87' lang='lat' dir='ltr'>actum</span> <span class='ocrx_word' id='word_1_28' title='bbox 508 382 579 432; x_wconf 88' lang='lat' dir='ltr'>sit,</span> <span class='ocrx_word' id='word_1_29' title='bbox 611 382 705 436; x_wconf 89' lang='lat' dir='ltr'>ipse</span> <span class='ocrx_word' id='word_1_30' title='bbox 737 385 864 435; x_wconf 90' lang='lat' dir='ltr'>pater</span> <span class='ocrx_word' id='word_1_31' title='bbox 895 381 1010 423; x_wconf 89' lang='lat' dir='ltr'>haud</span> <span class='ocrx_word' id='word_1_32' title='bbox 1043 380 1170 422; x_wconf 87' lang='lat' dir='ltr'>dubie</span> <span class='ocrx_word' id='word_1_33' title='bbox 1203 379 1257 422; x_wconf 88' lang='lat' dir='ltr'>ad</span> <span class='ocrx_word' id='word_1_34' title='bbox 1289 379 1340 422; x_wconf 87' lang='lat' dir='ltr'>R.</span> <span class='ocrx_word' id='word_1_35' title='bbox 1365 379 1412 421; x_wconf 93' lang='lat' dir='ltr'>P.</span> <span class='ocrx_word' id='word_1_36' title='bbox 1436 378 1484 422; x_wconf 88' lang='lat' dir='ltr'>T.</span> <span class='ocrx_word' id='word_1_37' title='bbox 1507 378 1760 432; x_wconf 88' lang='lat' dir='ltr'>perscribet.</span> 
     </span>
    </p>
   </div>
   <div class='ocr_carea' id='block_1_3' title="bbox 168 453 1940 1297">
    <p class='ocr_par' dir='ltr' id='par_1_3' title="bbox 168 453 1940 1297">
     <span class='ocr_line' id='line_1_4' title="bbox 289 453 1934 501; baseline -0.002 -10"><span class='ocrx_word' id='word_1_38' title='bbox 289 456 367 491; x_wconf 91' lang='lat' dir='ltr'>Hoc</span> <span class='ocrx_word' id='word_1_39' title='bbox 391 459 564 501; x_wconf 83' lang='lat' dir='ltr'>tempore,</span> <span class='ocrx_word' id='word_1_40' title='bbox 591 459 689 501; x_wconf 89' lang='lat' dir='ltr'>puto,</span> <span class='ocrx_word' id='word_1_41' title='bbox 716 456 882 490; x_wconf 88' lang='lat' dir='ltr'>Canisius</span> <span class='ocrx_word' id='word_1_42' title='bbox 910 456 1017 490; x_wconf 89' lang='lat' dir='ltr'>etiam</span> <span class='ocrx_word' id='word_1_43' title='bbox 1045 466 1164 489; x_wconf 88' lang='lat' dir='ltr'>coram</span> <span class='ocrx_word' id='word_1_44' title='bbox 1192 466 1270 488; x_wconf 88' lang='lat' dir='ltr'>cum</span> <span class='ocrx_word' id='word_1_45' title='bbox 1299 453 1338 488; x_wconf 89' lang='lat' dir='ltr'>P.</span> <span class='ocrx_word' id='word_1_46' title='bbox 1357 453 1544 488; x_wconf 87' lang='lat' dir='ltr'>Theodoro</span> <span class='ocrx_word' id='word_1_47' title='bbox 1570 453 1720 488; x_wconf 90' lang='lat' dir='ltr'>Peltano</span> <span class='ocrx_word' id='word_1_48' title='bbox 1747 454 1781 488; x_wconf 80' lang='lat' dir='ltr'>S.</span> <span class='ocrx_word' id='word_1_49' title='bbox 1802 454 1846 495; x_wconf 61' lang='lat' dir='ltr'>J„</span> <span class='ocrx_word' id='word_1_50' title='bbox 1873 453 1934 497; x_wconf 86' lang='lat' dir='ltr'>qui</span> 
     </span>
     <span class='ocr_line' id='line_1_5' title="bbox 168 506 1934 554; baseline -0.002 -10"><span class='ocrx_word' id='word_1_51' title='bbox 168 521 240 544; x_wconf 92' lang='lat' dir='ltr'>una</span> <span class='ocrx_word' id='word_1_52' title='bbox 267 522 347 544; x_wconf 90' lang='lat' dir='ltr'>cum</span> <span class='ocrx_word' id='word_1_53' title='bbox 374 510 413 544; x_wconf 87' lang='lat' dir='ltr'>P.</span> <span class='ocrx_word' id='word_1_54' title='bbox 441 510 625 554; x_wconf 88' lang='lat' dir='ltr'>Alphonso</span> <span class='ocrx_word' id='word_1_55' title='bbox 652 510 784 544; x_wconf 87' lang='lat' dir='ltr'>Pisano</span> <span class='ocrx_word' id='word_1_56' title='bbox 810 509 844 543; x_wconf 80' lang='lat' dir='ltr'>S.</span> <span class='ocrx_word' id='word_1_57' title='bbox 860 509 893 543; x_wconf 84' lang='lat' dir='ltr'>J.</span> <span class='ocrx_word' id='word_1_58' title='bbox 921 511 957 542; x_wconf 87' lang='lat' dir='ltr'>et</span> <span class='ocrx_word' id='word_1_59' title='bbox 983 520 1063 542; x_wconf 86' lang='lat' dir='ltr'>cum</span> <span class='ocrx_word' id='word_1_60' title='bbox 1088 508 1245 542; x_wconf 88' lang='lat' dir='ltr'>Martino</span> <span class='ocrx_word' id='word_1_61' title='bbox 1273 507 1486 550; x_wconf 88' lang='lat' dir='ltr'>Eisengrein</span> <span class='ocrx_word' id='word_1_62' title='bbox 1512 509 1549 540; x_wconf 91' lang='lat' dir='ltr'>et</span> <span class='ocrx_word' id='word_1_63' title='bbox 1575 506 1728 550; x_wconf 80' lang='lat' dir='ltr'>Georgio</span> <span class='ocrx_word' id='word_1_64' title='bbox 1746 506 1934 540; x_wconf 86' lang='lat' dir='ltr'>Theandro</span> 
     </span>
     <span class='ocr_line' id='line_1_6' title="bbox 170 559 1935 606; baseline -0.003 -9"><span class='ocrx_word' id='word_1_65' title='bbox 170 564 206 597; x_wconf 91' lang='lat' dir='ltr'>in</span> <span class='ocrx_word' id='word_1_66' title='bbox 232 563 472 597; x_wconf 75' lang='lat' dir='ltr'>universitate</span> <span class='ocrx_word' id='word_1_67' title='bbox 506 562 780 606; x_wconf 75' lang='lat' dir='ltr'>ingolstadiensi</span> <span class='ocrx_word' id='word_1_68' title='bbox 816 561 1020 604; x_wconf 83' lang='lat' dir='ltr'>theologiae</span> <span class='ocrx_word' id='word_1_69' title='bbox 1046 562 1228 605; x_wconf 81' lang='lat' dir='ltr'>professor</span> <span class='ocrx_word' id='word_1_70' title='bbox 1253 562 1342 599; x_wconf 77' lang='lat' dir='ltr'>erat,</span> <span class='ocrx_word' id='word_1_71' title='bbox 1379 559 1563 603; x_wconf 83' lang='lat' dir='ltr'>negotium</span> <span class='ocrx_word' id='word_1_72' title='bbox 1597 559 1686 594; x_wconf 90' lang='lat' dir='ltr'>illud</span> <span class='ocrx_word' id='word_1_73' title='bbox 1725 559 1935 604; x_wconf 82' lang='lat' dir='ltr'>composuit,</span> 
     </span>
     <span class='ocr_line' id='line_1_7' title="bbox 170 611 1935 660; baseline -0.002 -10"><span class='ocrx_word' id='word_1_74' title='bbox 170 617 212 650; x_wconf 89' lang='lat' dir='ltr'>de</span> <span class='ocrx_word' id='word_1_75' title='bbox 251 627 320 660; x_wconf 89' lang='lat' dir='ltr'>quo</span> <span class='ocrx_word' id='word_1_76' title='bbox 356 616 396 650; x_wconf 88' lang='lat' dir='ltr'>P.</span> <span class='ocrx_word' id='word_1_77' title='bbox 428 616 666 650; x_wconf 77' lang='lat' dir='ltr'>Theodoricus</span> <span class='ocrx_word' id='word_1_78' title='bbox 694 617 879 659; x_wconf 66' lang='lat' dir='ltr'>Caluisius,</span> <span class='ocrx_word' id='word_1_79' title='bbox 918 614 1059 657; x_wconf 86' lang='lat' dir='ltr'>collegii</span> <span class='ocrx_word' id='word_1_80' title='bbox 1098 616 1232 655; x_wconf 85' lang='lat' dir='ltr'>rector,</span> <span class='ocrx_word' id='word_1_81' title='bbox 1272 612 1493 657; x_wconf 86' lang='lat' dir='ltr'>Ingolstadio</span> <span class='ocrx_word' id='word_1_82' title='bbox 1526 612 1581 647; x_wconf 82' lang='lat'>20.</span> <span class='ocrx_word' id='word_1_83' title='bbox 1608 612 1817 647; x_wconf 85' lang='lat' dir='ltr'>Decembris</span> <span class='ocrx_word' id='word_1_84' title='bbox 1844 611 1935 646; x_wconf 85' lang='lat'>1564</span> 
     </span>
     <span class='ocr_line' id='line_1_8' title="bbox 170 665 1936 713; baseline -0.003 -10"><span class='ocrx_word' id='word_1_85' title='bbox 170 669 321 703; x_wconf 83' lang='lat' dir='ltr'>Romam</span> <span class='ocrx_word' id='word_1_86' title='bbox 356 669 399 703; x_wconf 91' lang='lat' dir='ltr'>ad</span> <span class='ocrx_word' id='word_1_87' title='bbox 436 669 600 703; x_wconf 86' lang='lat' dir='ltr'>Lainium</span> <span class='ocrx_word' id='word_1_88' title='bbox 638 669 883 713; x_wconf 86' lang='lat' dir='ltr'>praepositum</span> <span class='ocrx_word' id='word_1_89' title='bbox 919 667 1125 711; x_wconf 84' lang='lat' dir='ltr'>generalem</span> <span class='ocrx_word' id='word_1_90' title='bbox 1164 667 1253 701; x_wconf 89' lang='lat' dir='ltr'>haec</span> <span class='ocrx_word' id='word_1_91' title='bbox 1288 665 1532 711; x_wconf 81' lang='lat' dir='ltr'>*scripseratz</span> <span class='ocrx_word' id='word_1_92' title='bbox 1575 665 1727 708; x_wconf 87' lang='lat' dir='ltr'>„Doctor</span> <span class='ocrx_word' id='word_1_93' title='bbox 1760 665 1936 699; x_wconf 89' lang='lat' dir='ltr'>Peltanus</span> 
     </span>
     <span class='ocr_line' id='line_1_9' title="bbox 170 718 1935 766; baseline -0.003 -10"><span class='ocrx_word' id='word_1_94' title='bbox 170 722 314 756; x_wconf 89' lang='lat' dir='ltr'>videtur</span> <span class='ocrx_word' id='word_1_95' title='bbox 340 722 408 756; x_wconf 90' lang='lat' dir='ltr'>sibi</span> <span class='ocrx_word' id='word_1_96' title='bbox 433 734 524 766; x_wconf 92' lang='lat' dir='ltr'>pene</span> <span class='ocrx_word' id='word_1_97' title='bbox 550 722 751 762; x_wconf 86' lang='lat' dir='ltr'>restitutus,</span> <span class='ocrx_word' id='word_1_98' title='bbox 788 721 917 755; x_wconf 87' lang='lat' dir='ltr'>redibit</span> <span class='ocrx_word' id='word_1_99' title='bbox 951 721 1035 754; x_wconf 90' lang='lat' dir='ltr'>noui</span> <span class='ocrx_word' id='word_1_100' title='bbox 1070 720 1153 754; x_wconf 87' lang='lat' dir='ltr'>anni</span> <span class='ocrx_word' id='word_1_101' title='bbox 1192 719 1293 753; x_wconf 87' lang='lat' dir='ltr'>initio</span> <span class='ocrx_word' id='word_1_102' title='bbox 1329 719 1373 752; x_wconf 85' lang='lat' dir='ltr'>ad</span> <span class='ocrx_word' id='word_1_103' title='bbox 1399 718 1581 764; x_wconf 87' lang='lat' dir='ltr'>publicam</span> <span class='ocrx_word' id='word_1_104' title='bbox 1606 719 1796 753; x_wconf 88' lang='lat' dir='ltr'>lectionem</span> <span class='ocrx_word' id='word_1_105' title='bbox 1822 729 1935 758; x_wconf 85' lang='lat' dir='ltr'>suam,</span> 
     </span>
     <span class='ocr_line' id='line_1_10' title="bbox 172 771 1936 819; baseline -0.003 -10"><span class='ocrx_word' id='word_1_106' title='bbox 172 774 413 819; x_wconf 86' lang='lat' dir='ltr'>Conqueritur</span> <span class='ocrx_word' id='word_1_107' title='bbox 437 778 559 809; x_wconf 87' lang='lat' dir='ltr'>tamen</span> <span class='ocrx_word' id='word_1_108' title='bbox 595 775 637 808; x_wconf 91' lang='lat' dir='ltr'>de</span> <span class='ocrx_word' id='word_1_109' title='bbox 664 774 752 808; x_wconf 90' lang='lat' dir='ltr'>hora</span> <span class='ocrx_word' id='word_1_110' title='bbox 778 773 1031 818; x_wconf 87' lang='lat' dir='ltr'>pomeridiana,</span> <span class='ocrx_word' id='word_1_111' title='bbox 1068 784 1138 817; x_wconf 92' lang='lat' dir='ltr'>qua</span> <span class='ocrx_word' id='word_1_112' title='bbox 1173 772 1225 806; x_wconf 88' lang='lat' dir='ltr'>illi</span> <span class='ocrx_word' id='word_1_113' title='bbox 1253 772 1450 806; x_wconf 91' lang='lat' dir='ltr'>docendum</span> <span class='ocrx_word' id='word_1_114' title='bbox 1477 774 1544 812; x_wconf 89' lang='lat' dir='ltr'>est,</span> <span class='ocrx_word' id='word_1_115' title='bbox 1581 773 1616 805; x_wconf 91' lang='lat' dir='ltr'>et</span> <span class='ocrx_word' id='word_1_116' title='bbox 1651 771 1693 805; x_wconf 93' lang='lat' dir='ltr'>de</span> <span class='ocrx_word' id='word_1_117' title='bbox 1728 771 1936 816; x_wconf 87' lang='lat' dir='ltr'>quotidiana</span> 
     </span>
     <span class='ocr_line' id='line_1_11' title="bbox 172 824 1937 873; baseline -0.002 -11"><span class='ocrx_word' id='word_1_118' title='bbox 172 828 335 869; x_wconf 89' lang='lat' dir='ltr'>lectione,</span> <span class='ocrx_word' id='word_1_119' title='bbox 372 840 453 862; x_wconf 91' lang='lat' dir='ltr'>cum</span> <span class='ocrx_word' id='word_1_120' title='bbox 480 828 539 873; x_wconf 86' lang='lat' dir='ltr'>alij</span> <span class='ocrx_word' id='word_1_121' title='bbox 567 828 716 862; x_wconf 84' lang='lat' dir='ltr'>alternis</span> <span class='ocrx_word' id='word_1_122' title='bbox 743 830 883 861; x_wconf 87' lang='lat' dir='ltr'>tantum</span> <span class='ocrx_word' id='word_1_123' title='bbox 911 827 1072 860; x_wconf 78' lang='lat' dir='ltr'>doceant.</span> <span class='ocrx_word' id='word_1_124' title='bbox 1125 826 1201 869; x_wconf 87' lang='lat' dir='ltr'>Ego</span> <span class='ocrx_word' id='word_1_125' title='bbox 1237 826 1281 860; x_wconf 88' lang='lat' dir='ltr'>ad</span> <span class='ocrx_word' id='word_1_126' title='bbox 1308 825 1349 860; x_wconf 83' lang='lat' dir='ltr'>R.</span> <span class='ocrx_word' id='word_1_127' title='bbox 1376 825 1416 860; x_wconf 90' lang='lat' dir='ltr'>P.</span> <span class='ocrx_word' id='word_1_128' title='bbox 1444 824 1708 859; x_wconf 87' lang='lat' dir='ltr'>Prouincialem</span> <span class='ocrx_word' id='word_1_129' title='bbox 1742 836 1818 858; x_wconf 88' lang='lat' dir='ltr'>rem</span> <span class='ocrx_word' id='word_1_130' title='bbox 1843 824 1937 858; x_wconf 88' lang='lat' dir='ltr'>hanc</span> 
     </span>
     <span class='ocr_line' id='line_1_12' title="bbox 173 877 1937 926; baseline -0.002 -12"><span class='ocrx_word' id='word_1_131' title='bbox 173 881 406 926; x_wconf 83' lang='lat' dir='ltr'>perscribam.</span> <span class='ocrx_word' id='word_1_132' title='bbox 458 881 602 916; x_wconf 86' lang='lat' dir='ltr'>Certum</span> <span class='ocrx_word' id='word_1_133' title='bbox 639 884 695 914; x_wconf 86' lang='lat' dir='ltr'>est</span> <span class='ocrx_word' id='word_1_134' title='bbox 720 880 763 914; x_wconf 92' lang='lat' dir='ltr'>D.</span> <span class='ocrx_word' id='word_1_135' title='bbox 789 880 980 914; x_wconf 89' lang='lat' dir='ltr'>Peltanum</span> <span class='ocrx_word' id='word_1_136' title='bbox 1006 879 1048 914; x_wconf 94' lang='lat' dir='ltr'>D.</span> <span class='ocrx_word' id='word_1_137' title='bbox 1076 879 1207 913; x_wconf 85' lang='lat' dir='ltr'>Pisano</span> <span class='ocrx_word' id='word_1_138' title='bbox 1233 878 1470 913; x_wconf 87' lang='lat' dir='ltr'>robustiorem</span> <span class='ocrx_word' id='word_1_139' title='bbox 1497 889 1586 919; x_wconf 89' lang='lat' dir='ltr'>esse,</span> <span class='ocrx_word' id='word_1_140' title='bbox 1623 879 1659 911; x_wconf 91' lang='lat' dir='ltr'>et</span> <span class='ocrx_word' id='word_1_141' title='bbox 1693 877 1937 912; x_wconf 89' lang='lat' dir='ltr'>necessarium</span> 
     </span>
     <span class='ocr_line' id='line_1_13' title="bbox 172 930 1938 978; baseline -0.003 -10"><span class='ocrx_word' id='word_1_142' title='bbox 172 934 318 968; x_wconf 85' lang='lat' dir='ltr'>videtur</span> <span class='ocrx_word' id='word_1_143' title='bbox 345 936 384 967; x_wconf 89' lang='lat' dir='ltr'>vt</span> <span class='ocrx_word' id='word_1_144' title='bbox 410 934 503 968; x_wconf 87' lang='lat' dir='ltr'>alter</span> <span class='ocrx_word' id='word_1_145' title='bbox 528 936 611 968; x_wconf 89' lang='lat' dir='ltr'>ante</span> <span class='ocrx_word' id='word_1_146' title='bbox 638 933 826 978; x_wconf 87' lang='lat' dir='ltr'>prandium</span> <span class='ocrx_word' id='word_1_147' title='bbox 853 932 945 966; x_wconf 89' lang='lat' dir='ltr'>alter</span> <span class='ocrx_word' id='word_1_148' title='bbox 972 935 1053 977; x_wconf 88' lang='lat' dir='ltr'>post</span> <span class='ocrx_word' id='word_1_149' title='bbox 1078 932 1268 976; x_wconf 89' lang='lat' dir='ltr'>prandium</span> <span class='ocrx_word' id='word_1_150' title='bbox 1295 932 1431 972; x_wconf 88' lang='lat' dir='ltr'>doceat,</span> <span class='ocrx_word' id='word_1_151' title='bbox 1469 931 1591 965; x_wconf 89' lang='lat' dir='ltr'>Lectio</span> <span class='ocrx_word' id='word_1_152' title='bbox 1626 930 1803 964; x_wconf 86' lang='lat' dir='ltr'>matutina</span> <span class='ocrx_word' id='word_1_153' title='bbox 1829 930 1938 964; x_wconf 87' lang='lat' dir='ltr'>habet</span> 
     </span>
     <span class='ocr_line' id='line_1_14' title="bbox 175 982 1938 1032; baseline -0.002 -11"><span class='ocrx_word' id='word_1_154' title='bbox 175 986 394 1021; x_wconf 81' lang='lat' dir='ltr'>alternantes</span> <span class='ocrx_word' id='word_1_155' title='bbox 421 987 656 1032; x_wconf 86' lang='lat' dir='ltr'>professores,</span> <span class='ocrx_word' id='word_1_156' title='bbox 683 998 753 1020; x_wconf 90' lang='lat' dir='ltr'>non</span> <span class='ocrx_word' id='word_1_157' title='bbox 779 987 864 1020; x_wconf 90' lang='lat' dir='ltr'>item</span> <span class='ocrx_word' id='word_1_158' title='bbox 891 985 1145 1030; x_wconf 87' lang='lat' dir='ltr'>pomeridiana,</span> <span class='ocrx_word' id='word_1_159' title='bbox 1172 989 1319 1030; x_wconf 88' lang='lat' dir='ltr'>propter</span> <span class='ocrx_word' id='word_1_160' title='bbox 1345 985 1534 1018; x_wconf 86' lang='lat' dir='ltr'>continuas</span> <span class='ocrx_word' id='word_1_161' title='bbox 1561 984 1814 1028; x_wconf 85' lang='lat' dir='ltr'>occupationes</span> <span class='ocrx_word' id='word_1_162' title='bbox 1839 982 1938 1017; x_wconf 90' lang='lat' dir='ltr'>illius</span> 
     </span>
     <span class='ocr_line' id='line_1_15' title="bbox 175 1035 1938 1084; baseline -0.002 -10"><span class='ocrx_word' id='word_1_163' title='bbox 175 1039 237 1084; x_wconf 84' lang='lat' dir='ltr'>qui</span> <span class='ocrx_word' id='word_1_164' title='bbox 262 1040 443 1074; x_wconf 88' lang='lat' dir='ltr'>alternare</span> <span class='ocrx_word' id='word_1_165' title='bbox 469 1042 593 1084; x_wconf 88' lang='lat' dir='ltr'>posset</span> <span class='ocrx_word' id='word_1_166' title='bbox 619 1041 655 1073; x_wconf 93' lang='lat' dir='ltr'>et</span> <span class='ocrx_word' id='word_1_167' title='bbox 681 1039 813 1083; x_wconf 85' lang='lat' dir='ltr'>alioqui</span> <span class='ocrx_word' id='word_1_168' title='bbox 840 1039 985 1073; x_wconf 82' lang='lat' dir='ltr'>deberet</span> <span class='ocrx_word' id='word_1_169' title='bbox 1001 1039 1023 1072; x_wconf 89' lang='lat'>¹.</span> <span class='ocrx_word' id='word_1_170' title='bbox 1058 1038 1244 1072; x_wconf 87' lang='lat' dir='ltr'>Hactenus</span> <span class='ocrx_word' id='word_1_171' title='bbox 1270 1049 1363 1072; x_wconf 85' lang='lat' dir='ltr'>vnus</span> <span class='ocrx_word' id='word_1_172' title='bbox 1390 1049 1436 1071; x_wconf 81' lang='lat' dir='ltr'>ex</span> <span class='ocrx_word' id='word_1_173' title='bbox 1463 1037 1596 1071; x_wconf 89' lang='lat' dir='ltr'>nostris</span> <span class='ocrx_word' id='word_1_174' title='bbox 1622 1036 1781 1080; x_wconf 91' lang='lat' dir='ltr'>quotidie</span> <span class='ocrx_word' id='word_1_175' title='bbox 1808 1035 1938 1076; x_wconf 86' lang='lat' dir='ltr'>docuit,</span> 
     </span>
     <span class='ocr_line' id='line_1_16' title="bbox 174 1090 1940 1138; baseline -0.002 -12"><span class='ocrx_word' id='word_1_176' title='bbox 174 1093 295 1127; x_wconf 86' lang='lat' dir='ltr'>nescio</span> <span class='ocrx_word' id='word_1_177' title='bbox 321 1104 365 1126; x_wconf 87' lang='lat' dir='ltr'>an</span> <span class='ocrx_word' id='word_1_178' title='bbox 392 1095 539 1138; x_wconf 89' lang='lat' dir='ltr'>propter</span> <span class='ocrx_word' id='word_1_179' title='bbox 564 1092 606 1127; x_wconf 92' lang='lat' dir='ltr'>D.</span> <span class='ocrx_word' id='word_1_180' title='bbox 632 1093 823 1126; x_wconf 88' lang='lat' dir='ltr'>Peltanum</span> <span class='ocrx_word' id='word_1_181' title='bbox 849 1092 938 1126; x_wconf 87' lang='lat' dir='ltr'>haec</span> <span class='ocrx_word' id='word_1_182' title='bbox 964 1091 1169 1135; x_wconf 87' lang='lat' dir='ltr'>abroganda</span> <span class='ocrx_word' id='word_1_183' title='bbox 1195 1092 1243 1125; x_wconf 89' lang='lat' dir='ltr'>sit</span> <span class='ocrx_word' id='word_1_184' title='bbox 1269 1090 1509 1131; x_wconf 86' lang='lat' dir='ltr'>consuetudo;</span> <span class='ocrx_word' id='word_1_185' title='bbox 1537 1090 1685 1133; x_wconf 87' lang='lat' dir='ltr'>Allegat</span> <span class='ocrx_word' id='word_1_186' title='bbox 1710 1090 1771 1124; x_wconf 87' lang='lat' dir='ltr'>ille</span> <span class='ocrx_word' id='word_1_187' title='bbox 1797 1091 1940 1134; x_wconf 89' lang='lat' dir='ltr'>praeter</span> 
     </span>
     <span class='ocr_line' id='line_1_17' title="bbox 175 1143 1940 1190; baseline -0.002 -10"><span class='ocrx_word' id='word_1_188' title='bbox 175 1145 246 1180; x_wconf 88' lang='lat' dir='ltr'>alia</span> <span class='ocrx_word' id='word_1_189' title='bbox 271 1146 458 1180; x_wconf 89' lang='lat' dir='ltr'>raritatem</span> <span class='ocrx_word' id='word_1_190' title='bbox 485 1148 521 1179; x_wconf 90' lang='lat' dir='ltr'>et</span> <span class='ocrx_word' id='word_1_191' title='bbox 546 1146 718 1190; x_wconf 88' lang='lat' dir='ltr'>ineptiam</span> <span class='ocrx_word' id='word_1_192' title='bbox 746 1146 959 1186; x_wconf 90' lang='lat' dir='ltr'>auditorum,</span> <span class='ocrx_word' id='word_1_193' title='bbox 987 1145 1112 1188; x_wconf 86' lang='lat' dir='ltr'>augeri</span> <span class='ocrx_word' id='word_1_194' title='bbox 1138 1147 1258 1178; x_wconf 89' lang='lat' dir='ltr'>tamen</span> <span class='ocrx_word' id='word_1_195' title='bbox 1285 1144 1405 1189; x_wconf 88' lang='lat' dir='ltr'>potius</span> <span class='ocrx_word' id='word_1_196' title='bbox 1431 1155 1538 1188; x_wconf 89' lang='lat' dir='ltr'>quam</span> <span class='ocrx_word' id='word_1_197' title='bbox 1564 1143 1725 1177; x_wconf 87' lang='lat' dir='ltr'>imminui</span> <span class='ocrx_word' id='word_1_198' title='bbox 1752 1153 1940 1176; x_wconf 91' lang='lat' dir='ltr'>numerum</span> 
     </span>
     <span class='ocr_line' id='line_1_18' title="bbox 176 1196 1940 1242; baseline -0.002 -9"><span class='ocrx_word' id='word_1_199' title='bbox 176 1199 352 1240; x_wconf 81' lang='lat' dir='ltr'>existimo,</span> <span class='ocrx_word' id='word_1_200' title='bbox 381 1200 598 1233; x_wconf 87' lang='lat' dir='ltr'>Jntermissa</span> <span class='ocrx_word' id='word_1_201' title='bbox 633 1201 689 1233; x_wconf 89' lang='lat' dir='ltr'>est</span> <span class='ocrx_word' id='word_1_202' title='bbox 723 1199 828 1233; x_wconf 89' lang='lat' dir='ltr'>lectio</span> <span class='ocrx_word' id='word_1_203' title='bbox 855 1198 1072 1242; x_wconf 85' lang='lat' dir='ltr'>Theologiae</span> <span class='ocrx_word' id='word_1_204' title='bbox 1108 1197 1351 1242; x_wconf 89' lang='lat' dir='ltr'>pomeridiana</span> <span class='ocrx_word' id='word_1_205' title='bbox 1386 1208 1528 1231; x_wconf 87' lang='lat' dir='ltr'>menses</span> <span class='ocrx_word' id='word_1_206' title='bbox 1559 1197 1716 1240; x_wconf 88' lang='lat' dir='ltr'>quinque</span> <span class='ocrx_word' id='word_1_207' title='bbox 1751 1196 1940 1230; x_wconf 87' lang='lat' dir='ltr'>continuos</span> 
     </span>
     <span class='ocr_line' id='line_1_19' title="bbox 174 1249 1886 1297; baseline -0.002 -11"><span class='ocrx_word' id='word_1_208' title='bbox 174 1255 320 1297; x_wconf 86' lang='lat' dir='ltr'>propter</span> <span class='ocrx_word' id='word_1_209' title='bbox 346 1253 535 1286; x_wconf 87' lang='lat' dir='ltr'>aduersam</span> <span class='ocrx_word' id='word_1_210' title='bbox 562 1252 603 1286; x_wconf 94' lang='lat' dir='ltr'>D.</span> <span class='ocrx_word' id='word_1_211' title='bbox 632 1252 772 1286; x_wconf 83' lang='lat' dir='ltr'>Peltani</span> <span class='ocrx_word' id='word_1_212' title='bbox 798 1251 1062 1286; x_wconf 72' lang='lat' dir='ltr'>valetudiuem⁴⁵</span> <span class='ocrx_word' id='word_1_213' title='bbox 1094 1251 1156 1294; x_wconf 81' lang='lat' dir='ltr'>(ex</span> <span class='ocrx_word' id='word_1_214' title='bbox 1182 1250 1425 1295; x_wconf 78' lang='lat' dir='ltr'>autographo:</span> <span class='ocrx_word' id='word_1_215' title='bbox 1457 1249 1520 1293; x_wconf 58' lang='lat' dir='ltr'>„Gn</span> <span class='ocrx_word' id='word_1_216' title='bbox 1548 1250 1611 1295; x_wconf 86' lang='lat' dir='ltr'>Ep.</span> <span class='ocrx_word' id='word_1_217' title='bbox 1626 1249 1689 1284; x_wconf 68' lang='lat' dir='ltr'>V.“</span> <span class='ocrx_word' id='word_1_218' title='bbox 1720 1250 1744 1283; x_wconf 89' lang='lat' dir='ltr'>f.</span> <span class='ocrx_word' id='word_1_219' title='bbox 1767 1249 1886 1292; x_wconf 65' lang='lat'><strong>1942).</strong></span> 
     </span>
    </p>
   </div>
   <div class='ocr_carea' id='block_1_4' title="bbox 179 1343 1328 1455">
    <p class='ocr_par' dir='ltr' id='par_1_4' title="bbox 179 1343 1328 1455">
     <span class='ocr_line' id='line_1_20' title="bbox 179 1343 1328 1391; baseline -0.003 -9"><span class='ocrx_word' id='word_1_220' title='bbox 179 1344 284 1382; x_wconf 49' lang='lat'>285</span> <span class='ocrx_word' id='word_1_221' title='bbox 311 1347 389 1382; x_wconf 86' lang='lat' dir='ltr'>sive</span> <span class='ocrx_word' id='word_1_222' title='bbox 415 1345 527 1391; x_wconf 80' lang='lat' dir='ltr'>ing.</span> <span class='ocrx_word' id='word_1_223' title='bbox 548 1345 647 1391; x_wconf 70' lang='lat'><strong>(2).</strong></span> <span class='ocrx_word' id='word_1_224' title='bbox 724 1345 766 1381; x_wconf 82' lang='lat' dir='ltr'>M.</span> <span class='ocrx_word' id='word_1_225' title='bbox 786 1344 987 1381; x_wconf 84' lang='lat' dir='ltr'>Februario</span> <span class='ocrx_word' id='word_1_226' title='bbox 1014 1345 1050 1380; x_wconf 87' lang='lat' dir='ltr'>et</span> <span class='ocrx_word' id='word_1_227' title='bbox 1076 1343 1208 1380; x_wconf 83' lang='lat' dir='ltr'>Martio</span> <span class='ocrx_word' id='word_1_228' title='bbox 1234 1343 1328 1379; x_wconf 83' lang='lat'><strong>1565.</strong></span> 
     </span>
     <span class='ocr_line' id='line_1_21' title="bbox 297 1410 1040 1455; baseline -0.003 -10"><span class='ocrx_word' id='word_1_229' title='bbox 297 1411 353 1445; x_wconf 79' lang='lat' dir='ltr'>EX</span> <span class='ocrx_word' id='word_1_230' title='bbox 379 1411 612 1455; x_wconf 86' lang='lat' dir='ltr'>autographo.</span> <span class='ocrx_word' id='word_1_231' title='bbox 656 1410 720 1453; x_wconf 82' lang='lat' dir='ltr'>„G.</span> <span class='ocrx_word' id='word_1_232' title='bbox 739 1410 803 1455; x_wconf 85' lang='lat' dir='ltr'>Ep.</span> <span class='ocrx_word' id='word_1_233' title='bbox 818 1410 888 1444; x_wconf 67' lang='lat' dir='ltr'>VP‘</span> <span class='ocrx_word' id='word_1_234' title='bbox 916 1410 940 1444; x_wconf 80' lang='lat' dir='ltr'>f.</span> <span class='ocrx_word' id='word_1_235' title='bbox 964 1410 1040 1444; x_wconf 90' lang='lat'><strong>101.</strong></span> 
     </span>
    </p>
   </div>
   <div class='ocr_carea' id='block_1_5' title="bbox 179 1473 1942 1624">
    <p class='ocr_par' dir='ltr' id='par_1_5' title="bbox 179 1473 1942 1624">
     <span class='ocr_line' id='line_1_22' title="bbox 300 1473 1941 1518; baseline -0.002 -9"><span class='ocrx_word' id='word_1_236' title='bbox 300 1477 445 1510; x_wconf 73' lang='lat' dir='ltr'>Canisio</span> <span class='ocrx_word' id='word_1_237' title='bbox 480 1477 530 1509; x_wconf 75' lang='lat' dir='ltr'>vel</span> <span class='ocrx_word' id='word_1_238' title='bbox 564 1477 757 1509; x_wconf 77' lang='lat' dir='ltr'>mandante</span> <span class='ocrx_word' id='word_1_239' title='bbox 790 1476 840 1508; x_wconf 70' lang='lat' dir='ltr'>rel</span> <span class='ocrx_word' id='word_1_240' title='bbox 873 1476 1046 1518; x_wconf 76' lang='lat' dir='ltr'>probante</span> <span class='ocrx_word' id='word_1_241' title='bbox 1080 1475 1299 1517; x_wconf 67' lang='lat' dir='ltr'>Inyolstadio</span> <span class='ocrx_word' id='word_1_242' title='bbox 1334 1475 1404 1508; x_wconf 70' lang='lat' dir='ltr'>PF.</span> <span class='ocrx_word' id='word_1_243' title='bbox 1438 1474 1676 1507; x_wconf 71' lang='lat' dir='ltr'>Theodoricus</span> <span class='ocrx_word' id='word_1_244' title='bbox 1712 1473 1878 1506; x_wconf 72' lang='lat' dir='ltr'>Canisius</span> <span class='ocrx_word' id='word_1_245' title='bbox 1912 1477 1941 1505; x_wconf 78' lang='lat' dir='ltr'>et</span> 
     </span>
     <span class='ocr_line' id='line_1_23' title="bbox 180 1527 1942 1572; baseline -0.002 -10"><span class='ocrx_word' id='word_1_246' title='bbox 180 1530 383 1572; x_wconf 73' lang='lat' dir='ltr'>Alphonsus</span> <span class='ocrx_word' id='word_1_247' title='bbox 409 1530 615 1562; x_wconf 73' lang='lat' dir='ltr'>Pinedanus</span> <span class='ocrx_word' id='word_1_248' title='bbox 641 1533 671 1561; x_wconf 80' lang='lat' dir='ltr'>et</span> <span class='ocrx_word' id='word_1_249' title='bbox 697 1530 908 1562; x_wconf 71' lang='lat' dir='ltr'>Bertramus</span> <span class='ocrx_word' id='word_1_250' title='bbox 933 1530 1051 1570; x_wconf 73' lang='lat' dir='ltr'>frater</span> <span class='ocrx_word' id='word_1_251' title='bbox 1076 1529 1188 1561; x_wconf 69' lang='lat' dir='ltr'>laicus·</span> <span class='ocrx_word' id='word_1_252' title='bbox 1217 1530 1414 1571; x_wconf 69' lang='lat' dir='ltr'>Auyustam.</span> <span class='ocrx_word' id='word_1_253' title='bbox 1441 1528 1594 1569; x_wconf 74' lang='lat' dir='ltr'>veniunt,</span> <span class='ocrx_word' id='word_1_254' title='bbox 1631 1527 1725 1560; x_wconf 73' lang='lat' dir='ltr'>alius</span> <span class='ocrx_word' id='word_1_255' title='bbox 1750 1527 1863 1560; x_wconf 76' lang='lat' dir='ltr'>laicus</span> <span class='ocrx_word' id='word_1_256' title='bbox 1888 1527 1942 1559; x_wconf 70' lang='lat' dir='ltr'>di-</span> 
     </span>
     <span class='ocr_line' id='line_1_24' title="bbox 179 1582 1166 1624; baseline -0.001 -10"><span class='ocrx_word' id='word_1_257' title='bbox 179 1584 344 1616; x_wconf 61' lang='lat' dir='ltr'>mittitur.</span> <span class='ocrx_word' id='word_1_258' title='bbox 397 1582 565 1616; x_wconf 64' lang='lat' dir='ltr'>Cani-sins</span> <span class='ocrx_word' id='word_1_259' title='bbox 590 1583 848 1624; x_wconf 66' lang='lat' dir='ltr'>Inssolstadium</span> <span class='ocrx_word' id='word_1_260' title='bbox 877 1593 1024 1624; x_wconf 75' lang='lat' dir='ltr'>coquum</span> <span class='ocrx_word' id='word_1_261' title='bbox 1050 1582 1166 1614; x_wconf 67' lang='lat' dir='ltr'>mittit.</span> 
     </span>
    </p>
   </div>
   <div class='ocr_carea' id='block_1_6' title="bbox 180 1645 1945 2591">
    <p class='ocr_par' dir='ltr' id='par_1_6' title="bbox 180 1645 1945 2486">
     <span class='ocr_line' id='line_1_25' title="bbox 300 1645 1943 1689; baseline -0.001 -10"><span class='ocrx_word' id='word_1_262' title='bbox 300 1647 337 1680; x_wconf 88' lang='lat' dir='ltr'><strong>P.</strong></span> <span class='ocrx_word' id='word_1_263' title='bbox 362 1647 600 1681; x_wconf 74' lang='lat' dir='ltr'>Theodoricns</span> <span class='ocrx_word' id='word_1_264' title='bbox 621 1647 789 1680; x_wconf 70' lang='lat' dir='ltr'>Canisius</span> <span class='ocrx_word' id='word_1_265' title='bbox 808 1648 843 1680; x_wconf 82' lang='lat' dir='ltr'>S.</span> <span class='ocrx_word' id='word_1_266' title='bbox 860 1648 909 1689; x_wconf 85' lang='lat' dir='ltr'>J.‚</span> <span class='ocrx_word' id='word_1_267' title='bbox 937 1658 979 1679; x_wconf 67' lang='lat' dir='ltr'>ea·</span> <span class='ocrx_word' id='word_1_268' title='bbox 1005 1647 1140 1689; x_wconf 68' lang='lat' dir='ltr'>colleyii</span> <span class='ocrx_word' id='word_1_269' title='bbox 1159 1646 1444 1688; x_wconf 67' lang='lat' dir='ltr'>myolstadz‘ensis</span> <span class='ocrx_word' id='word_1_270' title='bbox 1461 1649 1639 1678; x_wconf 75' lang='lat' dir='ltr'>rectoratu</span> <span class='ocrx_word' id='word_1_271' title='bbox 1664 1645 1712 1678; x_wconf 80' lang='lat' dir='ltr'>ad</span> <span class='ocrx_word' id='word_1_272' title='bbox 1729 1649 1943 1678; x_wconf 78' lang='lat' dir='ltr'>rectoralum</span> 
     </span>
     <span class='ocr_line' id='line_1_26' title="bbox 180 1698 1944 1743; baseline -0.001 -11"><span class='ocrx_word' id='word_1_273' title='bbox 180 1700 406 1743; x_wconf 69' lang='lat' dir='ltr'>dilinyanum</span> <span class='ocrx_word' id='word_1_274' title='bbox 439 1712 504 1743; x_wconf 75' lang='lat' dir='ltr'>per</span> <span class='ocrx_word' id='word_1_275' title='bbox 538 1700 683 1733; x_wconf 70' lang='lat' dir='ltr'>Petrum</span> <span class='ocrx_word' id='word_1_276' title='bbox 717 1701 881 1742; x_wconf 77' lang='lat' dir='ltr'>fratrem,</span> <span class='ocrx_word' id='word_1_277' title='bbox 925 1701 1140 1732; x_wconf 73' lang='lat' dir='ltr'>Germaniae</span> <span class='ocrx_word' id='word_1_278' title='bbox 1174 1700 1373 1742; x_wconf 71' lang='lat' dir='ltr'>superioris</span> <span class='ocrx_word' id='word_1_279' title='bbox 1406 1699 1649 1741; x_wconf 72' lang='lat' dir='ltr'>praepositum</span> <span class='ocrx_word' id='word_1_280' title='bbox 1678 1698 1944 1741; x_wconf 75' lang='lat' dir='ltr'>provincialem,</span> 
     </span>
     <span class='ocr_line' id='line_1_27' title="bbox 181 1751 1942 1795; baseline -0.001 -10"><span class='ocrx_word' id='word_1_281' title='bbox 181 1754 391 1786; x_wconf 65' lang='lat' dir='ltr'>(auctoritate</span> <span class='ocrx_word' id='word_1_282' title='bbox 418 1754 454 1786; x_wconf 81' lang='lat' dir='ltr'>S.</span> <span class='ocrx_word' id='word_1_283' title='bbox 481 1753 671 1786; x_wconf 72' lang='lat' dir='ltr'>Francisci</span> <span class='ocrx_word' id='word_1_284' title='bbox 696 1753 849 1795; x_wconf 70' lang='lat' dir='ltr'>Boryz&#39;ae</span> <span class='ocrx_word' id='word_1_285' title='bbox 882 1754 1012 1786; x_wconf 54' lang='lat' dir='ltr'>‘vicarii</span> <span class='ocrx_word' id='word_1_286' title='bbox 1043 1753 1220 1794; x_wconf 72' lang='lat' dir='ltr'>[senerctlis</span> <span class='ocrx_word' id='word_1_287' title='bbox 1254 1752 1452 1785; x_wconf 78' lang='lat' dir='ltr'>translatus</span> <span class='ocrx_word' id='word_1_288' title='bbox 1487 1752 1584 1792; x_wconf 75' lang='lat' dir='ltr'>(vide</span> <span class='ocrx_word' id='word_1_289' title='bbox 1617 1762 1730 1794; x_wconf 71' lang='lat' dir='ltr'>supra</span> <span class='ocrx_word' id='word_1_290' title='bbox 1758 1762 1798 1794; x_wconf 75' lang='lat'>2).</span> <span class='ocrx_word' id='word_1_291' title='bbox 1817 1753 1839 1784; x_wconf 83' lang='lat'><strong><em>2</em></strong></span> <span class='ocrx_word' id='word_1_292' title='bbox 1865 1751 1942 1794; x_wconf 79' lang='lat'>46),</span> 
     </span>
     <span class='ocr_line' id='line_1_28' title="bbox 182 1803 1944 1849; baseline -0.001 -10"><span class='ocrx_word' id='word_1_293' title='bbox 182 1806 331 1849; x_wconf 66' lang='lat' dir='ltr'>Dilinya</span> <span class='ocrx_word' id='word_1_294' title='bbox 366 1808 421 1840; x_wconf 85' lang='lat'>30.</span> <span class='ocrx_word' id='word_1_295' title='bbox 451 1806 581 1839; x_wconf 70' lang='lat' dir='ltr'>Martii</span> <span class='ocrx_word' id='word_1_296' title='bbox 618 1808 708 1839; x_wconf 80' lang='lat'><em>1565</em></span> <span class='ocrx_word' id='word_1_297' title='bbox 743 1806 893 1839; x_wconf 77' lang='lat' dir='ltr'>Romam</span> <span class='ocrx_word' id='word_1_298' title='bbox 929 1807 976 1838; x_wconf 74' lang='lat' dir='ltr'>ad</span> <span class='ocrx_word' id='word_1_299' title='bbox 1011 1806 1157 1838; x_wconf 77' lang='lat' dir='ltr'>eundem</span> <span class='ocrx_word' id='word_1_300' title='bbox 1187 1806 1357 1848; x_wconf 64' lang='lat' dir='ltr'>Boaeyiam</span> <span class='ocrx_word' id='word_1_301' title='bbox 1392 1805 1556 1847; x_wconf 70' lang='lat' dir='ltr'>scripsit:</span> <span class='ocrx_word' id='word_1_302' title='bbox 1591 1803 1944 1847; x_wconf 84' lang='lat' dir='ltr'>Jngolstadiensibus</span> 
     </span>
     <span class='ocr_line' id='line_1_29' title="bbox 181 1856 1943 1901; baseline -0.001 -10"><span class='ocrx_word' id='word_1_303' title='bbox 181 1858 340 1892; x_wconf 84' lang='lat' dir='ltr'>valedixi</span> <span class='ocrx_word' id='word_1_304' title='bbox 359 1859 403 1892; x_wconf 79' lang='lat'>22</span> <span class='ocrx_word' id='word_1_305' title='bbox 422 1858 528 1892; x_wconf 89' lang='lat' dir='ltr'>huius</span> <span class='ocrx_word' id='word_1_306' title='bbox 545 1859 689 1899; x_wconf 81' lang='lat' dir='ltr'>mensis,</span> <span class='ocrx_word' id='word_1_307' title='bbox 708 1858 913 1901; x_wconf 86' lang='lat' dir='ltr'>Augustam</span> <span class='ocrx_word' id='word_1_308' title='bbox 931 1858 1071 1892; x_wconf 86' lang='lat' dir='ltr'>scilicet</span> <span class='ocrx_word' id='word_1_309' title='bbox 1089 1869 1109 1892; x_wconf 86' lang='lat' dir='ltr'>a</span> <span class='ocrx_word' id='word_1_310' title='bbox 1126 1858 1167 1892; x_wconf 88' lang='lat' dir='ltr'><strong>R.</strong></span> <span class='ocrx_word' id='word_1_311' title='bbox 1180 1858 1219 1891; x_wconf 88' lang='lat' dir='ltr'><strong>P.</strong></span> <span class='ocrx_word' id='word_1_312' title='bbox 1233 1857 1450 1891; x_wconf 86' lang='lat' dir='ltr'>Prouinciali</span> <span class='ocrx_word' id='word_1_313' title='bbox 1468 1856 1574 1901; x_wconf 90' lang='lat' dir='ltr'>paulo</span> <span class='ocrx_word' id='word_1_314' title='bbox 1593 1859 1676 1890; x_wconf 89' lang='lat' dir='ltr'>ante</span> <span class='ocrx_word' id='word_1_315' title='bbox 1695 1858 1876 1891; x_wconf 88' lang='lat' dir='ltr'>euocatus.</span> <span class='ocrx_word' id='word_1_316' title='bbox 1892 1883 1899 1891; x_wconf 92' lang='lat'>.</span> <span class='ocrx_word' id='word_1_317' title='bbox 1916 1883 1943 1890; x_wconf 91' lang='lat'>..</span> 
     </span>
     <span class='ocr_line' id='line_1_30' title="bbox 182 1909 1944 1955; baseline -0.001 -10"><span class='ocrx_word' id='word_1_318' title='bbox 182 1911 325 1945; x_wconf 80' lang='lat' dir='ltr'>Abduxi</span> <span class='ocrx_word' id='word_1_319' title='bbox 344 1938 350 1945; x_wconf 95' lang='lat'>.</span> <span class='ocrx_word' id='word_1_320' title='bbox 372 1939 378 1945; x_wconf 95' lang='lat'>.</span> <span class='ocrx_word' id='word_1_321' title='bbox 399 1938 406 1946; x_wconf 93' lang='lat'>.</span> <span class='ocrx_word' id='word_1_322' title='bbox 426 1923 491 1954; x_wconf 88' lang='lat' dir='ltr'>ego</span> <span class='ocrx_word' id='word_1_323' title='bbox 517 1923 655 1945; x_wconf 89' lang='lat' dir='ltr'>mecum</span> <span class='ocrx_word' id='word_1_324' title='bbox 675 1912 877 1954; x_wconf 87' lang='lat' dir='ltr'>Augustam</span> <span class='ocrx_word' id='word_1_325' title='bbox 897 1911 935 1945; x_wconf 92' lang='lat' dir='ltr'>P.</span> <span class='ocrx_word' id='word_1_326' title='bbox 955 1910 1179 1955; x_wconf 88' lang='lat' dir='ltr'>Alphonsum</span> <span class='ocrx_word' id='word_1_327' title='bbox 1198 1910 1419 1944; x_wconf 89' lang='lat' dir='ltr'>Pinedanum</span> <span class='ocrx_word' id='word_1_328' title='bbox 1434 1911 1446 1930; x_wconf 78' lang='lat'>2</span> <span class='ocrx_word' id='word_1_329' title='bbox 1473 1922 1518 1943; x_wconf 85' lang='lat' dir='ltr'>ex</span> <span class='ocrx_word' id='word_1_330' title='bbox 1545 1909 1693 1944; x_wconf 87' lang='lat' dir='ltr'>consilio</span> <span class='ocrx_word' id='word_1_331' title='bbox 1712 1910 1944 1950; x_wconf 85' lang='lat' dir='ltr'>Medicorum,</span> 
     </span>
     <span class='ocr_line' id='line_1_31' title="bbox 182 1962 1943 2008; baseline -0.001 -10"><span class='ocrx_word' id='word_1_332' title='bbox 182 1968 218 1998; x_wconf 90' lang='lat' dir='ltr'>et</span> <span class='ocrx_word' id='word_1_333' title='bbox 244 1976 420 1999; x_wconf 83' lang='lat' dir='ltr'>consensu</span> <span class='ocrx_word' id='word_1_334' title='bbox 446 1965 484 1998; x_wconf 89' lang='lat' dir='ltr'><strong>P.</strong></span> <span class='ocrx_word' id='word_1_335' title='bbox 505 1964 753 2006; x_wconf 90' lang='lat' dir='ltr'>Prouincialis,</span> <span class='ocrx_word' id='word_1_336' title='bbox 789 1966 829 1997; x_wconf 83' lang='lat' dir='ltr'>vt</span> <span class='ocrx_word' id='word_1_337' title='bbox 864 1964 945 1998; x_wconf 90' lang='lat' dir='ltr'>inde</span> <span class='ocrx_word' id='word_1_338' title='bbox 972 1963 1213 2008; x_wconf 88' lang='lat' dir='ltr'>Oenipontum</span> <span class='ocrx_word' id='word_1_339' title='bbox 1250 1967 1286 1997; x_wconf 90' lang='lat' dir='ltr'>et</span> <span class='ocrx_word' id='word_1_340' title='bbox 1320 1963 1413 1997; x_wconf 88' lang='lat' dir='ltr'>forte</span> <span class='ocrx_word' id='word_1_341' title='bbox 1439 1963 1593 1997; x_wconf 86' lang='lat' dir='ltr'>vlterius</span> <span class='ocrx_word' id='word_1_342' title='bbox 1628 1963 1664 1996; x_wconf 90' lang='lat' dir='ltr'>in</span> <span class='ocrx_word' id='word_1_343' title='bbox 1691 1962 1839 1996; x_wconf 81' lang='lat' dir='ltr'>Jtaliam</span> <span class='ocrx_word' id='word_1_344' title='bbox 1866 1974 1943 2008; x_wconf 89' lang='lat' dir='ltr'>pro-</span> 
     </span>
     <span class='ocr_line' id='line_1_32' title="bbox 181 2016 1944 2061; baseline -0.001 -10"><span class='ocrx_word' id='word_1_345' title='bbox 181 2017 374 2058; x_wconf 85' lang='lat' dir='ltr'>ficiscatur,</span> <span class='ocrx_word' id='word_1_346' title='bbox 409 2017 439 2051; x_wconf 91' lang='lat' dir='ltr'>si</span> <span class='ocrx_word' id='word_1_347' title='bbox 473 2017 567 2051; x_wconf 88' lang='lat' dir='ltr'>forte</span> <span class='ocrx_word' id='word_1_348' title='bbox 601 2016 690 2051; x_wconf 89' lang='lat' dir='ltr'>haec</span> <span class='ocrx_word' id='word_1_349' title='bbox 717 2017 806 2050; x_wconf 88' lang='lat' dir='ltr'>coeli</span> <span class='ocrx_word' id='word_1_350' title='bbox 832 2016 984 2050; x_wconf 90' lang='lat' dir='ltr'>mutatio</span> <span class='ocrx_word' id='word_1_351' title='bbox 1010 2016 1168 2050; x_wconf 85' lang='lat' dir='ltr'>afflictae</span> <span class='ocrx_word' id='word_1_352' title='bbox 1194 2016 1271 2050; x_wconf 90' lang='lat' dir='ltr'>eius</span> <span class='ocrx_word' id='word_1_353' title='bbox 1298 2028 1343 2050; x_wconf 85' lang='lat' dir='ltr'>ex</span> <span class='ocrx_word' id='word_1_354' title='bbox 1369 2018 1471 2061; x_wconf 86' lang='lat' dir='ltr'>parte</span> <span class='ocrx_word' id='word_1_355' title='bbox 1505 2016 1627 2060; x_wconf 85' lang='lat' dir='ltr'>aliqua</span> <span class='ocrx_word' id='word_1_356' title='bbox 1662 2016 1823 2050; x_wconf 87' lang='lat' dir='ltr'>conferat</span> <span class='ocrx_word' id='word_1_357' title='bbox 1847 2016 1944 2050; x_wconf 86' lang='lat' dir='ltr'>vale-</span> 
     </span>
     <span class='ocr_line' id='line_1_33' title="bbox 182 2069 1945 2115; baseline -0.001 -11"><span class='ocrx_word' id='word_1_358' title='bbox 182 2070 309 2104; x_wconf 88' lang='lat' dir='ltr'>tudini.</span> <span class='ocrx_word' id='word_1_359' title='bbox 328 2097 336 2105; x_wconf 89' lang='lat'>.</span> <span class='ocrx_word' id='word_1_360' title='bbox 357 2098 363 2104; x_wconf 93' lang='lat'>.</span> <span class='ocrx_word' id='word_1_361' title='bbox 385 2098 391 2105; x_wconf 91' lang='lat'>.</span> <span class='ocrx_word' id='word_1_362' title='bbox 412 2069 630 2115; x_wconf 83' lang='lat' dir='ltr'>Jngolstadij</span> <span class='ocrx_word' id='word_1_363' title='bbox 652 2097 658 2103; x_wconf 95' lang='lat'>.</span> <span class='ocrx_word' id='word_1_364' title='bbox 680 2097 686 2103; x_wconf 94' lang='lat'>.</span> <span class='ocrx_word' id='word_1_365' title='bbox 709 2096 715 2103; x_wconf 97' lang='lat'>.</span> <span class='ocrx_word' id='word_1_366' title='bbox 736 2070 839 2104; x_wconf 89' lang='lat' dir='ltr'>adest</span> <span class='ocrx_word' id='word_1_367' title='bbox 865 2081 1000 2114; x_wconf 89' lang='lat' dir='ltr'>coquus</span> <span class='ocrx_word' id='word_1_368' title='bbox 1019 2072 1202 2111; x_wconf 81' lang='lat' dir='ltr'>externus,</span> <span class='ocrx_word' id='word_1_369' title='bbox 1230 2081 1336 2113; x_wconf 90' lang='lat' dir='ltr'>quem</span> <span class='ocrx_word' id='word_1_370' title='bbox 1361 2069 1467 2114; x_wconf 89' lang='lat' dir='ltr'>paulo</span> <span class='ocrx_word' id='word_1_371' title='bbox 1494 2071 1577 2103; x_wconf 89' lang='lat' dir='ltr'>ante</span> <span class='ocrx_word' id='word_1_372' title='bbox 1603 2069 1802 2103; x_wconf 86' lang='lat' dir='ltr'>discessum</span> <span class='ocrx_word' id='word_1_373' title='bbox 1826 2080 1945 2103; x_wconf 87' lang='lat' dir='ltr'>meum</span> 
     </span>
     <span class='ocr_line' id='line_1_34' title="bbox 182 2122 1944 2167; baseline -0.001 -9"><span class='ocrx_word' id='word_1_374' title='bbox 182 2124 281 2158; x_wconf 88' lang='lat' dir='ltr'>misit</span> <span class='ocrx_word' id='word_1_375' title='bbox 306 2124 472 2167; x_wconf 88' lang='lat' dir='ltr'>Augusta</span> <span class='ocrx_word' id='word_1_376' title='bbox 506 2122 548 2157; x_wconf 89' lang='lat' dir='ltr'><strong>R.</strong></span> <span class='ocrx_word' id='word_1_377' title='bbox 576 2123 616 2157; x_wconf 88' lang='lat' dir='ltr'>P.</span> <span class='ocrx_word' id='word_1_378' title='bbox 643 2123 885 2167; x_wconf 88' lang='lat' dir='ltr'>prouincialis.</span> <span class='ocrx_word' id='word_1_379' title='bbox 937 2123 1123 2157; x_wconf 85' lang='lat' dir='ltr'>Conradus</span> <span class='ocrx_word' id='word_1_380' title='bbox 1159 2123 1253 2156; x_wconf 87' lang='lat' dir='ltr'>enim</span> <span class='ocrx_word' id='word_1_381' title='bbox 1289 2134 1436 2166; x_wconf 85' lang='lat' dir='ltr'>coquus,</span> <span class='ocrx_word' id='word_1_382' title='bbox 1472 2122 1515 2156; x_wconf 89' lang='lat' dir='ltr'>de</span> <span class='ocrx_word' id='word_1_383' title='bbox 1550 2134 1619 2166; x_wconf 91' lang='lat' dir='ltr'>quo</span> <span class='ocrx_word' id='word_1_384' title='bbox 1654 2123 1783 2167; x_wconf 86' lang='lat' dir='ltr'>scripsi</span> <span class='ocrx_word' id='word_1_385' title='bbox 1818 2122 1907 2157; x_wconf 85' lang='lat' dir='ltr'>alias</span> <span class='ocrx_word' id='word_1_386' title='bbox 1921 2123 1944 2165; x_wconf 83' lang='lat'>³,</span> 
     </span>
     <span class='ocr_line' id='line_1_35' title="bbox 181 2175 1944 2221; baseline -0.001 -10"><span class='ocrx_word' id='word_1_387' title='bbox 181 2179 328 2221; x_wconf 91' lang='lat' dir='ltr'>propter</span> <span class='ocrx_word' id='word_1_388' title='bbox 362 2176 566 2221; x_wconf 88' lang='lat' dir='ltr'>praesentia</span> <span class='ocrx_word' id='word_1_389' title='bbox 601 2176 760 2220; x_wconf 88' lang='lat' dir='ltr'>pericula</span> <span class='ocrx_word' id='word_1_390' title='bbox 787 2178 824 2209; x_wconf 88' lang='lat' dir='ltr'>et</span> <span class='ocrx_word' id='word_1_391' title='bbox 849 2175 1030 2217; x_wconf 85' lang='lat' dir='ltr'>scandala,</span> <span class='ocrx_word' id='word_1_392' title='bbox 1067 2187 1157 2220; x_wconf 90' lang='lat' dir='ltr'>quae</span> <span class='ocrx_word' id='word_1_393' title='bbox 1185 2175 1432 2210; x_wconf 88' lang='lat' dir='ltr'>verisimiliter</span> <span class='ocrx_word' id='word_1_394' title='bbox 1462 2175 1692 2218; x_wconf 71' lang='lat' dir='ltr'>timebantur,</span> <span class='ocrx_word' id='word_1_395' title='bbox 1728 2176 1898 2210; x_wconf 88' lang='lat' dir='ltr'>dimissus</span> <span class='ocrx_word' id='word_1_396' title='bbox 1924 2187 1944 2209; x_wconf 88' lang='lat' dir='ltr'>a</span> 
     </span>
     <span class='ocr_line' id='line_1_36' title="bbox 181 2227 1944 2273; baseline -0.002 -9"><span class='ocrx_word' id='word_1_397' title='bbox 181 2230 283 2264; x_wconf 90' lang='lat' dir='ltr'>nobis</span> <span class='ocrx_word' id='word_1_398' title='bbox 308 2230 387 2270; x_wconf 84' lang='lat' dir='ltr'>fuit,</span> <span class='ocrx_word' id='word_1_399' title='bbox 414 2240 589 2263; x_wconf 90' lang='lat' dir='ltr'>consensu</span> <span class='ocrx_word' id='word_1_400' title='bbox 609 2228 646 2262; x_wconf 89' lang='grc' dir='ltr'>Ρ.</span> <span class='ocrx_word' id='word_1_401' title='bbox 667 2228 913 2263; x_wconf 86' lang='lat' dir='ltr'>Prouincialis.</span> <span class='ocrx_word' id='word_1_402' title='bbox 950 2229 1167 2273; x_wconf 88' lang='lat' dir='ltr'>Corruperat</span> <span class='ocrx_word' id='word_1_403' title='bbox 1193 2230 1312 2262; x_wconf 89' lang='lat' dir='ltr'>autem</span> <span class='ocrx_word' id='word_1_404' title='bbox 1332 2229 1362 2262; x_wconf 94' lang='lat' dir='ltr'>is</span> <span class='ocrx_word' id='word_1_405' title='bbox 1380 2229 1517 2262; x_wconf 90' lang='lat' dir='ltr'>socium</span> <span class='ocrx_word' id='word_1_406' title='bbox 1535 2227 1675 2262; x_wconf 87' lang='lat' dir='ltr'>culinae</span> <span class='ocrx_word' id='word_1_407' title='bbox 1693 2228 1917 2263; x_wconf 88' lang='lat' dir='ltr'>Bertramum</span> <span class='ocrx_word' id='word_1_408' title='bbox 1932 2230 1944 2248; x_wconf 70' lang='lat'><strong>⁴</strong></span> 
     </span>
     <span class='ocr_line' id='line_1_37' title="bbox 183 2281 1944 2326; baseline -0.001 -9"><span class='ocrx_word' id='word_1_409' title='bbox 183 2282 440 2324; x_wconf 87' lang='lat' dir='ltr'>Coloniensem,</span> <span class='ocrx_word' id='word_1_410' title='bbox 467 2293 573 2326; x_wconf 90' lang='lat' dir='ltr'>quem</span> <span class='ocrx_word' id='word_1_411' title='bbox 600 2281 726 2316; x_wconf 88' lang='lat' dir='ltr'>deinde</span> <span class='ocrx_word' id='word_1_412' title='bbox 752 2281 878 2315; x_wconf 89' lang='lat' dir='ltr'>habuit</span> <span class='ocrx_word' id='word_1_413' title='bbox 904 2293 1160 2323; x_wconf 87' lang='lat' dir='ltr'>successorem,</span> <span class='ocrx_word' id='word_1_414' title='bbox 1191 2284 1231 2316; x_wconf 88' lang='lat' dir='ltr'>vt</span> <span class='ocrx_word' id='word_1_415' title='bbox 1257 2282 1292 2315; x_wconf 90' lang='lat' dir='ltr'>in</span> <span class='ocrx_word' id='word_1_416' title='bbox 1318 2281 1379 2315; x_wconf 92' lang='lat' dir='ltr'>illo</span> <span class='ocrx_word' id='word_1_417' title='bbox 1407 2292 1547 2325; x_wconf 91' lang='lat' dir='ltr'>quoque</span> <span class='ocrx_word' id='word_1_418' title='bbox 1574 2281 1697 2315; x_wconf 90' lang='lat' dir='ltr'>eadem</span> <span class='ocrx_word' id='word_1_419' title='bbox 1724 2281 1882 2326; x_wconf 87' lang='lat' dir='ltr'>pericula</span> <span class='ocrx_word' id='word_1_420' title='bbox 1909 2285 1944 2315; x_wconf 89' lang='lat' dir='ltr'>et</span> 
     </span>
     <span class='ocr_line' id='line_1_38' title="bbox 181 2334 1943 2380; baseline -0.001 -10"><span class='ocrx_word' id='word_1_421' title='bbox 181 2336 353 2370; x_wconf 89' lang='lat' dir='ltr'>scandala</span> <span class='ocrx_word' id='word_1_422' title='bbox 378 2336 611 2369; x_wconf 85' lang='lat' dir='ltr'>timerentur:</span> <span class='ocrx_word' id='word_1_423' title='bbox 638 2335 726 2369; x_wconf 87' lang='lat' dir='ltr'>Cum</span> <span class='ocrx_word' id='word_1_424' title='bbox 753 2337 872 2368; x_wconf 90' lang='lat' dir='ltr'>autem</span> <span class='ocrx_word' id='word_1_425' title='bbox 891 2335 1103 2369; x_wconf 88' lang='lat' dir='ltr'>Bertramus</span> <span class='ocrx_word' id='word_1_426' title='bbox 1129 2335 1197 2369; x_wconf 88' lang='lat' dir='ltr'>iste</span> <span class='ocrx_word' id='word_1_427' title='bbox 1223 2335 1444 2380; x_wconf 85' lang='lat' dir='ltr'>pertinacius</span> <span class='ocrx_word' id='word_1_428' title='bbox 1470 2335 1506 2368; x_wconf 89' lang='lat' dir='ltr'>in</span> <span class='ocrx_word' id='word_1_429' title='bbox 1524 2334 1619 2368; x_wconf 88' lang='lat' dir='ltr'>malo</span> <span class='ocrx_word' id='word_1_430' title='bbox 1637 2335 1849 2379; x_wconf 87' lang='lat' dir='ltr'>persisteret</span> <span class='ocrx_word' id='word_1_431' title='bbox 1866 2347 1943 2380; x_wconf 87' lang='lat' dir='ltr'>pro·</span> 
     </span>
     <span class='ocr_line' id='line_1_39' title="bbox 182 2388 1942 2434; baseline 0 -11"><span class='ocrx_word' id='word_1_432' title='bbox 182 2389 297 2434; x_wconf 90' lang='lat' dir='ltr'>posito</span> <span class='ocrx_word' id='word_1_433' title='bbox 324 2391 360 2422; x_wconf 87' lang='lat' dir='ltr'>et</span> <span class='ocrx_word' id='word_1_434' title='bbox 385 2390 428 2423; x_wconf 90' lang='lat' dir='ltr'>de</span> <span class='ocrx_word' id='word_1_435' title='bbox 446 2388 613 2433; x_wconf 86' lang='lat' dir='ltr'>Aegypto</span> <span class='ocrx_word' id='word_1_436' title='bbox 639 2388 859 2433; x_wconf 79' lang='lat' dir='ltr'>repetenda5</span> <span class='ocrx_word' id='word_1_437' title='bbox 884 2388 990 2432; x_wconf 88' lang='lat' dir='ltr'>plane</span> <span class='ocrx_word' id='word_1_438' title='bbox 1008 2389 1197 2432; x_wconf 80' lang='lat' dir='ltr'>cogitaret,</span> <span class='ocrx_word' id='word_1_439' title='bbox 1224 2390 1428 2431; x_wconf 88' lang='lat' dir='ltr'>Augustam</span> <span class='ocrx_word' id='word_1_440' title='bbox 1448 2388 1581 2422; x_wconf 88' lang='lat' dir='ltr'>missus</span> <span class='ocrx_word' id='word_1_441' title='bbox 1600 2390 1665 2429; x_wconf 83' lang='lat' dir='ltr'>est,</span> <span class='ocrx_word' id='word_1_442' title='bbox 1694 2391 1729 2422; x_wconf 89' lang='lat' dir='ltr'>et</span> <span class='ocrx_word' id='word_1_443' title='bbox 1754 2389 1836 2422; x_wconf 88' lang='lat' dir='ltr'>inde</span> <span class='ocrx_word' id='word_1_444' title='bbox 1862 2388 1942 2431; x_wconf 88' lang='lat' dir='ltr'>huc,</span> 
     </span>
     <span class='ocr_line' id='line_1_40' title="bbox 183 2441 938 2486; baseline -0.001 -11"><span class='ocrx_word' id='word_1_445' title='bbox 183 2442 243 2476; x_wconf 82' lang='lat' dir='ltr'>vbi</span> <span class='ocrx_word' id='word_1_446' title='bbox 269 2453 362 2475; x_wconf 87' lang='lat' dir='ltr'>nunc</span> <span class='ocrx_word' id='word_1_447' title='bbox 389 2441 593 2486; x_wconf 89' lang='lat' dir='ltr'>probandus</span> <span class='ocrx_word' id='word_1_448' title='bbox 620 2441 689 2475; x_wconf 90' lang='lat' dir='ltr'>erit</span> <span class='ocrx_word' id='word_1_449' title='bbox 714 2441 758 2474; x_wconf 89' lang='lat' dir='ltr'>ad</span> <span class='ocrx_word' id='word_1_450' title='bbox 784 2443 938 2485; x_wconf 85' lang='lat' dir='ltr'>tempus.</span> 
     </span>
    </p>

    <p class='ocr_par' dir='ltr' id='par_1_7' title="bbox 184 2493 1943 2591">
     <span class='ocr_line' id='line_1_41' title="bbox 302 2493 1943 2539; baseline 0 -11"><span class='ocrx_word' id='word_1_451' title='bbox 302 2494 392 2536; x_wconf 85' lang='lat' dir='ltr'>Quid</span> <span class='ocrx_word' id='word_1_452' title='bbox 419 2494 583 2528; x_wconf 88' lang='lat' dir='ltr'>Canisius</span> <span class='ocrx_word' id='word_1_453' title='bbox 609 2505 655 2528; x_wconf 88' lang='lat' dir='ltr'>m.</span> <span class='ocrx_word' id='word_1_454' title='bbox 682 2493 799 2538; x_wconf 87' lang='lat' dir='ltr'>Aprili</span> <span class='ocrx_word' id='word_1_455' title='bbox 827 2494 917 2528; x_wconf 85' lang='grc'>1565</span> <span class='ocrx_word' id='word_1_456' title='bbox 953 2494 996 2527; x_wconf 87' lang='lat' dir='ltr'>de</span> <span class='ocrx_word' id='word_1_457' title='bbox 1031 2506 1124 2528; x_wconf 90' lang='lat' dir='ltr'>novo</span> <span class='ocrx_word' id='word_1_458' title='bbox 1155 2493 1358 2536; x_wconf 84' lang='lat' dir='ltr'>„ministro“</span> <span class='ocrx_word' id='word_1_459' title='bbox 1389 2493 1540 2537; x_wconf 87' lang='lat' dir='ltr'>collegio</span> <span class='ocrx_word' id='word_1_460' title='bbox 1566 2493 1841 2536; x_wconf 89' lang='lat' dir='ltr'>ingolstadiensi</span> <span class='ocrx_word' id='word_1_461' title='bbox 1866 2505 1943 2539; x_wconf 91' lang='lat' dir='ltr'>pro-</span> 
     </span>
     <span class='ocr_line' id='line_1_42' title="bbox 184 2546 1139 2591; baseline 0 -11"><span class='ocrx_word' id='word_1_462' title='bbox 184 2547 336 2581; x_wconf 87' lang='lat' dir='ltr'>videndo</span> <span class='ocrx_word' id='word_1_463' title='bbox 363 2548 481 2591; x_wconf 88' lang='lat' dir='ltr'>egisse</span> <span class='ocrx_word' id='word_1_464' title='bbox 507 2547 682 2588; x_wconf 89' lang='lat' dir='ltr'>videatur,</span> <span class='ocrx_word' id='word_1_465' title='bbox 709 2546 792 2580; x_wconf 91' lang='lat' dir='ltr'>vide</span> <span class='ocrx_word' id='word_1_466' title='bbox 819 2547 913 2580; x_wconf 89' lang='lat' dir='ltr'>infra</span> <span class='ocrx_word' id='word_1_467' title='bbox 939 2558 1031 2581; x_wconf 87' lang='lat' dir='ltr'>mon.</span> <span class='ocrx_word' id='word_1_468' title='bbox 1059 2546 1139 2581; x_wconf 87' lang='lat'><strong>830.</strong></span> 
     </span>
    </p>
   </div>
   <div class='ocr_carea' id='block_1_7' title="bbox 185 2636 1071 2684">
    <p class='ocr_par' dir='ltr' id='par_1_8' title="bbox 185 2636 1071 2684">
     <span class='ocr_line' id='line_1_43' title="bbox 185 2636 1071 2684; baseline 0.002 -11"><span class='ocrx_word' id='word_1_469' title='bbox 185 2636 292 2673; x_wconf 70' lang='lat'>786</span> <span class='ocrx_word' id='word_1_470' title='bbox 318 2639 396 2673; x_wconf 85' lang='lat' dir='ltr'>sive</span> <span class='ocrx_word' id='word_1_471' title='bbox 422 2638 532 2683; x_wconf 79' lang='lat' dir='ltr'>ing.</span> <span class='ocrx_word' id='word_1_472' title='bbox 553 2638 653 2684; x_wconf 83' lang='lat'><strong>(3).</strong></span> <span class='ocrx_word' id='word_1_473' title='bbox 727 2637 838 2674; x_wconf 86' lang='lat' dir='ltr'>Initio</span> <span class='ocrx_word' id='word_1_474' title='bbox 865 2638 953 2675; x_wconf 89' lang='lat' dir='ltr'>anni</span> <span class='ocrx_word' id='word_1_475' title='bbox 977 2638 1071 2675; x_wconf 85' lang='lat'><strong>1566.</strong></span> 
     </span>
    </p>
   </div>
   <div class='ocr_carea' id='block_1_8' title="bbox 185 2703 1943 2802">
    <p class='ocr_par' dir='ltr' id='par_1_9' title="bbox 185 2703 1943 2802">
     <span class='ocr_line' id='line_1_44' title="bbox 304 2703 1943 2748; baseline 0.002 -12"><span class='ocrx_word' id='word_1_476' title='bbox 304 2703 360 2736; x_wconf 83' lang='lat' dir='ltr'>Ex</span> <span class='ocrx_word' id='word_1_477' title='bbox 386 2703 604 2748; x_wconf 80' lang='lat' dir='ltr'>archetypis,</span> <span class='ocrx_word' id='word_1_478' title='bbox 631 2715 723 2747; x_wconf 88' lang='lat' dir='ltr'>quae</span> <span class='ocrx_word' id='word_1_479' title='bbox 749 2707 833 2738; x_wconf 87' lang='lat' dir='ltr'>sunt</span> <span class='ocrx_word' id='word_1_480' title='bbox 859 2705 895 2738; x_wconf 89' lang='lat' dir='ltr'>in</span> <span class='ocrx_word' id='word_1_481' title='bbox 922 2704 1029 2739; x_wconf 90' lang='lat' dir='ltr'>Codd.</span> <span class='ocrx_word' id='word_1_482' title='bbox 1054 2704 1153 2747; x_wconf 81' lang='lat' dir='ltr'>„EN“</span> <span class='ocrx_word' id='word_1_483' title='bbox 1184 2716 1218 2738; x_wconf 91' lang='lat' dir='ltr'>n.</span> <span class='ocrx_word' id='word_1_484' title='bbox 1240 2704 1305 2739; x_wconf 89' lang='lat'>106</span> <span class='ocrx_word' id='word_1_485' title='bbox 1335 2704 1400 2738; x_wconf 85' lang='lat'>128</span> <span class='ocrx_word' id='word_1_486' title='bbox 1428 2704 1494 2738; x_wconf 80' lang='lat'>129</span> <span class='ocrx_word' id='word_1_487' title='bbox 1521 2706 1556 2738; x_wconf 88' lang='lat' dir='ltr'>et</span> <span class='ocrx_word' id='word_1_488' title='bbox 1586 2704 1686 2746; x_wconf 68' lang='grc' dir='ltr'>7,ΕΒ”ι</span> <span class='ocrx_word' id='word_1_489' title='bbox 1715 2716 1748 2739; x_wconf 85' lang='grc'>11.</span> <span class='ocrx_word' id='word_1_490' title='bbox 1770 2705 1836 2740; x_wconf 83' lang='grc'>173</span> <span class='ocrx_word' id='word_1_491' title='bbox 1866 2705 1943 2740; x_wconf 92' lang='grc'>181.</span> 
     </span>
     <span class='ocr_line' id='line_1_45' title="bbox 185 2754 1578 2802; baseline 0.002 -14"><span class='ocrx_word' id='word_1_492' title='bbox 185 2754 301 2789; x_wconf 85' lang='lat' dir='ltr'>Etiam</span> <span class='ocrx_word' id='word_1_493' title='bbox 331 2755 391 2798; x_wconf 75' lang='lat' dir='ltr'>(ex</span> <span class='ocrx_word' id='word_1_494' title='bbox 417 2756 639 2801; x_wconf 86' lang='lat' dir='ltr'>archetypis)</span> <span class='ocrx_word' id='word_1_495' title='bbox 666 2757 701 2790; x_wconf 91' lang='lat' dir='ltr'>in</span> <span class='ocrx_word' id='word_1_496' title='bbox 728 2756 817 2802; x_wconf 86' lang='lat' dir='ltr'>Epp.</span> <span class='ocrx_word' id='word_1_497' title='bbox 845 2758 967 2791; x_wconf 77' lang='lat' dir='ltr'>Nadal</span> <span class='ocrx_word' id='word_1_498' title='bbox 992 2757 1043 2791; x_wconf 85' lang='lat' dir='ltr'>HI</span> <span class='ocrx_word' id='word_1_499' title='bbox 1070 2757 1115 2792; x_wconf 88' lang='grc'>36</span> <span class='ocrx_word' id='word_1_500' title='bbox 1141 2757 1186 2791; x_wconf 86' lang='grc'>68</span> <span class='ocrx_word' id='word_1_501' title='bbox 1215 2757 1281 2791; x_wconf 83' lang='grc'>133</span> <span class='ocrx_word' id='word_1_502' title='bbox 1311 2757 1376 2791; x_wconf 84' lang='grc'>135</span> <span class='ocrx_word' id='word_1_503' title='bbox 1406 2757 1472 2791; x_wconf 83' lang='grc'>136</span> <span class='ocrx_word' id='word_1_504' title='bbox 1501 2757 1578 2792; x_wconf 91' lang='lat'><strong>160.</strong></span> 
     </span>
    </p>
   </div>
   <div class='ocr_carea' id='block_1_9' title="bbox 186 2820 1943 2919">
    <p class='ocr_par' dir='ltr' id='par_1_10' title="bbox 186 2820 1943 2919">
     <span class='ocr_line' id='line_1_46' title="bbox 307 2820 1943 2867; baseline 0.004 -16"><span class='ocrx_word' id='word_1_505' title='bbox 307 2820 474 2852; x_wconf 73' lang='lat' dir='ltr'>Canisius</span> <span class='ocrx_word' id='word_1_506' title='bbox 499 2821 682 2854; x_wconf 76' lang='lat' dir='ltr'>Societatis</span> <span class='ocrx_word' id='word_1_507' title='bbox 707 2832 851 2865; x_wconf 74' lang='lat' dir='ltr'>operam</span> <span class='ocrx_word' id='word_1_508' title='bbox 877 2824 980 2865; x_wconf 73' lang='lat' dir='ltr'>offert</span> <span class='ocrx_word' id='word_1_509' title='bbox 1006 2823 1054 2855; x_wconf 82' lang='lat' dir='ltr'>ad</span> <span class='ocrx_word' id='word_1_510' title='bbox 1079 2823 1308 2865; x_wconf 75' lang='lat' dir='ltr'>copiosiorem</span> <span class='ocrx_word' id='word_1_511' title='bbox 1318 2823 1566 2865; x_wconf 70' lang='lat' dir='ltr'>philosophiae</span> <span class='ocrx_word' id='word_1_512' title='bbox 1585 2821 1771 2867; x_wconf 76' lang='lat' dir='ltr'>‚,curszcm“</span> <span class='ocrx_word' id='word_1_513' title='bbox 1801 2824 1837 2857; x_wconf 79' lang='lat' dir='ltr'>in</span> <span class='ocrx_word' id='word_1_514' title='bbox 1864 2826 1943 2857; x_wconf 69' lang='grc' dir='ltr'>ηπί-</span> 
     </span>
     <span class='ocr_line' id='line_1_47' title="bbox 186 2873 1942 2919; baseline 0.003 -16"><span class='ocrx_word' id='word_1_515' title='bbox 186 2873 344 2904; x_wconf 69' lang='lat' dir='ltr'>versitate</span> <span class='ocrx_word' id='word_1_516' title='bbox 377 2873 645 2915; x_wconf 67' lang='lat' dir='ltr'>iizyolstadiensi</span> <span class='ocrx_word' id='word_1_517' title='bbox 676 2876 901 2909; x_wconf 74' lang='lat' dir='ltr'>tradendum.</span> <span class='ocrx_word' id='word_1_518' title='bbox 950 2876 995 2908; x_wconf 73' lang='lat' dir='ltr'>Id</span> <span class='ocrx_word' id='word_1_519' title='bbox 1020 2876 1133 2908; x_wconf 65' lang='lat' dir='ltr'>Echio</span> <span class='ocrx_word' id='word_1_520' title='bbox 1161 2875 1373 2908; x_wconf 76' lang='lat' dir='ltr'>cancellario</span> <span class='ocrx_word' id='word_1_521' title='bbox 1405 2876 1603 2918; x_wconf 57' lang='lat' dir='ltr'>probatum</span> <span class='ocrx_word' id='word_1_522' title='bbox 1636 2876 1696 2908; x_wconf 77' lang='lat' dir='ltr'>sed</span> <span class='ocrx_word' id='word_1_523' title='bbox 1721 2886 1799 2909; x_wconf 77' lang='lat' dir='ltr'>cum</span> <span class='ocrx_word' id='word_1_524' title='bbox 1818 2881 1942 2919; x_wconf 73' lang='lat' dir='ltr'>postea</span> 
     </span>
    </p>
   </div>
   <div class='ocr_carea' id='block_1_10' title="bbox 426 2938 565 2941">
    <p class='ocr_par' dir='ltr' id='par_1_11' title="bbox 426 2938 565 2941">
     <span class='ocr_line' id='line_1_48' title="bbox 426 2938 565 2941; baseline 0 0"><span class='ocrx_word' id='word_1_525' title='bbox 426 2938 565 2941; x_wconf 95' lang='lat' dir='ltr'> </span> 
     </span>
    </p>
   </div>
   <div class='ocr_carea' id='block_1_11' title="bbox 306 2963 1941 3119">
    <p class='ocr_par' dir='ltr' id='par_1_12' title="bbox 306 2963 1941 3119">
     <span class='ocr_line' id='line_1_49' title="bbox 308 2963 1722 3014; baseline 0.005 -18"><span class='ocrx_word' id='word_1_526' title='bbox 308 2964 318 2983; x_wconf 90' lang='lat'>¹</span> <span class='ocrx_word' id='word_1_527' title='bbox 344 2963 610 3007; x_wconf 84' lang='lat' dir='ltr'>Eisengreinii‘?</span> <span class='ocrx_word' id='word_1_528' title='bbox 754 2967 767 2987; x_wconf 75' lang='lat'><strong>²</strong></span> <span class='ocrx_word' id='word_1_529' title='bbox 792 2967 883 3001; x_wconf 89' lang='lat' dir='ltr'>Vide</span> <span class='ocrx_word' id='word_1_530' title='bbox 910 2979 1019 3012; x_wconf 90' lang='lat' dir='ltr'>supra</span> <span class='ocrx_word' id='word_1_531' title='bbox 1045 2979 1078 3012; x_wconf 94' lang='lat' dir='ltr'>p.</span> <span class='ocrx_word' id='word_1_532' title='bbox 1097 2968 1154 3002; x_wconf 86' lang='grc'>48.</span> <span class='ocrx_word' id='word_1_533' title='bbox 1299 2970 1312 2989; x_wconf 81' lang='lat'>³</span> <span class='ocrx_word' id='word_1_534' title='bbox 1338 2968 1428 3002; x_wconf 91' lang='lat' dir='ltr'>Vide</span> <span class='ocrx_word' id='word_1_535' title='bbox 1454 2980 1562 3014; x_wconf 90' lang='lat' dir='ltr'>supra</span> <span class='ocrx_word' id='word_1_536' title='bbox 1588 2980 1622 3014; x_wconf 92' lang='lat' dir='ltr'>p.</span> <span class='ocrx_word' id='word_1_537' title='bbox 1643 2969 1722 3004; x_wconf 86' lang='lat'><strong>714.</strong></span> 
     </span>
     <span class='ocr_line' id='line_1_50' title="bbox 306 3015 1022 3064; baseline 0.008 -16"><span class='ocrx_word' id='word_1_538' title='bbox 306 3017 318 3034; x_wconf 71' lang='lat'>⁴</span> <span class='ocrx_word' id='word_1_539' title='bbox 345 3015 445 3049; x_wconf 88' lang='lat' dir='ltr'>Hach</span> <span class='ocrx_word' id='word_1_540' title='bbox 475 3017 623 3061; x_wconf 81' lang='lat' dir='ltr'>(Sack);</span> <span class='ocrx_word' id='word_1_541' title='bbox 651 3031 684 3053; x_wconf 89' lang='lat' dir='ltr'>v.</span> <span class='ocrx_word' id='word_1_542' title='bbox 705 3031 814 3064; x_wconf 88' lang='lat' dir='ltr'>supra</span> <span class='ocrx_word' id='word_1_543' title='bbox 840 3031 873 3064; x_wconf 91' lang='lat' dir='ltr'>p.</span> <span class='ocrx_word' id='word_1_544' title='bbox 895 3020 938 3054; x_wconf 84' lang='lat'>39</span> <span class='ocrx_word' id='word_1_545' title='bbox 965 3021 1022 3054; x_wconf 88' lang='lat'>45.</span> 
     </span>
     <span class='ocr_line' id='line_1_51' title="bbox 306 3067 1941 3119; baseline 0.006 -19"><span class='ocrx_word' id='word_1_546' title='bbox 306 3069 319 3087; x_wconf 78' lang='lat'><strong>⁵</strong></span> <span class='ocrx_word' id='word_1_547' title='bbox 345 3067 398 3101; x_wconf 91' lang='lat' dir='ltr'>Cf.</span> <span class='ocrx_word' id='word_1_548' title='bbox 417 3068 472 3102; x_wconf 83' lang='lat' dir='ltr'>Ex</span> <span class='ocrx_word' id='word_1_549' title='bbox 500 3071 553 3110; x_wconf 82' lang='lat'>16,</span> <span class='ocrx_word' id='word_1_550' title='bbox 574 3071 683 3112; x_wconf 84' lang='lat'>1—3;</span> <span class='ocrx_word' id='word_1_551' title='bbox 709 3072 776 3105; x_wconf 91' lang='lat' dir='ltr'>Nm</span> <span class='ocrx_word' id='word_1_552' title='bbox 799 3074 851 3113; x_wconf 86' lang='lat'>11,</span> <span class='ocrx_word' id='word_1_553' title='bbox 874 3073 1006 3113; x_wconf 80' lang='lat'>1—20;</span> <span class='ocrx_word' id='word_1_554' title='bbox 1035 3073 1084 3107; x_wconf 88' lang='lat' dir='ltr'>Os</span> <span class='ocrx_word' id='word_1_555' title='bbox 1111 3074 1142 3114; x_wconf 87' lang='lat'>9,</span> <span class='ocrx_word' id='word_1_556' title='bbox 1170 3074 1190 3108; x_wconf 86' lang='lat'><strong>3</strong></span> <span class='ocrx_word' id='word_1_557' title='bbox 1218 3076 1284 3108; x_wconf 89' lang='lat' dir='ltr'>etc.</span> <span class='ocrx_word' id='word_1_558' title='bbox 1321 3074 1422 3108; x_wconf 86' lang='lat' dir='ltr'>Sicut</span> <span class='ocrx_word' id='word_1_559' title='bbox 1447 3074 1665 3119; x_wconf 87' lang='lat' dir='ltr'>baptismum</span> <span class='ocrx_word' id='word_1_560' title='bbox 1691 3074 1941 3119; x_wconf 85' lang='lat' dir='ltr'>suscipientes,</span> 
     </span>
    </p>
   </div>
   <div class='ocr_carea' id='block_1_12' title="bbox 186 3118 1941 3220">
    <p class='ocr_par' dir='ltr' id='par_1_13' title="bbox 186 3118 1941 3220">
     <span class='ocr_line' id='line_1_52' title="bbox 186 3118 1941 3170; baseline 0.006 -19"><span class='ocrx_word' id='word_1_561' title='bbox 186 3118 238 3152; x_wconf 89' lang='lat' dir='ltr'>ita</span> <span class='ocrx_word' id='word_1_562' title='bbox 265 3119 382 3161; x_wconf 80' lang='lat' dir='ltr'>etiam,</span> <span class='ocrx_word' id='word_1_563' title='bbox 418 3122 478 3163; x_wconf 89' lang='lat' dir='ltr'>qui</span> <span class='ocrx_word' id='word_1_564' title='bbox 504 3122 617 3156; x_wconf 88' lang='lat' dir='ltr'>vitam</span> <span class='ocrx_word' id='word_1_565' title='bbox 643 3124 849 3167; x_wconf 90' lang='lat' dir='ltr'>religiosam</span> <span class='ocrx_word' id='word_1_566' title='bbox 876 3125 1089 3170; x_wconf 87' lang='lat' dir='ltr'>suscipiunt,</span> <span class='ocrx_word' id='word_1_567' title='bbox 1125 3126 1262 3161; x_wconf 89' lang='lat' dir='ltr'>similes</span> <span class='ocrx_word' id='word_1_568' title='bbox 1299 3138 1377 3161; x_wconf 90' lang='lat' dir='ltr'>esse</span> <span class='ocrx_word' id='word_1_569' title='bbox 1411 3129 1601 3162; x_wconf 87' lang='lat' dir='ltr'>censentur</span> <span class='ocrx_word' id='word_1_570' title='bbox 1627 3126 1870 3161; x_wconf 87' lang='lat' dir='ltr'>Israelitarum</span> <span class='ocrx_word' id='word_1_571' title='bbox 1897 3139 1941 3161; x_wconf 83' lang='lat' dir='ltr'>ex</span> 
     </span>
     <span class='ocr_line' id='line_1_53' title="bbox 188 3172 1082 3220; baseline 0.009 -17"><span class='ocrx_word' id='word_1_572' title='bbox 188 3172 356 3215; x_wconf 75' lang='lat' dir='ltr'>Aegypto</span> <span class='ocrx_word' id='word_1_573' title='bbox 383 3172 417 3205; x_wconf 90' lang='lat' dir='ltr'>in</span> <span class='ocrx_word' id='word_1_574' title='bbox 444 3175 576 3208; x_wconf 87' lang='lat' dir='ltr'>terram</span> <span class='ocrx_word' id='word_1_575' title='bbox 603 3180 765 3210; x_wconf 85' lang='lat' dir='ltr'>sanctam</span> <span class='ocrx_word' id='word_1_576' title='bbox 793 3177 1082 3220; x_wconf 88' lang='lat' dir='ltr'>ingredientium.</span> 
     </span>
    </p>
   </div>
  </div>
 </body>
</html>
