2077 3461
253 201 387 231 XXXIV
798 199 841 233 11.
869 198 1092 233 Prooemium
1119 197 1310 233 voluminis
1336 197 1461 242 quinti.

253 320 390 353 rectore
416 318 450 352 in
477 328 580 352 usum
606 327 710 351 suum
737 317 970 351 convertebat
997 316 1110 359 (324).
1161 314 1278 357 Quare
1303 315 1431 349 mirum
1459 326 1528 348 non
1555 317 1621 356 est,
1646 314 1835 349 Societatis
1860 324 2007 359 praepo-

250 370 340 405 sitos
375 370 472 404 bisce
507 370 576 404 iam
603 369 707 404 annis
733 369 764 403 ei
793 369 827 403 id
863 369 1096 404 comminatus
1122 380 1211 410 esse,
1241 368 1334 412 quod
1362 367 1486 412 paucis
1517 367 1620 402 annis
1645 370 1727 412 post
1757 367 1896 401 evenit:
1932 366 2007 401 fore

252 425 292 458 ut
317 435 361 457 ex
387 423 534 458 aedibus
560 422 810 457 extruderetur
838 422 922 464 (193
949 422 1046 465 767).
1096 421 1295 464 Oenipontc
1321 421 1356 454 in
1374 420 1543 465 parochia
1568 420 1607 454 P.
1626 420 1776 455 Ioannes
1792 419 2008 464 Merquitius

251 487 340 510 saxo
367 475 527 516 dicebat;
563 475 724 520 singulas
750 475 943 517 contiones,
970 478 1162 518 antequam
1189 475 1223 508 in
1249 476 1461 517 suggestum
1496 473 1716 514 ascenderet,
1750 484 1869 508 coram
1895 472 2008 507 Sociis

251 528 410 568 delectis,
436 532 476 563 ut
502 530 621 563 iussus
647 538 734 569 erat,
761 528 946 569 recitabat,
973 531 1013 562 ut
1038 527 1074 562 hi
1100 539 1161 562 eas
1187 527 1406 570 corrigerent
1435 526 1552 570 (404);
1578 526 1743 571 placebat
1765 525 2005 566 auditoribus;

250 580 311 615 sed
339 581 438 624 vulgi
457 582 582 615 favore
608 584 644 615 et
662 581 833 626 principis
860 581 978 625 gratia
1003 582 1080 625 ipse
1107 591 1246 624 quoque
1272 579 1457 623 superbior
1480 582 1516 613 et
1541 579 1637 613 vitae
1655 579 1831 613 liberioris
1848 578 2008 624 cupidior

250 633 492 674 efficiebatur;
520 638 637 668 rector
663 634 864 674 verebatur,
891 646 934 668 ne
960 633 1100 677 quando
1118 633 1154 666 in
1180 644 1281 667 suam
1300 632 1491 667 Saxoniam
1518 633 1708 676 aufugeret
1734 631 1855 676 (473);
1883 634 2007 676 postea

253 698 335 721 vero
370 687 420 730 (id
455 687 548 731 quod
583 687 689 722 huius
725 687 916 721 voluminis
952 689 1093 731 tempus
1119 685 1276 729 excedit)
1305 685 1432 720 bonam
1460 697 1602 730 operam
1630 685 1805 720 ecclesiae
1830 687 1866 719 et
1891 683 2006 719 Socie-

252 740 319 774 tati
345 741 506 775 navavit.

370 793 524 826 Multum
550 792 685 836 negotii
711 792 808 826 hisce
835 792 938 826 annis
965 791 1108 826 Canisio
1134 791 1363 826 facessebant
1388 791 1597 826 confessarii
1625 791 1769 835 quidam
1794 790 2006 836 principum.

250 844 413 889 Quinque
438 845 510 879 illis
536 845 749 879 Fer-dinandi
776 845 802 879 I.
838 845 981 879 filiabus
1007 844 1207 889 Oeniponte
1237 844 1459 888 degentibus,
1494 844 1740 888 Magdalenae,
1775 843 2006 887 Margaritae,

253 897 418 939 Helenae,
446 899 609 934 loannae.
637 898 826 938 Barbarae,
854 897 1019 932 Canisius
1045 898 1121 942 ipse
1148 909 1179 931 a.
1201 898 1300 938 1563,
1336 900 1376 932 ut
1410 900 1444 931 et
1475 898 1527 932 eis
1552 900 1587 931 et
1612 897 1707 942 patri
1731 896 2008 939 gratificaretur,

252 950 288 985 P.
309 950 514 985 Hermetem
532 950 718 995 Halbpaur
745 950 891 984 dederat
917 950 1186 985 confessarium.
1229 950 1396 985 Proximo
1422 961 1514 984 anno
1539 950 1745 995 pestilentia
1771 948 2005 993 Oenipontem

251 1007 375 1038 urente
415 1005 597 1048 ,reginae‘
637 1004 821 1038 Mera-narn
859 1015 981 1038 secum
1016 1003 1244 1038 abduxerunt
1280 1015 1349 1037 non
1383 1003 1497 1038 solum
1532 1003 1758 1043 Hermetem,
1797 1002 1859 1036 sed
1897 1003 2005 1036 etiam

251 1057 287 1091 P.
315 1057 481 1091 Ioannem
517 1056 698 1101 Dyrsiu1n‚
735 1056 877 1100 collegii
911 1059 1104 1097 rectorem;
1142 1068 1247 1101 quem
1277 1056 1425 1091 Merana
1461 1068 1611 1091 avocare
1643 1055 1808 1090 Canisius
1842 1055 2005 1095 multum,

249 1109 311 1143 sed
346 1110 481 1144 frustra
515 1112 665 1144 conatus
699 1112 755 1144 est
792 1110 882 1153 (25).
932 1111 973 1144 A.
1003 1111 1092 1144 1565
1120 1110 1278 1144 Barbara
1314 1112 1350 1144 et
1384 1110 1516 1144 loanna
1551 1109 1699 1144 ducibus
1733 1108 1939 1143 ferrariensi
1970 1111 2006 1142 et

248 1162 434 1196 florentino
459 1165 676 1207 nupserunt;
713 1165 866 1207 utraque
893 1162 1083 1197 Societatis
1118 1163 1341 1197 sacerdotem
1367 1174 1576 1206 germanum
1608 1162 1677 1197 sibi
1703 1161 1901 1205 aulicisque
1927 1172 2005 1204 ger-

249 1215 362 1249 manis
397 1215 676 1249 contionatorem
712 1218 749 1250 et
774 1216 1033 1250 confessarium
1059 1216 1268 1260 impetravit
1297 1216 1417 1260 (118);
1454 1216 1606 1260 primum
1633 1215 1774 1259 quidem
1802 1214 1845 1248 ad
1873 1225 2003 1248 annum

248 1270 406 1308 tantum;
435 1280 514 1302 cum
541 1271 660 1302 autem
688 1280 780 1302 anno
800 1271 928 1302 exacto
952 1268 1116 1303 Canisius
1142 1269 1253 1303 semel
1279 1271 1387 1313 atque
1413 1269 1542 1303 iterum
1572 1280 1592 1302 a
1618 1268 1819 1313 praeposito
1846 1267 2006 1311 generali

249 1321 407 1365 petisset,
433 1323 474 1355 ut
499 1321 567 1356 duo
593 1321 644 1355 illi
671 1322 876 1356 sacerdotes
902 1322 937 1355 in
957 1322 1185 1356 Germaniam
1203 1322 1482 1363 remitterentur,
1510 1322 1545 1356 id
1562 1322 1655 1356 haud
1675 1321 1780 1356 facile
1806 1321 1883 1354 fieri
1900 1331 2005 1365 posse

249 1385 456 1419 responsum
484 1377 540 1409 est
568 1374 682 1418 (356).
733 1374 821 1408 Tres
847 1374 1006 1418 reliquae
1037 1375 1182 1418 reginae
1208 1387 1239 1410 a.
1270 1376 1358 1410 1566
1385 1375 1622 1420 Oenipontem
1652 1376 1896 1414 reverterunt3
1923 1385 2004 1407 cum

247 1429 366 1461 autem
384 1427 478 1462 inter
491 1427 661 1472 Dyrsium
680 1430 716 1462 et
730 1427 991 1472 Halbpaurium
1008 1440 1075 1462 non
1092 1428 1180 1462 bene
1195 1428 1414 1469 conveniret,
1432 1428 1490 1462 hic
1504 1430 1706 1471 Augustam
1722 1427 1873 1472 primum
1889 1426 2004 1469 (223),

248 1480 373 1514 deinde
393 1479 532 1524 Spiram
562 1480 662 1524 (354)
689 1482 821 1515 missus
848 1483 913 1521 est,
940 1481 1139 1524 Margarita
1164 1481 1290 1524 regina
1314 1483 1450 1516 frustra
1468 1481 1686 1516 reclamante
1706 1480 1819 1524 (229).
1857 1479 2006 1523 Magda-

248 1532 327 1567 lena
354 1533 393 1568 P.
412 1533 553 1578 Dyrsio,
572 1534 732 1577 reliquae
751 1534 790 1568 P.
810 1533 1036 1568 Hetzcovaeo
1054 1537 1201 1579 peccata
1220 1534 1382 1568 confiteri
1409 1537 1601 1579 coeperunt
1621 1534 1733 1577 (337).
1771 1535 1821 1568 Ac
1840 1533 2005 1568 canisius

248 1586 391 1629 quidem
415 1589 555 1621 aestate
581 1598 611 1620 a.
633 1588 734 1627 1566,
760 1587 888 1620 itinere
905 1586 1086 1622 historicis
1104 1598 1218 1631 usque
1237 1587 1353 1622 adhuc
1370 1587 1473 1632 plene
1491 1587 1623 1630 ignoto,
1650 1586 1884 1631 Oenipontem
1905 1587 2005 1620 venit

246 1639 460 1683 reginasque
486 1639 645 1679 adduxit,
672 1643 712 1674 ut
737 1651 775 1674 se
801 1652 870 1674 uno
897 1640 1114 1674 confessario
1141 1651 1252 1684 eoque
1278 1652 1341 1685 per
1365 1640 1582 1675 Societatem
1607 1640 1793 1683 deligendo
1816 1642 2005 1674 contentas

247 1692 323 1725 fore
349 1692 573 1726 affirmarent
599 1693 717 1736 (772);
745 1693 846 1727 cuius
873 1694 1030 1727 muneris
1057 1693 1209 1727 obeundi
1235 1694 1354 1736 gratia
1377 1693 1410 1727 S.
1429 1693 1644 1728 Franciscus
1670 1692 1820 1736 Borgias
1841 1691 1882 1726 P.
1899 1691 2001 1727 Nico-

247 1744 342 1778 laum
377 1744 550 1779 Lanoium
586 1746 753 1780 Austriae
791 1746 1034 1790 praepositum
1072 1746 1329 1791 provincialem
1365 1758 1410 1781 ex
1445 1747 1592 1781 Austria
1626 1748 1816 1780 avocatum
1851 1745 2002 1789 collegio

247 1799 482 1842 oenipontano
517 1800 690 1832 rectorem
725 1799 900 1843 praefecit
932 1799 1015 1842 (265
1043 1799 1139 1843 337).
1190 1801 1239 1833 At
1272 1800 1418 1843 reginae
1452 1799 1547 1834 haud
1583 1799 1694 1833 multo
1727 1802 1818 1843 post,
1854 1797 2002 1832 consilio

245 1853 396 1892 mutato,
422 1851 592 1885 Lanoium
619 1852 875 1886 confessarium
900 1854 1159 1886 recusaverunt
1183 1853 1305 1895 (775);
1337 1853 1392 1887 vir
1417 1853 1448 1888 is
1474 1856 1551 1887 erat
1577 1855 1613 1886 et
1637 1851 1796 1886 moribus
1822 1855 1858 1885 et
1881 1862 1999 1885 rerum

245 1915 429 1938 sacrarum
464 1904 592 1948 peritia
627 1904 762 1939 duobus
797 1904 869 1939 illis
904 1905 1053 1939 multum
1091 1908 1278 1949 praestans
1290 1919 1296 1946 ;
1337 1909 1493 1940 attamen
1529 1906 1564 1939 in
1598 1907 1821 1940 senectutem
1848 1904 1999 1938 declina-

246 1957 307 1991 bat
327 1957 439 2000 (472),
457 1960 494 1991 et
512 1969 727 2001 quamquam
746 1959 949 2000 germanice
963 1960 1123 1999 noverat,
1142 1958 1236 1992 haud
1255 1959 1386 2003 optime
1403 1962 1524 1993 tamen
1542 1959 1700 2002 linguam
1715 1957 1871 1992 callebat
1886 1957 2000 2000 (262).

246 2009 300 2043 Ita
325 2009 414 2043 nihil
437 2011 636 2054 profectum
656 2014 721 2044 est.
748 2011 911 2044 Exeunte
929 2023 975 2045 m.
994 2011 1185 2045 Novembri
1213 2023 1244 2045 a.
1266 2013 1356 2046 1566
1376 2012 1492 2057 ipsum
1511 2012 1619 2046 etiam
1638 2011 1808 2046 Lanoium
1827 2014 2000 2045 rectorem

246 2062 411 2096 Canisius
444 2062 682 2107 reprehendit,
718 2063 810 2107 quod
846 2063 1056 2108 provinciali
1092 2076 1160 2098 non
1188 2064 1360 2104 consulto,
1397 2065 1662 2099 Hetzcovaeum
1694 2076 1774 2098 cum
1799 2063 2000 2106 Margarita

245 2115 490 2150 archiducissa
524 2115 559 2149 in
591 2119 745 2150 montem
782 2119 945 2150 sanctum
978 2116 1145 2151 Andechs
1180 2118 1399 2161 peregrinari
1438 2129 1566 2162 passus
1602 2119 1697 2151 esset
1734 2117 1846 2160 (372).
1898 2119 2002 2150 Anno

245 2168 417 2212 proximo,
452 2168 650 2212 Margarita
685 2180 763 2202 cum
797 2180 958 2203 summae
983 2169 1151 2213 puritatis
1178 2172 1213 2204 et
1239 2170 1438 2204 ditissimae
1464 2171 1498 2204 in
1526 2181 1701 2215 pauperes
1725 2169 2000 2214 ‚misericordiae

245 2221 349 2255 laude
384 2224 524 2255 mortua
553 2221 667 2263 (434),
703 2221 771 2255 duo
806 2221 857 2255 illi
890 2221 1125 2265 Magdalenae
1161 2226 1195 2256 et
1226 2222 1384 2257 Helenae
1421 2223 1629 2257 confessarii
1664 2223 1780 2266 magis
1814 2222 2000 2266 magisque

245 2274 444 2317 singularia
470 2274 539 2308 sibi
566 2274 784 2318 arrogabant
803 2277 839 2308 et
864 2274 1015 2318 collegio
1034 2276 1130 2309 oneri
1158 2279 1259 2309 erant
1280 2276 1363 2317 (353
1391 2276 1458 2310 372
1484 2276 1591 2317 502);
1617 2276 1762 2319 reginae
1780 2286 1918 2319 quoque
1936 2287 2001 2320 pro

245 2338 310 2361 sua
345 2327 380 2361 in
415 2327 630 2361 Societatem
666 2328 895 2361 veneratione
931 2331 966 2361 et
1000 2328 1216 2362 liberalitate
1253 2328 1373 2372 aliqua
1402 2329 1633 2373 praestabant
1659 2331 1766 2372 atque
1791 2329 1899 2362 etiarn
1926 2329 1998 2362 exi-

244 2380 386 2423 gebant,
420 2391 521 2424 quae,
557 2380 790 2424 quantumvis
825 2381 915 2414 bona
951 2385 1079 2421 essent,
1116 2393 1196 2415 cum
1231 2381 1421 2416 Societatis
1455 2384 1574 2416 tamen
1610 2381 1796 2427 disciplina
1831 2381 1998 2426 religiosa

245 2433 496 2478 discrepabant
514 2437 550 2467 et
568 2436 793 2467 externorum
815 2444 954 2477 quoque
973 2434 1110 2468 animos
1128 2435 1304 2468 offendere
1322 2437 1487 2479 poterant
1513 2435 1598 2477 (372
1617 2434 1713 2477 374).
1748 2434 1814 2475 Ita,
1832 2439 1872 2468 ut
1889 2447 1996 2469 unum

245 2498 372 2530 ponam
409 2486 622 2530 exemplum.
652 2486 815 2520 solebant
850 2486 932 2520 illae
967 2498 1034 2520 non
1070 2498 1164 2521 nova
1198 2488 1377 2528 noscendi,
1412 2487 1474 2522 sed
1509 2488 1678 2531 pietatem
1714 2486 1850 2521 colendi
1879 2488 1999 2522 studio

245 2539 434 2573 Societatis
469 2539 657 2582 collegium
692 2542 728 2573 et
762 2538 903 2572 hortum
940 2540 1084 2580 intrare,
1124 2540 1268 2584 perinde
1305 2552 1346 2574 ac
1378 2540 1557 2575 Monachii
1592 2540 1781 2582 collegium
1816 2540 1997 2574 intrabant

245 2594 348 2625 Anna
386 2592 524 2626 Alberti
562 2592 605 2626 V.
644 2592 744 2626 ducis
783 2603 871 2625 uxor
909 2593 1185 2636 reginarumque
1227 2594 1542 2638 oenipontanaruin
1583 2604 1683 2627 soror
1724 2595 1831 2636 atque
1870 2593 1996 2628 Iacoba

245 2644 424 2679 c'runielmi
456 2645 516 2678 lV.
556 2645 656 2679 ducis
691 2645 798 2678 vidua
836 2645 948 2687 (441).
1000 2645 1132 2678 Verum
1169 2657 1198 2679 a.
1230 2646 1318 2680 1566
1346 2646 1505 2690 pontifex
1544 2646 1657 2680 Breve
1692 2645 1925 2690 apostolicum
1962 2647 1995 2680 in

244 2697 358 2731 lucem
395 2697 522 2738 emisit,
559 2708 628 2741 quo
654 2697 808 2731 feminae
834 2709 966 2736 omnes,
999 2698 1139 2731 etiamsi
1167 2698 1304 2732 nobiles
1330 2702 1462 2740 essent,
1499 2699 1533 2732 in
1566 2698 1721 2732 virorum
1749 2698 1996 2740 religiosorum

244 2749 420 2784 domicilia
446 2750 584 2792 ingredi
611 2750 771 2793 graviter
798 2750 1012 2784 vetabantur
1042 2751 1154 2792 (356).
1198 2750 1420 2785 Dubitabant
1442 2751 1584 2795 quidem
1608 2751 1717 2794 aliqui
1745 2762 1789 2784 ex
1807 2750 1996 2786 Societatis

245 2802 439 2845 theologis,
478 2814 560 2836 num
599 2803 643 2836 iis
680 2803 812 2836 litteris
851 2803 958 2836 etiam
997 2803 1200 2845 reginarum
1239 2803 1533 2847 ducissarumque
1571 2803 1606 2837 iu
1644 2803 1833 2837 Societatis
1870 2804 1997 2839 domus

246 2857 428 2898 ingressus
464 2855 710 2899 prohiberetur
739 2856 860 2899 (470);
896 2855 1106 2889 Franciscus
1142 2858 1260 2889 tamen
1289 2856 1438 2899 Borgias
1473 2856 1696 2901 praepositus
1730 2856 1908 2897 generalis
1942 2869 1994 2892 se-

244 2909 416 2942 curiorem
452 2909 665 2941 sententiam
701 2908 887 2952 amplexus
921 2920 1001 2949 eas,
1037 2920 1080 2942 ne
1116 2908 1151 2942 in
1185 2912 1365 2953 posterum
1403 2909 1683 2952 ingrederentur,
1720 2909 1852 2942 moneri
1891 2910 1996 2944 iussit

247 2962 330 3003 (463
358 2961 454 3003 501).

364 3013 494 3047 Verum
523 3014 591 3047 iam
618 3014 688 3047 alia
715 3014 861 3048 consilia
888 3014 1017 3057 agitari
1047 3017 1172 3058 coepta
1200 3016 1310 3047 erant.
1364 3013 1585 3048 Ferdinando
1612 3013 1653 3047 ll.
1681 3014 1847 3047 Austriae
1881 3015 1994 3049 archi-

245 3066 333 3100 duce
368 3070 403 3100 et
428 3065 556 3100 Tirolis
592 3066 750 3110 principe
785 3079 815 3100 a.
846 3068 934 3101 1566
971 3078 1049 3100 cum
1082 3078 1202 3106 uxore,
1239 3066 1372 3106 liberis,
1407 3066 1534 3100 aulicis
1561 3065 1794 3110 Oenipontem
1821 3066 1995 3110 ingresso,

246 3119 378 3162 reginis
404 3119 515 3163 ipsius
541 3119 720 3153 sororibus
747 3119 859 3153 minor
885 3123 959 3153 erat
987 3119 1144 3153 facilitas
1169 3120 1203 3153 in
1231 3130 1311 3152 arce
1337 3118 1532 3152 habitandi.
1580 3118 1654 3151 Hae
1681 3118 1800 3160 igitur,
1827 3123 1865 3152 ut
1891 3126 1995 3155 erant

245 3172 357 3206 sacris
381 3172 510 3206 studiis
537 3172 788 3212 deditissimac,
821 3171 973 3216 primum
1005 3172 1146 3215 quidem
1173 3171 1370 3216 Oeniponte
1396 3171 1649 3204 monasterium
1677 3170 1992 3208 franciscanorum
