2045 3471
412 214 507 248 Mon.
527 214 595 248 748
622 213 699 248 sive
725 225 840 256 germ.
857 214 879 248 l.
900 214 991 258 (23).
1032 215 1137 250 Initio
1164 228 1210 250 m.
1229 216 1303 250 Ian.
1323 228 1353 251 a.
1376 217 1477 252 1566.
1746 220 1830 261 673

74 334 260 389 ‚,Lippe“
290 336 330 375 in
366 336 624 390 ll'estplmlia
657 336 729 376 siti
760 335 959 390 oppidum
995 361 1046 365 —
1079 338 1309 391 pai-ochum
1344 338 1524 392 aqebat),
1558 339 1674 379 haud
1708 339 1832 379 multo

68 405 159 455 post
192 414 231 442 α.
256 402 372 442 1566
397 402 436 441 in
466 401 818 451 „Continuatione
839 401 1058 442 Historiae
1080 402 1399 444 Ecclesiastieae
1420 405 1559 444 renati
1581 402 1828 458 Evfflzyelii‘*

71 464 273 520 (primum
306 465 556 519 Lquovlae
587 465 767 507 a.1705
800 465 975 516 excusa)
1009 467 1059 507 (Ze.
1092 467 1314 508 Gueflielmo
1342 468 1418 510 IV.
1453 468 1623 521 Cliniae,
1657 468 1832 521 Julz'aci,

72 530 279 572 Montizmz
314 530 417 571 duce
450 535 485 571 et
512 532 705 585 principe
737 531 837 572 haec
868 532 1089 572 narravit:
1130 531 1192 573 Ut
1233 535 1377 573 autem
1422 535 1586 574 certum
1620 532 1678 574 sit
1709 532 1832 574 Prin-

72 594 208 648 cipem
231 607 317 635 non
349 594 502 636 favere
524 594 716 648 papatui,
750 594 943 636 recitabo
967 595 1192 637 historiam
1216 596 1331 639 lectu
1356 597 1552 650 dignam:
1586 598 1689 639 Cum
1713 597 1833 639 audi-

71 659 208 701 visset
240 659 445 713 Princeps
478 659 600 701 Pium
632 660 705 702 IV.
740 660 903 714 Papam
936 662 1151 702 mortuum
1182 661 1271 714 jam
1304 676 1462 713 senem,
1498 677 1552 704 ex
1584 663 1699 716 turpi
1734 677 1834 704 con-

73 724 231 775 cubitu,
256 724 429 766 dixerat
452 725 506 766 ad
529 725 762 766 convivas:
793 725 916 766 Bona
938 739 1064 775 nova,
1099 725 1218 779 Papa
1240 726 1461 769 Romanus
1484 727 1616 770 etiam
1639 729 1835 769 mortuus

73 791 152 838 est,
196 791 240 832 et
280 789 392 831 hunc
434 804 512 832 sua
553 790 766 832 sanctitas
809 792 853 832 et
895 804 1028 844 opera
1070 790 1254 833 liberare
1287 806 1371 833 non
1411 794 1591 846 potuere
1623 807 1649 834 a
1680 794 1833 834 morte.

73 855 176 898 Mox
208 854 357 908 paucis
397 858 496 908 post
528 855 678 896 diebus
709 855 830 898 venit
862 855 917 897 ad
949 855 1192 910 Principem
1226 856 1383 898 Petrus
1415 857 1610 899 Canisius
1650 858 1835 899 offerens

73 919 263 973 diploma
294 919 516 962 Pontificis
540 919 722 962 Romani
744 919 809 961 Pii
831 921 871 962 4.
926 920 1008 962 Hic
1041 920 1215 963 dixerat
1237 921 1336 962 Dux
1360 937 1369 964 :
1393 922 1493 975 quid
1524 923 1593 964 hic
1625 923 1835 965 scelestus

72 985 181 1035 vult,
215 987 412 1038 optarem
444 984 564 1026 illum
597 988 645 1027 ut
676 988 845 1039 patrem
877 985 1144 1027 Jesuitarum
1178 990 1221 1029 et
1252 986 1441 1040 reliquos
1474 1001 1620 1029 omnes
1642 988 1836 1030 Jesuitas

73 1049 223 1091 Rheno
255 1049 492 1092 immersos.
538 1049 743 1092 Exhibito
777 1050 1010 1104 diplomate
1032 1050 1289 1092 admonetur
1312 1051 1529 1106 Princeps,
1563 1055 1611 1095 ut
1633 1054 1837 1094 constans

73 1115 118 1157 in
150 1114 290 1157 veteri
321 1114 530 1167 religione
571 1117 858 1169 permaneret,
902 1115 1077 1157 decreta
1109 1116 1286 1157 Concilii
1319 1116 1557 1159 Tridentini
1598 1117 1837 1171 susciperet

75 1182 120 1222 et
152 1193 230 1233 per
261 1179 478 1221 Canisium
511 1180 756 1222 confirmari
788 1183 832 1223 et
872 1180 1059 1223 stabiliri
1091 1184 1265 1223 curaret
1298 1181 1341 1222 in
1374 1182 1462 1223 suis
1495 1181 1722 1224 Ecclesiis:
1755 1182 1837 1224 At-

77 1259 159 1299 que
191 1245 226 1286 si
259 1244 331 1298 qui
364 1245 628 1286 contrarium
660 1245 885 1294 sentirent,
918 1248 967 1288 ut-
999 1259 1072 1288 eos
1106 1260 1200 1288 cum
1225 1246 1394 1288 Canisio
1427 1246 1469 1287 in
1503 1246 1836 1302 disputationem

76 1310 381 1353 committeret.
444 1309 653 1364 Princeps
684 1310 906 1364 respondit
942 1324 1020 1365 per
1051 1311 1365 1353 Cancellarium
1397 1312 1678 1356 Barsaeuml.
1741 1311 1837 1354 Etsi

76 1377 273 1417 mortuus
317 1374 374 1416 sit
417 1375 548 1429 Papa,
595 1378 639 1417 et
681 1389 794 1417 nunc
836 1375 942 1417 illud
986 1379 1218 1430 propterea
1263 1376 1450 1430 diploma
1490 1377 1547 1419 sit
1587 1377 1836 1428 invalidum,

77 1443 223 1483 tamen
269 1437 381 1494 [se]a
426 1439 673 1482 auditurum
715 1440 931 1482 Canisium
971 1455 1049 1495 pro
1090 1455 1170 1483 sua
1210 1441 1374 1495 pietate
1419 1444 1462 1483 et
1506 1442 1756 1493 clementia,
1802 1443 1838 1484 si

78 1505 186 1548 velit
219 1504 475 1547 Germanice
513 1505 643 1558 loqui.
707 1505 748 1547 Is
780 1520 881 1547 mox
913 1506 1052 1560 petiit,
1095 1506 1136 1548 id
1170 1506 1251 1548 sibi
1291 1505 1521 1561 licereb[‘?]
1554 1507 1708 1550 Latine
1740 1521 1838 1562 per-

77 1572 218 1613 ficere.
283 1570 402 1620 Quod
443 1569 549 1612 fecit
581 1569 801 1624 Princeps.
863 1570 914 1614 In
954 1571 1085 1625 longa
1125 1571 1200 1613 illa
1233 1571 1427 1614 oratione
1459 1572 1539 1614 hoc
1572 1587 1701 1614 unum
1735 1573 1837 1626 egit,

79 1639 127 1679 ut
168 1636 204 1677 is
246 1638 290 1678 et
330 1635 373 1676 in
416 1634 504 1676 suis
546 1635 794 1688 regionibus
835 1641 1125 1689 exequeretur
1157 1637 1334 1679 Concilii
1366 1636 1606 1680 Tridentini
1638 1639 1838 1689 Decreta,

79 1705 123 1743 et
160 1702 337 1755 juvaret
377 1701 540 1754 Papam
587 1714 716 1754 opere
756 1703 800 1743 et
841 1701 1002 1744 auxilio
1044 1716 1141 1753 suo,
1187 1706 1235 1745 ut
1274 1716 1351 1757 per
1391 1705 1530 1745 totam
1565 1703 1838 1745 Germaniam

80 1766 279 1808 executio
320 1767 466 1815 fieret,
514 1766 666 1807 decere
710 1780 879 1820 quoque
921 1767 1164 1822 Principem
1209 1770 1456 1822 susceptam
1498 1771 1542 1810 et
1585 1768 1838 1822 permissam

78 1831 241 1887 passim
282 1831 324 1872 in
356 1830 563 1873 Ecclesiis
603 1834 832 1884 utramque
873 1832 1060 1886 speciem
1102 1847 1179 1887 pro
1220 1833 1343 1875 laicis
1383 1833 1569 1882 abolere,
1612 1836 1656 1875 et
1689 1833 1840 1874 deinde

79 1896 283 1950 dignetur
314 1895 357 1937 in
389 1895 511 1938 avita
542 1895 750 1949 religione
782 1911 970 1948 manere,
1003 1900 1052 1940 ut
1074 1898 1246 1940 laudem
1270 1912 1365 1940 cum
1388 1898 1620 1952 majoribus
1643 1901 1686 1940 et
1715 1899 1840 1951 patre

80 1976 156 2003 suo
190 1961 304 2015 apud
327 1961 572 2003 Catholicos
605 1964 649 2004 et
681 1961 826 2003 sedem
858 1962 1099 2005 Romanam
1131 1963 1305 2006 habeat.
1351 1963 1431 2005 Hic
1464 1963 1696 2017 respondet
1718 1962 1840 2003 Prin-

80 2041 181 2081 ceps
221 2041 299 2081 per
339 2026 608 2080 praedictum
642 2025 979 2069 Cancellarium:
1022 2029 1085 2070 De
1118 2031 1301 2082 utraque
1333 2029 1476 2082 specie
1517 2028 1595 2069 hoc
1627 2027 1706 2069 sibi
1740 2041 1842 2069 con-

80 2095 212 2142 stare,
245 2092 364 2133 illam
398 2105 493 2132 esse
517 2105 543 2132 a
565 2091 807 2134 CHRISTO
840 2096 1119 2148 praeceptam
1153 2096 1197 2135 et
1229 2094 1491 2143 mandatam,
1526 2094 1620 2135 ideo
1652 2093 1840 2146 seipsum

82 2155 241 2212 [eam]⁰
284 2156 441 2198 testari
485 2170 562 2197 suo
609 2157 807 2211 exemplo
853 2159 1042 2202 veram2.
1114 2158 1234 2208 Quod
1279 2159 1332 2201 ad
1377 2158 1541 2201 avitam
1588 2158 1840 2211 religionem

81 2222 254 2271 attinet,
297 2235 342 2263 se
376 2220 546 2274 quidem
579 2225 828 2264 curaturum
862 2224 1092 2277 promittit,
1136 2227 1184 2266 ut
1216 2223 1343 2265 simili
1384 2224 1511 2265 laude
1544 2225 1588 2265 et
1620 2223 1841 2276 aequitate

81 2290 289 2340 quantum
323 2285 460 2340 possit
491 2285 583 2327 fieri
615 2286 702 2328 suis
733 2288 998 2341 praeluceat,
1032 2291 1075 2331 et
1107 2288 1316 2342 majorum
1341 2288 1528 2341 vestigia
1559 2288 1840 2341 ingrediatur.

82 2352 204 2402 Quod
226 2365 328 2393 vero
362 2351 413 2392 de
447 2351 700 2393 executione
733 2352 901 2394 concilii
934 2353 1062 2404 dicat,
1097 2354 1150 2395 ad
1183 2354 1288 2395 illud
1310 2368 1356 2394 se
1380 2353 1480 2394 nihil
1514 2354 1640 2394 modo
1663 2367 1842 2406 respon-

83 2418 184 2459 dere
216 2430 356 2470 posse.
411 2415 495 2457 Sed
523 2416 611 2470 jam
644 2416 686 2457 in
719 2416 877 2459 futuris
909 2418 1102 2461 Comitiis
1135 2419 1417 2461 deliberatum
1452 2418 1501 2459 iri
1536 2432 1561 2459 a
1592 2417 1840 2472 proceribus

81 2481 255 2536 Imperii
288 2482 339 2523 de
372 2494 423 2522 ea
455 2495 514 2524 re.
563 2481 663 2523 Ideo
696 2482 896 2535 quicquid
929 2484 1142 2525 communi
1176 2484 1486 2525 deliberatione
1517 2483 1574 2524 ibi
1607 2484 1840 2533 statuatur,

82 2561 129 2589 se
152 2560 320 2600 quoque
353 2546 583 2596 facturum,
616 2546 711 2588 ideo
735 2547 866 2590 etiam
889 2548 969 2590 sibi
991 2563 1076 2591 non
1100 2549 1316 2601 integrum
1341 2562 1435 2589 esse
1458 2562 1593 2589 novas
1615 2547 1842 2590 instituere

83 2614 128 2653 et
159 2612 274 2653 ferre
307 2610 634 2664 disputationes.

203 2705 230 2734 a)
253 2705 312 2728 Ilm:
340 2712 361 2728 r.
382 2707 432 2728 au!
462 2705 508 2728 Ιιῐι·
534 2708 584 2729 met
600 2708 667 2736 post
687 2704 861 2730 auditurum
884 2706 1069 2730 inserendum
1097 2714 1157 2730 esse
1185 2713 1231 2729 res
1258 2705 1320 2735 ips«
1341 2705 1473 2729 ostendit.
1514 2705 1741 2735 Lentgs¹›1·ie›1.sen1
1763 2708 1842 2736 {ypo-

81 2746 226 2777 91·aplaum
255 2746 448 2777 ›teyligaentiiffl
480 2746 570 2776 eglisse
596 2747 684 2770 eliam
711 2747 863 2772 Cornelius
892 2750 971 2771 notat
1001 2747 1294 2778 (Ges-rhicmsquellen
1326 2746 1366 2777 [r.
1395 2747 1475 2776 infra
1504 2754 1533 2776 p.
1560 2746 1628 2777 1:71]
1656 2747 1689 2770 II
1712 2746 1841 2771 XXIXU.

84 2785 114 2817 b)
142 2787 206 2817 Sim·
229 2788 395 2817 ponendam
421 2787 516 2816 fuisse
543 2788 659 2812 videtur
677 2787 705 2812 id
727 2787 785 2813 sibi
806 2787 913 2813 liceret
934 2789 976 2813 rel
997 2788 1029 2813 ut
1050 2787 1078 2813 id
1100 2787 1157 2813 sibi
1179 2787 1293 2813 liceret.
1386 2788 1410 2816 c)
1441 2788 1498 2811 Ilm·
1526 2795 1547 2810 r.
1568 2790 1618 2810 cru!
1644 2787 1690 2811 hic
1709 2790 1760 2811 aut
1778 2791 1843 2818 post

85 2827 192 2853 testari
215 2829 329 2852 videtui·
348 2836 408 2852 esse
428 2829 641 2859 suppleudimm
662 2837 685 2853 v.
704 2837 796 2860 supra
817 2830 884 2854 adn.
906 2838 931 2854 (ι.

207 2941 216 2960 ¹
253 2940 429 2974 Henricus
464 2940 553 2974 Bars
593 2940 815 2985 (Barsaeus)‚
855 2953 958 2986 quem
1000 2940 1220 2984 „Olisleger“
1252 2939 1467 2983 (Olearium)
1505 2951 1633 2974 vocare
1672 2940 1844 2982 solebant,

84 2993 320 3027 cancellarius
356 2993 549 3035 diviensis,
585 2993 619 3028 in
655 2995 761 3029 rebus
795 2995 980 3038 religionis
1015 2994 1237 3028 erasmianus
1269 2994 1379 3027 fuisse
1406 2993 1484 3026 sive
1512 2994 1626 3027 media
1652 2994 1726 3027 fere
1751 2993 1845 3027 inter

86 3046 280 3081 catholicos
317 3050 351 3080 et
388 3049 632 3091 protestantes
666 3047 726 3082 via
762 3048 952 3082 incessisse
988 3047 1142 3081 traditur
1176 3047 1334 3090 (Lossen,
1371 3046 1474 3080 lx'ijln.
1503 3046 1624 3090 Krieg,
1651 3046 1760 3090 Vorg.
1791 3047 1843 3080 13.

87 3100 207 3133 Keller
232 3099 254 3133 l.
282 3111 311 3134 c.
342 3099 462 3144 [supra
489 3111 521 3144 p.
545 3099 624 3144 148]
652 3101 665 3134 l
693 3102 712 3134 7
742 3102 814 3144 12).

203 3152 216 3172 ²
243 3152 456 3186 Guilielmus
484 3153 557 3186 dux
583 3164 629 3187 ex
656 3154 898 3198 compluribus
925 3153 1028 3187 annis
1049 3152 1108 3194 (ab
1129 3163 1219 3186 anno
1242 3153 1329 3186 155&
1358 3152 1415 3186 vel
1443 3152 1550 3186 etiam
1578 3153 1676 3194 ante)
1704 3164 1843 3187 sacram

85 3204 340 3239 eucharistiam
368 3204 433 3239 sub
460 3209 612 3250 utraque
639 3207 757 3251 specie
783 3207 947 3241 sumebat
977 3207 1123 3249 (Lm-sen
1153 3205 1174 3239 1.
1202 3217 1230 3240 c.
1258 3206 1372 3247 2622).

158 3267 467 3301 Braunsborger,
489 3269 599 3295 canisii
621 3269 774 3303 Epistulae
794 3271 826 3296 et
843 3271 926 3296 Acta.
952 3270 986 3296 V.
1517 3265 1561 3297 43
