2045 3471
388 191 482 225 Mon.
503 191 570 226 770
595 191 673 226 sive
698 191 797 226 herb.
818 191 884 235 (5).
927 191 1024 225 Inter
1050 190 1106 226 26.
1121 189 1215 230 ‚Nov.
1235 191 1271 223 et
1295 189 1328 223 4.
1347 188 1432 223 Dec.
1454 187 1555 222 1566.
1764 188 1847 230 697

91 310 145 343 illi
169 310 208 342 id
233 311 468 343 necessarium
497 320 566 342 esse
592 311 816 353 contendunt,
850 314 888 342 ut
913 314 943 342 et
967 309 1176 342 Francones
1202 320 1245 342 ex
1270 307 1560 342 universitatibus
1581 305 1854 350 protestaniium

91 362 337 406 retrahantur,
363 366 393 395 et
418 363 555 405 colleyii
579 363 716 396 scholae
739 364 1019 407 frequententur.

208 445 258 487 P.
281 445 570 500 Hieronymus
591 445 763 486 Natalis
786 446 1004 488 Societatis
1026 446 1217 486 visitator
1244 445 1435 486 Treveris
1456 446 1526 485 320.
1552 443 1717 497 Aprilis
1741 443 1856 484 1567

91 511 268 551 Romam
302 510 361 550 ad
382 511 425 552 S.
450 509 727 551 Francisczcm
750 510 953 564 Borqiam
982 511 1269 565 praepositum
1300 509 1534 564 ¹aenei-alem
1565 508 1667 549 haec
1698 507 1856 548 rettulit

93 576 145 617 de
184 576 370 616 consiliis
412 575 634 629 Herbipoli
681 580 852 616 eoeeunie
897 589 948 617 m.
981 575 1207 616 Novembri
1251 579 1286 615 ei
1334 575 1502 615 ineunte
1550 587 1602 615 m.
1635 570 1857 613 Decembri

93 655 132 682 a.
159 641 273 682 1566
305 654 331 680 a
363 653 405 680 se
439 644 473 680 et
506 654 532 680 a
567 640 738 681 Canisio
772 641 931 681 collatis
973 654 1065 681 cum
1098 639 1318 681 Friclerico
1357 653 1384 679 a
1415 638 1628 691 IVirsbery
1671 637 1857 690 episcopo

89 706 282 761 principe
317 709 351 745 et
382 705 639 746 Baltlzasare
672 704 724 745 ab
757 704 883 746 Hella
916 706 1006 746 eius
1038 706 1303 757 cancellario,
1346 705 1417 759 qni
1450 704 1495 744 in
1528 703 1747 744 Socieiaiis
1779 701 1857 742 col-

93 771 196 824 ieqio
220 769 441 824 Herbipoli
462 770 722 811 instituendo
745 783 827 810 non
851 771 984 811 solnm
1005 770 1167 811 scholas
1189 769 1416 823 inferiores
1438 768 1597 819 haberi,
1631 767 1705 808 sed
1735 767 1858 807 etiam

95 835 146 876 ab
194 835 285 889 ipso
331 836 453 875 initio
511 839 547 875 et
589 834 899 889 philosophiam
958 838 993 875 et
1043 835 1286 888 theoloyiam
1341 833 1458 875 tradi
1510 831 1699 874 volebant
1745 829 1860 881 (vide

95 913 230 954 supra
266 913 311 954 p.
345 898 478 951 3669:
519 898 689 947 Quanto
731 899 786 940 ad
827 898 1134 940 incominciare
1175 912 1255 940 con
1296 912 1353 939 vn
1387 896 1578 949 Collegio
1620 895 1663 937 di
1702 895 1861 937 lettere

95 964 282 1006 humane
322 962 458 1005 latine
500 967 544 1005 et
585 962 757 1016 greche‚
800 963 840 1004 io
882 963 922 1004 lo
956 977 1139 1017 propose
1171 963 1350 1004 insieme
1383 962 1484 1004 co’l
1518 961 1657 1002 Padre
1690 958 1861 1001 Canisio

97 1042 176 1071 con
215 1030 335 1071 tutta
373 1028 402 1069 l’
425 1028 625 1070 instanza
666 1027 870 1082 possibile
902 1028 944 1070 al
977 1027 1244 1070 Cancellario
1277 1030 1322 1070 et
1363 1027 1405 1069 al
1437 1026 1651 1075 Vescouo,
1694 1027 1739 1067 et
1770 1024 1862 1066 loro

95 1093 323 1136 haueuano
356 1093 400 1136 la
432 1092 793 1136 determinatione
825 1093 1037 1134 fixissima
1069 1092 1109 1134 di
1143 1093 1236 1134 fare
1268 1106 1326 1133 vn
1359 1105 1468 1144 gran
1500 1089 1726 1144 principio,
1769 1089 1864 1131 co'l

97 1158 224 1212 quale
246 1158 418 1200 mouino
442 1160 468 1200 a
489 1158 638 1200 venire
669 1157 699 1199 li
722 1157 935 1200 Franconi
967 1157 1145 1200 subietti
1167 1157 1209 1199 al
1231 1158 1443 1207 Vescouo,
1477 1156 1590 1198 dalle
1612 1154 1866 1197 Vniuersita

98 1224 137 1266 d'
161 1223 340 1266 heretici
383 1224 470 1266 alla
512 1238 590 1265 sua
622 1223 858 1273 Catholicae»,
902 1225 946 1265 et
985 1222 1104 1264 nullo
1137 1224 1266 1276 pacto
1299 1221 1516 1276 potuimus
1549 1220 1757 1269 obtinere,
1800 1219 1863 1260 di-

99 1289 233 1331 cendo
275 1288 405 1332 etiam
447 1289 554 1339 loro,
597 1288 675 1330 che
715 1285 980 1342 facendos[i]
1023 1301 1134 1341 poca
1175 1292 1301 1329 cosaa
1341 1286 1522 1328 essendo
1565 1285 1676 1328 altre
1716 1283 1861 1326 schole

99 1354 215 1396 nella
253 1354 489 1396 medesima
530 1353 635 1404 cita,
678 1367 763 1395 non
803 1353 1094 1402 verrebbono‚
1137 1366 1191 1394 ne
1233 1351 1363 1405 quelli
1405 1351 1518 1392 della
1560 1349 1648 1392 cita
1688 1363 1735 1391 se
1774 1362 1860 1391 non

100 1418 225 1473 pochi
251 1453 258 1461 .
282 1419 323 1461 io
356 1432 489 1473 penso
521 1418 579 1460 mi
617 1417 748 1460 mossi
781 1417 940 1472 perche
972 1431 1058 1459 non
1090 1417 1129 1459 ci
1161 1431 1235 1458 era
1275 1415 1467 1466 rimedio,
1510 1429 1563 1456 ne
1605 1427 1862 1469 sperauamo

100 1483 293 1538 puotersi
325 1483 419 1526 fare
451 1497 554 1525 cosa
585 1482 770 1525 alchuna
803 1496 849 1524 se
881 1496 966 1524 non
997 1482 1041 1524 in
1074 1484 1226 1535 questo
1258 1480 1398 1523 modo.

220 1582 347 1626 Itaque
372 1580 514 1615 Natalis
549 1582 585 1615 et
612 1579 778 1615 Canisius
808 1579 897 1614 duos
930 1578 1132 1623 theologiae
1168 1580 1203 1612 et
1238 1578 1326 1612 duos
1361 1576 1607 1622 philosophiae
1642 1577 1862 1621 professores

101 1635 267 1680 episcopo
293 1636 558 1676 concesserunt,
593 1634 644 1668 ita
678 1636 809 1673 tamen,
842 1634 884 1666 ut
918 1632 1055 1666 duobus
1090 1632 1164 1665 fere
1190 1631 1314 1676 primis
1341 1631 1444 1665 annis
1469 1641 1562 1664 unus
1594 1632 1735 1664 tantum
1764 1628 1861 1663 theo-

100 1688 205 1732 logus
230 1699 394 1732 unusque
419 1686 654 1733 philosophus
680 1687 807 1720 adesse
833 1685 1020 1726 deberent;
1046 1696 1080 1719 V.
1099 1695 1208 1729 supra
1234 1696 1267 1729 p.
1287 1684 1367 1718 367.

104 1827 211 1864 770
238 1827 316 1862 sive
341 1825 494 1862 herb.
514 1825 610 1867 (5).
685 1824 788 1861 Inter
815 1824 871 1859 26.
890 1822 1102 1859 Novembris
1129 1823 1165 1858 et
1190 1821 1226 1858 4.
1244 1819 1452 1858 Decembris
1470 1820 1565 1857 1566.

223 1909 278 1943 Ex
308 1908 593 1952 „instructionis“
625 1907 788 1952 exemplo
823 1906 1029 1951 archetypo,
1067 1905 1159 1949 quod
1186 1916 1229 1938 ex
1259 1904 1452 1939 Germania
1487 1906 1612 1948 postea
1637 1902 1786 1937 Romam
1821 1903 1865 1938 ad

105 1963 138 1998 S.
157 1963 389 1997 Franciscum
409 1962 577 2005 Borgiam
603 1961 846 2006 praepositum
874 1958 1078 2003 generalem
1105 1958 1253 1992 missum
1281 1960 1345 1991 est.
1390 1956 1473 1992 cod.
1496 1956 1617 2000 „N1G“
1641 1957 1664 1990 f.
1680 1956 1865 1991 68¹2—69b.

105 2016 223 2051 Etiam
253 2016 314 2059 (ex
339 2015 463 2050 eodem
489 2014 670 2059 exemplo)
699 2014 734 2048 in
761 2013 849 2058 Epp.
868 2013 991 2046 Nadal
1017 2012 1065 2046 IV
1092 2011 1291 2046 324—326.

225 2094 261 2126 P.
281 2092 426 2126 Natalis
449 2092 612 2124 visitator
640 2091 785 2124 canisio
806 2089 1026 2132 provinciali
1051 2089 1154 2121 varia
1176 2088 1353 2131 praecipit
1378 2088 1419 2121 de
1444 2087 1584 2130 colleqio
1602 2086 1789 2129 Herbipoli
1814 2086 1869 2118 in-

107 2146 266 2180 cohando
292 2149 322 2178 et
347 2145 525 2178 dotando:
550 2144 603 2177 De
620 2144 884 2181 contionatore,·
908 2143 949 2175 de
966 2142 1169 2184 mayistris;
1195 2141 1236 2174 a'e
1253 2141 1398 2174 aedibus
1423 2145 1453 2173 ei
1475 2140 1609 2181 hortis;
1633 2140 1674 2172 de
1692 2139 1870 2180 alumnis;

109 2199 150 2232 de
167 2199 376 2232 monasterii
392 2198 587 2230 traditione
597 2209 610 2238 ‚·
635 2197 677 2229 de
693 2197 835 2229 ratione
852 2195 981 2237 agendi
998 2205 1077 2227 cnm
1095 2195 1265 2237 episcopo,
1288 2194 1491 2237 praeposito
1506 2193 1676 2236 yenerali,
1703 2192 1871 2234 capitulo.

229 2288 277 2330 P.
312 2288 598 2342 Hieronymus
630 2286 801 2327 Natalis
833 2285 1051 2326 Societatis
1081 2284 1285 2336 visitator,
1320 2287 1545 2337 antequam
1576 2283 1622 2322 in
1654 2281 1874 2323 Societatis

105 2354 368 2409 provinciam
390 2352 627 2394 rhenanam
649 2351 796 2401 abiret,
823 2349 1040 2390 Canisium
1060 2349 1318 2390 Germaniae
1339 2348 1570 2401 superioris
1590 2346 1875 2401 praepositum

109 2418 409 2474 provincialem
442 2415 667 2470 Herbipoli
699 2429 834 2456 secum
867 2418 1099 2455 morantem
1142 2413 1243 2454 haec
1275 2414 1399 2454 iussit
1431 2425 1583 2453 curare
1617 2411 1667 2452 cle
1698 2410 1876 2464 colleyio,

113 2484 222 2540 qaod
254 2481 477 2536 Herbipoli
509 2480 760 2522 Fridericns
792 2493 817 2520 a
841 2478 1056 2533 Wirsbery
1088 2479 1303 2532 episcopus
1335 2477 1534 2518 incohare
1565 2481 1602 2518 et
1634 2476 1775 2517 reditu
1808 2475 1877 2516 in-

113 2555 275 2592 struere
306 2546 486 2588 volebat:

234 2617 458 2660 Scribatur
490 2616 542 2657 de
575 2615 620 2657 P.
645 2614 763 2656 Fahe
794 2613 1005 2656 mittendo
1038 2612 1307 2666 Herbipolim
1341 2625 1396 2653 ex
1429 2610 1647 2652 Polonia1.

234 2689 352 2731 Jtem
375 2687 449 2728 dea
471 2686 597 2728 docto
620 2684 888 2738 philosopho,
913 2683 984 2736 qui
1006 2683 1144 2737 possit
1165 2681 1440 2736 respondere,
1474 2683 1518 2723 et
1549 2679 1663 2722 tueri
1685 2678 1878 2722 authori-

116 2756 254 2797 tatem
294 2755 554 2794 nostrorum.
618 2749 838 2802 Theologo
880 2749 989 2790 bene
1029 2747 1210 2789 fundato
1244 2749 1361 2788 esset
1392 2759 1512 2800 opus,
1555 2748 1600 2787 et
1641 2743 1879 2786 consultius

119 2821 235 2861 esset
256 2818 362 2860 duos
384 2815 499 2858 mitti
520 2814 810 2870 philosophos,
843 2817 888 2856 et
909 2813 1164 2866 Theologos,
1200 2811 1252 2853 ob
1276 2810 1626 2853 consuetudinem
1650 2808 1880 2852 Societatis

120 2883 403 2933 retinendam,
438 2884 482 2924 et
515 2893 568 2921 ne
600 2879 738 2922 nostri
770 2879 813 2921 in
846 2880 1139 2931 contemptum
1165 2875 1354 2926 veniant,
1389 2877 1435 2917 3?
1461 2889 1514 2916 ne
1547 2889 1654 2929 opus
1686 2874 1744 2916 sit
1775 2887 1880 2928 pen-

239 2981 267 3012 a)
289 2980 427 3012 Sequitur
446 2978 510 3009 che,
531 2978 735 3003 oblitteratmn.
821 2975 852 3007 b)
873 2976 1012 3008 Sequitur·
1032 2973 1231 3006 philosopho,
1251 2974 1456 2998 oblitteratmn.

245 3123 255 3143 ¹
281 3098 446 3156 Canisius
480 3121 523 3154 de
559 3118 598 3153 P.
626 3118 733 3153 Petro
769 3117 864 3151 Fahe
899 3116 1141 3151 contionatore
1176 3114 1349 3149 ecclesiae
1385 3111 1601 3147 cathedralis
1636 3111 1883 3146 constituendo

124 3176 277 3219 Borgiae
303 3174 448 3219 scripsit
476 3174 529 3208 14.
548 3171 754 3206 Decembris
782 3171 891 3210 1566;
919 3181 941 3203 v
972 3180 1081 3213 supra
1107 3180 1139 3213 p.
1159 3167 1239 3203 367.
