2045 3471
134 190 234 225 1315.
262 190 360 224 Hier.
378 189 531 230 Natalis,
558 187 653 223 Petr.
678 187 774 229 Can,
801 187 870 222 Iac.
891 187 1065 222 Ledesma
1091 186 1214 220 loanni
1233 185 1423 220 Francisco
1443 185 1717 220 Commendorm.
1763 188 1844 228 239

84 306 228 344 1315.
280 306 349 340 PP.
371 303 689 339 HIERONYMUS
706 304 923 346 NATALlS‚
938 303 1124 338 PETRUS
1144 302 1372 344 CANISIUS,
1390 302 1595 337 IACOBUS
1614 302 1849 340 LEDESMA.

251 359 283 395 S.
303 360 347 400 J„
375 357 636 393 CARDINALI
668 355 913 392 IOANNI
939 353 1328 391 FRANCISCO
1358 353 1847 398 00MMENDON0,

250 413 430 458 pontificis
456 412 492 446 in
519 411 673 446 comitiis
698 410 839 455 imperii
865 410 996 453 legato.
1048 409 1285 452 (Litterae
1312 409 1521 452 tertiae.)

771 465 938 506 Augusta
963 462 1069 496 Vind.
1096 462 1190 496 inter
1215 462 1271 495 24.
1298 461 1435 506 Aprilis
1461 464 1498 495 et
1524 463 1555 496 5.
1583 462 1670 496 Maii
1699 462 1800 496 1566.

202 537 257 570 Ex
283 537 439 580 imagine
465 534 748 581 photographica
783 534 986 568 litterarum
1012 532 1291 578 archetyparum
1322 531 1398 575 (V),
1426 543 1516 575 quae
1544 534 1690 566 exstant
1716 533 1849 567 Romae

83 590 119 624 in
154 589 300 624 archivo
326 590 504 629 vaticano,
544 589 670 631 ⁷,Conc.
699 588 732 621 di
769 587 912 628 Trento,
949 599 982 621 n.
1011 587 1098 621 14210‘
1128 587 1153 619 f.
1172 586 1266 620 276³.
1318 585 1476 619 Litterae
1515 585 1587 628 (20;
1617 586 1703 630 lp.)
1741 597 1848 620 manu

84 643 122 678 P.
150 643 277 677 Didaci
303 643 464 677 Jimenez
490 641 523 676 S.
543 642 574 676 J.
602 641 759 686 scriptae
784 644 878 680 sunt,
905 641 1048 685 praeter
1073 639 1208 683 aliquot
1235 639 1355 680 verba,
1383 649 1474 682 quae
1503 638 1667 672 Canisius
1702 638 1848 680 addidit,

84 699 119 730 et
153 697 331 740 integra-m
366 695 579 741 particulam
616 696 833 739 postremam
864 693 1002 737 („Haec
1034 704 1054 726 a
1081 692 1202 726 nobis‘
1232 711 1278 715 —
1308 691 1612 734 „sentientium“),
1640 702 1747 735 quam
1784 691 1847 725 Ca-

81 750 195 784 nisius
222 749 378 795 scripsit,
405 761 446 783 ac
473 748 542 782 tria
568 747 711 781 nomina
737 746 869 781 litteris
895 746 1118 790 subscripta;
1147 757 1238 789 quae
1264 744 1490 789 autographa
1516 747 1611 778 sunt.
1646 745 1685 778 In
1712 744 1848 778 littera-

81 815 160 837 rum
187 803 303 848 capite
331 802 367 843 (a
385 802 516 836 Natale
542 800 602 835 vel
620 800 830 842 Ximenio?)
859 799 1015 844 positum
1043 800 1099 833 est
1121 798 1201 841 „C“.
1246 798 1403 833 Exstant
1428 800 1615 842 praeterea
1641 797 1848 842 apographa

82 868 267 891 romanum
297 856 359 899 (X)
388 859 424 889 et
450 855 678 894 londinense;
714 854 756 887 de
784 853 914 897 quibus
942 852 1022 886 vide
1049 863 1158 897 supra
1193 864 1226 897 p.
1253 852 1333 886 230.
1385 849 1543 884 Litteras
1578 851 1715 895 primus
1750 850 1848 895 typis

83 910 248 954 vulgavit
275 910 498 943 Laderehtas
531 908 553 942 l.
581 919 610 942 c.
640 907 826 942 131—132
864 906 914 950 (in
941 918 972 940 a.
1002 906 1092 940 1566
1128 917 1161 939 n.
1182 904 1279 949 234),
1314 904 1522 949 apographo
1548 915 1647 945 usus,
1682 904 1776 948 quod
1803 915 1847 937 ex

82 963 245 1008 exemplo
280 963 452 1008 spadiano
487 961 708 1005 exscriptum
737 964 814 994 erat
843 960 904 1003 (cf.
931 971 1041 1003 supra
1071 971 1103 1004 p.
1122 959 1222 1001 230).
1274 958 1430 992 Eaedem
1457 970 1502 992 ex
1528 957 1725 1003 archetypo
1751 960 1846 991 tran-

81 1017 238 1062 scriptae
264 1018 348 1050 sunt
373 1016 408 1050 in
436 1015 524 1060 Epp.
543 1015 665 1049 Nadal
692 1014 742 1048 lll
769 1014 920 1048 95—96.
964 1013 1011 1047 lis
1039 1024 1125 1046 usus
1152 1015 1208 1046 est
1235 1013 1351 1055 Dum,
1377 1011 1451 1046 Jes.
1480 1011 1493 1044 Ι
1520 1011 1615 1046 828¹.

201 1088 428 1129 Dissuadent,
449 1098 489 1119 ae
507 1087 649 1128 Zeyatzcs,
669 1090 858 1128 antequam
874 1085 1053 1128 pontificis
1071 1094 1276 1126 responsam
1295 1087 1426 1116 certam
1440 1084 1623 1125 acceperit,
1640 1084 1710 1115 sice
1722 1082 1845 1125 palam

82 1141 152 1174 sive
177 1141 267 1174 clam
292 1141 460 1174 adversus
488 1141 592 1182 pacis
626 1143 848 1182 (czcyzcstctnae
882 1138 1184 1179 confirmationem
1217 1141 1452 1180 protestetur;
1482 1137 1781 1179 protestationem,
1816 1136 1847 1168 st

82 1195 163 1237 fieri
187 1195 317 1238 debeat,
344 1196 448 1227 etiam
471 1198 549 1236 post
576 1193 714 1226 comitia
742 1193 823 1234 fieri
841 1202 957 1234 posse.

458 1275 714 1326 Questiones
747 1288 843 1315 cum
876 1273 1078 1315 breuibus
1110 1272 1474 1327 responsionibus

88 1356 123 1398 1.
413 1354 481 1394 An
513 1354 660 1395 stante
698 1351 905 1393 mandato
939 1349 1160 1392 Pontificis
1198 1353 1246 1392 ut
1287 1349 1341 1391 ad
1383 1348 1744 1403 protestationem
1778 1349 1850 1391 de-

298 1420 511 1468 ueniatur‚
556 1432 651 1459 cum
693 1416 1091 1471 praeiudicaretur²²
1123 1414 1310 1456 Concilio
1345 1413 1611 1465 Tridentino,
1652 1414 1763 1467 quod
1797 1415 1850 1456 ad

297 1484 502 1537 dogmata
524 1480 753 1537 pertinet&
789 1484 832 1523 et
855 1479 1173 1523 affirmantibus
1194 1479 1368 1521 interim
1392 1493 1597 1532 expresse
1620 1479 1851 1532 Theologis

295 1549 393 1590 huic
416 1548 603 1590 Concilio
637 1561 714 1601 per
747 1545 1116 1588 confirmationem
1150 1544 1282 1598 pacis,
1318 1558 1400 1597 quo
1425 1544 1479 1586 ad
1512 1544 1732 1597 dogmata,
1765 1558 1851 1585 non

297 1613 598 1668 praeiudicari,
633 1612 690 1653 sit
721 1611 996 1653 nihilominus
1029 1610 1084 1652 ad
1109 1609 1475 1652 protestationem
1506 1609 1850 1651 deueniendum‘?

201 1686 252 1728 R.
306 1685 440 1726 donec
474 1684 599 1726 Pont.
632 1683 749 1725 Max.
786 1681 893 1724 certi
932 1680 1094 1734 aliquid
1135 1680 1410 1734 respondeat,
1454 1694 1539 1721 non
1582 1679 1755 1722 uidetur
1796 1680 1851 1721 ad

84 1750 444 1806 protestationem
477 1748 691 1803 publicam
727 1751 768 1789 et
801 1747 1021 1788 solennem
1053 1746 1123 1788 uel
1156 1746 1208 1787 ob
1232 1759 1361 1799 quam
1383 1745 1592 1787 metuitur
1613 1744 1849 1799 periculum

84 1830 180 1859 esse
213 1814 540 1857 deueniendum.

85 1901 109 1941 2
398 1896 466 1938 An
500 1895 766 1938 Protestatio
800 1894 975 1936 Caesari
1017 1907 1163 1935 coram
1198 1893 1380 1935 Notario
1414 1895 1458 1935 et
1491 1892 1692 1935 Testibus
1733 1892 1851 1935 facta

298 1961 579 2017 probabiliter
612 1960 816 2002 credatur
855 1959 1053 2008 molesta,
1097 1960 1142 2000 et
1180 1972 1277 2000 cum
1310 1957 1545 1999 offensione
1569 1956 1766 1999 Caesaris
1800 1971 1849 1999 ac

298 2027 535 2081 Religionis
567 2026 717 2068 futura
749 2026 905 2067 esse?1

204 2100 254 2142 R.
309 2099 493 2140 Videtur
524 2097 599 2138 illa
622 2095 797 2138 Caesari
829 2095 1013 2137 molesta
1046 2096 1208 2136 etcum
1237 2094 1328 2135 eius
1352 2094 1586 2135 offensione
1608 2093 1770 2144 futura,
1806 2096 1849 2136 et

86 2165 318 2207 uerendum
352 2177 406 2204 ne
439 2177 533 2204 cum
566 2162 735 2203 iactura
767 2160 897 2203 etiam
922 2159 1160 2212 Religionis
1192 2159 1233 2200 in
1257 2159 1406 2201 multis
1427 2160 1505 2201 fiat
1537 2159 1617 2201 hoc
1638 2161 1847 2213 tempore.

88 2256 112 2297 3
399 2251 468 2292 An
499 2249 751 2299 timendum,
793 2263 847 2290 ne
880 2247 1146 2290 Protestatio
1181 2248 1253 2290 det
1286 2247 1516 2290 Schismati
1549 2247 1849 2289 occasionem?

205 2324 255 2366 R.
310 2322 494 2364 Videtur
533 2320 769 2363 timendum
804 2333 857 2361 ne
897 2319 996 2360 inde
1037 2320 1236 2361 sumatur
1268 2318 1436 2360 occasio
1470 2317 1730 2367 schismatis,
1774 2320 1850 2359 aut

88 2390 243 2432 saltem
276 2401 330 2429 ne
363 2387 501 2428 minor
533 2385 590 2427 sit
622 2385 722 2426 unio
745 2384 945 2426 Statuam
969 2384 1288 2426 Catholicorum
1322 2397 1416 2424 cum
1441 2383 1592 2437 Capite
1625 2396 1701 2424 suo
1725 2383 1849 2424 Pont.

87 2455 204 2497 Max.
238 2453 351 2495 unde
382 2451 551 2493 initium
584 2449 838 2492 Schismati⁰
861 2447 922 2503 [P]
958 2449 1158 2501 consequi
1192 2448 1342 2502 possit.

209 2552 237 2579 a)
259 2548 381 2583 quando
402 2547 630 2582 praejudicetur
650 2555 726 2578 resp.
748 2547 928 2571 Luncellotti.
1012 2545 1041 2577 b)
1064 2544 1241 2571 Tridentino
1264 2544 1363 2578 quoad
1385 2544 1527 2575 dogmata
1548 2545 1622 2569 Lad.
1703 2551 1727 2570 ct
1750 2545 1796 2569 &ic
1816 2545 1853 2575 1⁷,-

88 2592 289 2624 corriyemlam
313 2592 426 2616 ridetur
446 2590 643 2619 ¹§chisinatiffl
663 2587 815 2613 scismatis
836 2589 872 2613 X.

213 2707 221 2725 ¹
248 2705 488 2739 Lancellotcas
513 2702 767 2746 responderat:
801 2700 855 2742 „Si
883 2700 1025 2744 quidem
1054 2698 1336 2743 [confirmatione
1365 2699 1461 2742 pacis
1489 2697 1726 2741 augustanae]
1754 2710 1853 2743 prae—

86 2759 268 2804 judicatur
295 2757 461 2795 Concilio,
499 2754 710 2800 protestatio
748 2754 825 2787 fieri
861 2753 967 2787 debet
1001 2752 1064 2793 illi,
1101 2753 1160 2796 qui
1197 2754 1319 2786 contra
1355 2751 1509 2784 debitam
1542 2751 1733 2795 justitiam,
1769 2751 1853 2795 quid

90 2812 188 2853 facit,
222 2811 335 2844 veluti
362 2809 519 2849 Caesari,
556 2807 615 2851 qui
643 2806 795 2840 Comitia
822 2805 1069 2849 congregavit,
1106 2809 1141 2838 et
1175 2803 1369 2849 proposuit,
1405 2804 1471 2837 hac
1507 2804 1550 2837 dc
1586 2804 1853 2838 confirmatione

90 2864 316 2899 tractandum
344 2874 432 2897 esse.
478 2862 566 2895 ltem
585 2860 661 2894 fieri
680 2862 802 2904 posset
820 2858 1013 2893 Catholicis
1033 2858 1221 2897 Praelatis,
1250 2861 1284 2891 et
1304 2857 1547 2900 Principibus*
1565 2869 1571 2896 ;
1600 2857 1714 2890 altera
1733 2861 1852 2891 tamen

90 2917 157 2952 hac
183 2916 443 2962 protestatione
470 2915 629 2958 legatum
656 2912 891 2957 supersedere
917 2923 1033 2956 posse,
1073 2911 1175 2954 ,quia
1203 2911 1236 2943 in
1266 2910 1452 2943 Conventa
1481 2909 1757 2951 Catholicorum,
1794 2910 1852 2943 ad-

91 2973 175 3004 sunt
200 2970 307 3004 etiam
334 2972 370 3003 et
395 2967 577 3008 haeretici,
614 2969 650 3000 et
676 2966 822 2999 daretur
848 2965 986 2998 occasio
1014 2964 1228 2997 scamlalis“.
1280 2965 1331 2996 Ac
1358 2963 1450 3006 quod
1479 2963 1520 2996 ad
1556 2963 1851 3007 protestationem

92 3023 228 3058 caesari
253 3022 453 3057 faciendam
481 3021 620 3060 attinet,
648 3018 892 3053 Lancellottus
919 3017 1097 3057 censebat,
1126 3028 1204 3050 eam
1231 3028 1348 3050 coram
1376 3017 1452 3060 ipso
1479 3027 1624 3050 caesare
1651 3016 1851 3050 faciendam

92 3088 186 3117 esse;
223 3076 277 3110 sin
313 3078 431 3109 autem
463 3074 669 3116 „timeretur
702 3072 743 3105 de
770 3070 983 3111 scandalis“‚
1020 3081 1096 3103 eam
1134 3070 1208 3103 fieri
1236 3080 1340 3113 posse
1381 3069 1502 3111 „clam,
1538 3080 1657 3103 coram
1692 3069 1852 3103 honestis

92 3128 199 3169 Viris,
226 3129 260 3162 in
287 3129 489 3173 praesentia
507 3126 665 3160 Notarii*
691 3125 928 3167 (Laderclctns
955 3123 975 3157 l.
997 3136 1024 3156 c.
1050 3122 1260 3165 125—126).
1305 3121 1406 3156 Hanc
1433 3123 1654 3166 protestandi
1677 3122 1850 3156 rationem

94 3181 184 3215 Socii
212 3181 331 3215 verbis
357 3192 466 3225 supra
491 3179 618 3224 positis
644 3178 869 3221 significasse
895 3175 1071 3209 videntur.
