2045 3471
247 187 349 222 1333.
376 187 542 222 Wendel.
566 187 673 222 Canis
701 186 852 222 Canisio.
906 186 1006 221 1334.
1035 184 1382 220 Barthol.Vallonus
1401 183 1554 219 Canisio.
1731 185 1812 225 271

56 303 208 340 1333.
318 303 737 340 WENDELINA
773 302 992 346 CANIS,
1028 302 1213 338 Godefridi
1248 314 1330 336 vom
1361 301 1481 336 Triest
1515 299 1674 335 consulis
1708 299 1817 333 vidua

249 357 354 402 (uxor
365 358 412 401 2³),
439 357 640 392 GANISIO.
930 357 1151 399 Noviomago
1177 356 1272 390 inter
1296 367 1342 389 m.
1361 355 1464 389 Febr.
1491 356 1527 388 et
1553 354 1644 396 Aug.
1666 353 1767 388 1566.

174 428 228 462 Ex
255 427 472 473 apographo,
499 428 542 461 de
568 440 637 472 quo
664 427 768 466 infra,
795 439 829 461 n.
859 428 960 462 1364.

178 505 345 538 Canisius
383 506 574 547 Oeniponte
609 507 640 538 8.
672 505 830 538 Οοΐηόνὶε
858 506 949 537 1566
979 503 1204 536 IVendeZinae
1240 502 1362 535 sorori·
1398 502 1558 545 scripsit:
1596 500 1818 544 „Zweyerley

58 557 248 591 Schreiben
273 558 361 590 habe
387 559 443 591 ich
470 559 551 601 auff
574 559 648 591 eine
674 559 750 590 Zeit
774 568 840 590 von
866 557 967 590 Euch
993 553 1227 599 empfanyeist
1256 560 1315 588 etc.

174 627 227 662 De
266 630 418 671 utraque
457 627 612 672 epistula
640 646 682 650 —
722 628 849 660 neutra
888 627 981 660 enim
1019 637 1113 660 nunc
1153 627 1299 660 exstare
1335 624 1478 658 videtur
1505 643 1547 648 —
1574 624 1657 657 vide
1684 622 1818 657 Canisii

56 680 209 722 litteras,
237 692 326 724 quas
353 681 438 722 dixi,
466 682 574 724 atque
601 680 709 714 etiam
736 680 897 714 eiusdem
924 679 1099 725 epistulas
1126 679 1158 713 2.
1187 681 1222 713 et
1248 678 1280 713 8.
1301 677 1467 712 Octobris
1488 676 1577 710 1566
1605 676 1648 710 ad
1675 676 1714 709 P.
1733 676 1818 709 Leo—

55 734 206 768 nardum
232 733 361 768 Kessel
387 734 502 775 datas,
528 732 622 767 infra
648 745 682 767 n.
704 733 794 767 1360
822 733 924 767 1365.
976 732 1029 767 Cf.
1058 732 1166 766 etiam
1193 743 1301 776 supra
1329 743 1362 776 p.
1384 730 1581 765 184—185.

55 858 206 896 1334.
316 857 928 895 BARTHOLOMAEUS
972 856 1357 900 VALLONUS,
1409 857 1648 892 scholasticus
1699 857 1732 891 S.
1773 857 1818 896 J.y

220 912 493 1010 gssbllsssvliqqua
518 976 617 999 mare
643 965 943 999 mediterraneum
962 965 1019 999 vel
1045 964 1283 998 hadriaticum
1301 963 1489 1004 transibat,
1515 963 1548 997 4.
1566 962 1648 996 Iulii
1668 962 1768 996 1566.

173 1041 229 1076 Ex
263 1042 487 1086 autographo
516 1040 588 1083 (2⁰;
618 1042 683 1084 1¹s'2
710 1053 789 1085 pp.;
822 1041 857 1074 in
884 1052 916 1085 p.
943 1042 966 1075 4
1000 1041 1107 1075 inser.
1135 1043 1171 1074 et
1196 1040 1369 1084 reliquiae
1395 1038 1535 1083 sigilli),
1572 1039 1665 1082 quod
1697 1040 1819 1072 exstat

55 1094 317 1140 Guelpherbyti
332 1094 625 1138 (Wolfenbuttel)
645 1094 680 1127 in
701 1094 917 1128 bibliotheca
936 1094 1065 1128 ducum
1083 1093 1404 1134 brunsvicensium,
1422 1092 1505 1127 Cod.
1522 1092 1597 1134 „36.
1617 1092 1672 1126 24.
1688 1092 1817 1135 Aug.“,

54 1148 78 1183 f.
99 1148 166 1183 168
193 1151 229 1182 et
253 1148 278 1182 f.
297 1159 366 1182 non
393 1147 496 1191 sign„
523 1148 616 1191 quod
642 1148 797 1181 medium
826 1149 881 1182 est
906 1147 1000 1181 inter
1025 1147 1060 1181 ff.
1083 1148 1148 1182 170
1176 1150 1211 1180 et
1232 1147 1309 1181 171.

178 1225 380 1258 Turearum
404 1226 568 1258 servitute
594 1225 764 1258 liberatus
790 1229 846 1258 est.
893 1225 1057 1257 Summas
1083 1225 1301 1257 calamitates
1320 1234 1518 1266 perpessus,
1545 1223 1685 1256 tandem
1711 1223 1818 1255 Alex-

55 1278 223 1311 andriam
249 1280 350 1312 vem't.
386 1279 444 1311 Ibi
470 1283 646 1311 mereator
663 1283 812 1319 venetus,
841 1289 878 1311 re
904 1289 946 1310 ez·
964 1278 1106 1310 Vallonz?
1132 1278 1260 1310 litteris
1286 1278 1333 1310 ad
1351 1278 1560 1310 Venetorum
1585 1277 1704 1309 ducem
1725 1276 1819 1308 datis

54 1336 242 1375 comperta,
271 1332 338 1374 ipsi
364 1332 569 1364 redimendo
594 1342 757 1364 nummos
783 1335 813 1363 et
840 1332 938 1374 apud
963 1335 1174 1364 *nzercatores
1200 1331 1334 1373 colleqit
1360 1334 1389 1362 et
1416 1341 1458 1362 esc
1481 1340 1548 1362 succ
1575 1340 1613 1362 re
1636 1329 1820 1371 familiari

55 1385 229 1426 expendit.
280 1385 450 1418 Vallomcs
478 1385 599 1418 Socios
633 1395 823 1427 aer-manos
861 1384 993 1417 salutat
1032 1389 1061 1416 et
1099 1384 1140 1416 de
1172 1394 1305 1426 parum
1340 1383 1521 1415 emendata
1556 1382 1748 1425 scriptione
1784 1392 1818 1414 se

55 1441 209 1470 excusat.

850 1491 1022 1533 Jliesus.

317 1551 410 1593 Pax
444 1550 615 1593 Christi.

173 1621 415 1663 Admodum
439 1621 694 1663 Reverende
726 1621 768 1663 in
792 1621 960 1664 Christo
994 1623 1131 1675 pater.
1187 1620 1386 1662 Summus
1418 1619 1490 1660 ille
1523 1618 1656 1669 dolor,
1692 1632 1817 1671 quem

55 1686 133 1728 tibi
166 1686 420 1729 Reuerende
461 1689 599 1741 pater,
644 1686 794 1729 attulit
828 1686 1040 1740 captionis
1085 1699 1204 1727 meae
1236 1684 1458 1735 nuncius1‚
1500 1683 1605 1727 fecit
1637 1687 1697 1734 ut,
1743 1685 1817 1726 ob—

53 1751 157 1794 litus
187 1751 356 1794 timoris
388 1751 590 1802 hostium,
624 1752 756 1793 maris
788 1753 1113 1806 tempestatum,
1149 1750 1530 1802 molestiarumque
1562 1748 1686 1790 nauis
1708 1749 1819 1791 hanc

55 1816 287 1859 scriberem
330 1817 573 1871 epistolam,
616 1831 726 1870 quae
767 1817 924 1858 bonum
967 1815 1184 1858 libertatis
1225 1828 1347 1856 meae
1389 1814 1587 1855 nuncium
1632 1815 1818 1856 afferens

54 1882 205 1924 maiori
247 1881 417 1924 laetitia
449 1882 756 1924 Reuerentiam
797 1883 918 1923 tuam
957 1880 1171 1930 afficeret,
1215 1894 1342 1933 quam
1385 1879 1596 1922 seruitute
1637 1879 1818 1922 tristitia

54 1946 218 1990 affecta
239 1947 397 1990 fuerat.
451 1948 601 1990 Solent
623 1947 735 1988 enim
758 1961 841 1996 res,
876 1946 1028 1999 quibus
1051 1949 1180 1987 antea
1207 1944 1367 1999 priuati
1391 1958 1562 1986 eramus
1585 1945 1815 1997 gratiores,

55 2012 358 2065 charioresque
402 2012 524 2053 nobis
569 2026 677 2054 esse.
749 2012 861 2053 Hinc
902 2012 1052 2053 Marco
1094 2010 1217 2052 Tulio
1259 2009 1453 2051 Ciceroni
1497 2012 1596 2063 post
1641 2009 1816 2051 exilium

53 2077 198 2131 patria
230 2077 394 2119 dulcior
426 2077 654 2119 uidebatur
667 2078 695 2127 2,
730 2079 880 2131 pastor
912 2075 1187 2128 euangelicus
1221 2089 1301 2116 oue
1333 2074 1511 2116 inuenta
1541 2089 1635 2115 cum
1668 2074 1816 2116 amicis

55 2142 304 2195 gratulatur
316 2143 345 2191 3,
379 2141 534 2183 Mulier
557 2142 762 2195 dragmaa
783 2143 958 2195 reperta
990 2141 1152 2194 gaudet
1175 2154 1269 2181 cum
1300 2139 1452 2181 uicinis
1465 2141 1494 2189 4,
1528 2142 1654 2192 pater
1675 2139 1815 2181 laetus

56 2208 270 2261 epulatur.
325 2206 432 2255 Quia
463 2206 588 2256 filius,
633 2207 703 2260 qui
736 2209 981 2248 mortuus
1022 2206 1212 2248 fuerat
1253 2204 1486 2254 reuixit,
1527 2207 1571 2246 et
1603 2203 1673 2256 qui
1706 2218 1815 2257 per-

54 2272 202 2314 ierat
233 2271 493 2313 inuentus
527 2272 649 2313 est5.
699 2270 818 2320 Quod
849 2273 1001 2314 tantae
1034 2272 1101 2312 est
1133 2269 1322 2319 uirtutis,
1356 2272 1404 2311 ut
1437 2269 1566 2310 etiam
1600 2268 1738 2310 locum
1772 2268 1815 2309 in

56 2336 188 2380 caelis
228 2336 400 2378 habeat.
475 2336 758 2386 Gaudium,
803 2335 941 2389 inquit
982 2335 1168 2385 veritas,
1213 2334 1323 2376 erit
1364 2334 1415 2375 in
1458 2334 1609 2375 caelo
1652 2347 1815 2387 super

175 2429 203 2459 a)
226 2429 290 2459 Sic;
315 2428 497 2453 scribendum
517 2429 634 2458 suerat:
654 2426 804 2453 drachma.

178 2537 186 2556 ¹
214 2536 271 2570 Fr.
298 2535 594 2569 Bartholomaeus
621 2534 795 2568 Vallonus
823 2534 857 2568 S.
886 2535 930 2574 J.‚
967 2533 1112 2574 siculus,
1150 2545 1169 2567 a
1198 2532 1339 2566 Canisio
1374 2544 1418 2565 m.
1446 2531 1637 2565 Februario
1664 2543 1694 2564 a.
1725 2531 1813 2565 1565

56 2589 275 2633 Ingolstadio
302 2589 450 2623 Romam
478 2581 620 2628 missus,
648 2599 727 2621 cum
754 2588 838 2620 navi
858 2587 1020 2621 Venetiis
1047 2588 1228 2620 Anconam
1257 2586 1458 2625 veheretur,
1486 2596 1506 2618 a
1524 2584 1651 2618 'rui-cis
1677 2587 1815 2629 captus,

55 2644 207 2688 primum
233 2642 269 2676 in
288 2642 450 2682 Albania,
478 2641 603 2674 deinde
623 2640 931 2684 Constantinopoli
957 2640 1171 2674 servitutem
1190 2639 1411 2673 sei-viverat:
1440 2649 1472 2670 v.
1492 2649 1601 2681 supra
1620 2649 1651 2681 p.
1671 2638 1714 2670 58
1734 2638 1813 2672 207.

175 2696 187 2716 ²
218 2696 319 2740 „Ipsa
346 2697 466 2729 autem
494 2694 621 2739 patria,
649 2694 683 2727 di
710 2692 950 2727 immortales!
978 2693 1045 2726 dici
1073 2693 1135 2726 vix
1155 2694 1274 2736 potest
1293 2692 1376 2735 quid
1396 2690 1570 2730 caritatis,
1590 2690 1671 2733 quid
1692 2690 1813 2735 volup-

55 2749 141 2783 tatis
166 2748 315 2789 habeat;
343 2760 435 2792 quae
461 2748 600 2792 species
626 2746 762 2785 Italiae,
790 2757 881 2789 quae
908 2745 1098 2780 celebritas
1117 2745 1334 2789 oppidorum,
1363 2755 1453 2787 quae
1480 2744 1593 2776 forma
1619 2743 1814 2786 regionum,

57 2802 115 2846 qui
153 2802 240 2844 agri,
277 2813 369 2845 quae
404 2802 538 2844 fruges,
576 2810 667 2843 quae
703 2798 930 2843 pulchritudo
957 2799 1066 2839 urbis,
1103 2810 1194 2841 quae
1230 2797 1435 2830 humanitas
1461 2796 1604 2837 civium,
1640 2807 1730 2839 quae
1762 2796 1814 2830 rei

56 2854 219 2898 publicae
237 2854 405 2897 dignitas,
424 2865 514 2897 quae
534 2855 655 2886 vestra
674 2852 863 2885 maiestas!
899 2850 1033 2892 Quibus
1060 2862 1125 2893 ego
1153 2850 1314 2883 omnibus
1341 2851 1446 2882 antea
1465 2848 1571 2882 rebus
1590 2848 1641 2882 sic
1660 2849 1814 2890 fruebar,

56 2909 96 2941 ut
120 2918 223 2941 nemo
249 2908 385 2951 magis;
420 2907 483 2941 sed
519 2908 701 2948 tamquam
729 2904 820 2937 bona
848 2904 1014 2937 valetudo
1040 2903 1225 2937 iucundior
1251 2905 1306 2936 est
1333 2902 1385 2942 iis,
1422 2902 1481 2945 qui
1519 2913 1536 2934 e
1563 2901 1665 2944 gravi
1692 2902 1813 2936 morbo

56 2959 208 2994 recreati
233 2963 328 3001 sunt,
355 2971 460 3003 quam
489 2959 549 3003 qui
575 2969 767 3001 numquam
796 2968 902 2999 aegro
930 2968 1076 3000 corpore
1104 2958 1257 2995 fuerunt,
1285 2955 1336 2989 sic
1363 2955 1450 2988 haec
1475 2954 1592 2988 omnia
1610 2954 1813 2989 desiderata

56 3013 171 3055 magis
198 3024 304 3057 quam
331 3013 478 3047 adsidue
506 3014 673 3056 percepta
700 3010 923 3043 delectant“:
963 3011 1094 3049 civero,
1122 3008 1245 3041 Oratio
1282 3011 1361 3052 post
1397 3007 1549 3041 reditum
1586 3008 1629 3041 ad
1656 3008 1813 3050 Quirites

57 3065 179 3100 habita
206 3077 234 3100 c.
264 3067 294 3107 1,
321 3077 353 3100 n.
380 3066 412 3100 4.
464 3066 517 3099 Cf.
546 3065 653 3098 etiam
682 3063 839 3096 eiusdem
871 3063 1050 3095 Ciceronis
1075 3061 1273 3095 orationes:
1311 3061 1361 3094 De
1397 3061 1499 3094 domo
1533 3072 1599 3094 sua
1629 3062 1673 3095 ad
1700 3062 1812 3106 ponti-

57 3118 143 3152 fices
169 3130 198 3152 c.
218 3119 274 3159 28,
300 3131 333 3153 n.
354 3119 396 3153 75
416 3119 479 3155 76:
508 3119 546 3151 ln
576 3118 611 3151 L.
634 3117 796 3150 Pisonem
824 3127 852 3148 c.
872 3116 928 3155 22,
956 3126 987 3148 n.
1008 3115 1049 3148 51
1078 3114 1141 3153 5·2;
1170 3114 1238 3147 Pro
1266 3114 1382 3148 Sestio
1409 3125 1437 3148 c.
1457 3114 1512 3155 63,
1538 3125 1571 3147 n.
1593 3114 1670 3148 131.

178 3173 189 3191 ³
216 3171 270 3205 Cf.
290 3171 337 3205 Lc
366 3173 419 3212 15,
446 3171 556 3211 3—63
586 3171 640 3204 Mt
669 3171 720 3209 11³,
751 3169 791 3202 12
822 3168 873 3202 13.
1020 3170 1031 3187 ⁴
1060 3167 1112 3201 Cf.
1133 3167 1180 3200 Lc
1211 3168 1262 3208 15,
1289 3168 1308 3201 8
1337 3170 1367 3200 9.
1513 3168 1526 3186 ⁶
1552 3166 1600 3201 Lc
1630 3169 1680 3208 15,
1708 3168 1763 3201 32.
