2045 3471
487 214 582 248 Mon.
602 214 670 249 730
696 214 773 248 sive
800 225 911 258 germ.
930 214 953 248 l.
976 213 1042 258 (5).
1088 215 1142 249 19.
1166 213 1263 260 Sept.
1286 215 1386 249 1565.
1739 219 1822 259 641

61 333 239 374 idoneus
263 333 380 374 visus
414 336 500 375 est:
535 333 602 376 cui
635 334 1002 376 committeremus
1036 333 1222 375 officium
1245 333 1450 376 visitandi
1483 337 1632 377 nostro
1656 335 1828 377 nomine

60 398 289 451 plerosque
323 398 580 440 Germaniae
613 399 840 441 Praelatos
878 413 972 440 cum
1005 398 1237 448 mandatis,
1281 399 1333 440 de
1376 399 1529 452 quibus
1571 413 1626 441 ex
1663 414 1713 442 eo
1756 413 1827 441 co-

61 476 256 516 gnosces
320 463 376 504 Jd
409 465 458 505 vt
498 463 595 505 boni
631 464 844 512 consulas,
888 476 1083 516 eumque,
1128 477 1211 516 quo
1250 464 1457 507 mandata
1491 467 1641 506 nostra
1673 465 1827 506 melius

61 526 218 580 exequi
249 527 398 580 possit,
434 531 482 569 vt
505 528 707 582 consilijs,
743 530 786 570 et
808 527 1171 570 admonitionibus
1201 528 1288 569 tuis
1310 528 1514 579 instruas,
1550 530 1626 571 abs
1649 532 1693 572 te
1716 529 1828 584 peti-

61 605 169 634 mus.
212 592 262 634 Js
285 591 568 635 Fraternitati
602 597 704 636 tuae
736 596 836 647 post
867 593 1133 647 impertitam
1165 593 1245 635 tibi
1267 593 1427 635 nostris
1451 594 1594 635 verbis
1627 595 1827 644 salutem,

62 657 273 709 quaedam
314 657 497 698 referet:
542 658 593 699 (le
636 658 788 711 quibus
830 658 957 700 fidem
1000 658 1091 699 eius
1133 658 1318 700 orationi
1359 660 1403 700 te
1446 658 1692 700 habiturum
1732 673 1828 701 esse

62 720 170 763 satis
203 721 373 763 scimus.
425 722 545 764 Jllud
578 737 746 776 quoque
779 737 863 764 non
897 737 992 764 esse
1025 726 1069 765 te
1102 737 1128 764 a
1159 722 1282 764 nobis
1314 722 1575 764 hortandum
1608 724 1827 766 nouimus:

62 789 110 829 vt
143 800 270 839 quam
305 787 464 840 optime
499 787 550 828 de
584 788 808 840 Religione
842 787 1063 830 Catholica
1097 788 1253 829 mereri
1295 802 1561 841 perseueres.
1625 789 1681 830 Jd
1715 788 1827 830 enim

61 855 184 893 tanto
217 851 359 893 studio
393 865 565 905 semper
596 852 760 894 fecisti:
794 856 843 895 vt
866 853 1064 906 exemplo
1098 856 1171 895 tuo
1195 852 1302 894 alios
1325 853 1514 896 nationis
1545 853 1671 895 istius
1694 853 1828 895 Prae-

61 916 175 958 latos
216 915 397 958 incitare
439 917 651 967 debueris,
693 918 850 959 nedum
885 917 1136 971 cuiusquam
1170 918 1417 960 hortatione
1457 918 1550 972 ipse
1581 918 1827 960 incitandus

63 980 134 1023 sis.
199 981 282 1022 Sed
324 995 418 1022 cum
461 982 638 1034 reliquis
678 982 720 1023 in
761 983 890 1024 rebus
931 983 1046 1037 piam
1088 983 1365 1025 sedulitatem
1407 986 1527 1026 tuam
1568 983 1611 1024 in
1644 983 1828 1025 Domino

62 1045 289 1087 laudamus
313 1061 321 1087 :
345 1048 436 1087 tum
469 1047 658 1088 maxime
690 1047 794 1089 illud
827 1050 948 1090 tuum
982 1048 1234 1101 Dilingense
1266 1048 1548 1101 Gymnasium
1581 1049 1827 1102 probamus

62 1114 107 1153 et
139 1110 468 1163 diligentissime
501 1125 526 1153 a
558 1114 602 1154 te
636 1112 772 1154 foueri
807 1112 1024 1166 cupimus:
1058 1127 1113 1154 ex
1145 1127 1229 1165 quo
1262 1115 1471 1166 tanquam
1504 1127 1558 1155 ex
1588 1113 1827 1155 Seminario

63 1176 248 1229 quodam
280 1176 439 1217 multos
472 1176 577 1230 pios,
617 1179 662 1219 et
695 1177 846 1220 doctos
878 1177 1008 1228 viros,
1052 1180 1096 1219 et
1129 1177 1376 1220 Catholicae
1409 1178 1647 1230 Religionis
1680 1178 1828 1220 defen-

62 1254 183 1282 sores
223 1240 471 1294 prodituros
514 1255 608 1283 esse
649 1256 886 1296 speramus.
951 1242 1019 1284 Ad
1060 1243 1103 1284 id
1135 1246 1281 1285 autem
1323 1243 1543 1294 tuendum,
1587 1247 1631 1286 et
1661 1243 1828 1296 reliqua

62 1306 135 1360 pia
166 1308 243 1347 tua
275 1306 453 1347 consilia
485 1306 729 1348 adiuuanda
751 1321 969 1360 nunquam
993 1307 1070 1350 tibi
1093 1308 1315 1357 auxilium,
1349 1310 1394 1350 et
1416 1308 1608 1350 fauorem
1633 1311 1828 1351 nostrum

62 1370 309 1413 defuturum
335 1384 430 1412 esse
453 1371 582 1413 debes
616 1372 842 1414 confidere.
897 1372 1055 1414 Datum
1081 1372 1244 1414 Romae
1267 1374 1380 1426 apud
1405 1374 1609 1416 Sanctum
1634 1374 1826 1415 Marcum

62 1436 142 1477 sub
183 1436 340 1477 annulo
379 1436 614 1478 Piscatoris
656 1437 724 1478 die
759 1437 885 1479 XIX.
919 1436 1183 1491 Septembris
1218 1438 1479 1481 .M.D.LXV.
1543 1439 1829 1481 Pontificatus

65 1500 216 1542 Nostri
253 1502 375 1542 Anno
409 1500 557 1543 Sexto.
1007 1502 1110 1544 Ant:
1144 1502 1412 1544 Florebellus
1445 1503 1707 1546 Lauellinus.

183 1581 349 1616 Canisius
375 1581 441 1616 hoc
467 1582 584 1616 Breve
611 1581 782 1615 cardinali
809 1582 958 1616 tradidit
983 1582 1150 1626 Dilingae
1177 1583 1208 1617 2.
1237 1583 1295 1617 vel
1322 1584 1353 1618 3.
1372 1584 1587 1619 Novembris
1608 1586 1718 1625 1565;
1747 1585 1828 1619 vide

63 1646 174 1680 supra
208 1647 240 1680 p.
271 1635 347 1669 127.
400 1635 559 1677 Quocum
595 1635 709 1669 eidem
744 1635 936 1670 tradidisse
969 1636 1112 1670 videtur
1139 1635 1386 1670 authenticum
1415 1638 1639 1672 decretorum
1666 1639 1828 1673 tridenti-

64 1700 189 1722 norum
217 1688 420 1733 exemplum
448 1689 582 1722 Romae
609 1700 802 1729 excusum;
828 1701 862 1723 V.
889 1700 998 1734 supra
1024 1701 1056 1734 p.
1085 1690 1128 1723 99
1159 1690 1225 1724 150
1252 1693 1288 1723 et
1313 1689 1408 1724 infra
1434 1702 1527 1725 mon.
1557 1692 1635 1726 754.

67 1804 175 1841 730
203 1806 281 1840 sive
308 1813 475 1849 germ.
503 1803 538 1839 l.
568 1803 664 1848 (5).
754 1803 914 1841 PIUS
949 1803 1060 1848 IV„
1095 1806 1257 1851 pontifex
1292 1808 1488 1848 maximus,
1526 1807 1692 1841 lOANNI
1729 1808 1829 1842 VON

256 1857 352 1892 DER
378 1858 548 1899 LEYEN,
575 1858 841 1902 archiepiscopo
867 1859 1077 1901 treverensi,
1104 1860 1244 1904 imperii
1271 1860 1423 1905 principi
1450 1860 1608 1894 electori.

1201 1913 1313 1947 Roma
1346 1914 1399 1948 19.
1427 1913 1649 1958 Septembris
1678 1915 1778 1948 1565.

185 1982 240 2016 Ex
266 1981 471 2026 apographo
501 1981 575 2024 (A),
613 1981 705 2024 quod
732 1981 854 2015 eodem
881 1982 956 2016 fere
982 1985 1140 2027 tempore
1168 1983 1224 2026 (ut
1250 1983 1408 2027 videtur)
1445 1984 1617 2028 scriptum
1646 1987 1767 2018 exstat
1793 1985 1828 2018 in

67 2034 150 2069 Cod.
178 2035 290 2069 colon.
321 2034 425 2077 ,Lim
454 2035 584 2079 Epistt.
612 2035 708 2068 var.“
742 2034 799 2076 (de
834 2046 902 2079 quo
933 2037 1018 2070 Can.
1049 2037 1061 2069 l
1088 2036 1164 2080 L1v)
1203 2037 1227 2071 f.
1258 2037 1334 2070 171.
1394 2037 1649 2082 Apographum
1679 2038 1738 2081 (Β)
1769 2049 1828 2071 an-

66 2090 215 2132 tiquum,
242 2088 361 2131 idque,
384 2091 423 2121 ut
443 2088 596 2127 videtur,
624 2087 705 2121 olim
726 2088 875 2122 Romam
901 2089 945 2122 ad
964 2088 1155 2124 Societatis
1182 2091 1424 2135 praepositum
1444 2091 1648 2133 generalem
1667 2092 1827 2132 missum,

66 2143 186 2175 exstat
221 2142 256 2175 in
292 2141 375 2175 Cod.
413 2141 521 2185 „Epp.
559 2141 676 2174 Princ.
706 2141 736 2174 1⁶⁴
778 2142 800 2175 f.
833 2153 902 2175 non
929 2142 1020 2185 sign.
1076 2143 1233 2177 Litteras
1275 2144 1336 2186 (ex
1379 2144 1621 2188 archetypOP)
1664 2143 1829 2187 vulgavit

66 2196 94 2229 Ι.
122 2196 166 2228 Ν.
195 2195 396 2238 Hontheim,
432 2193 617 2228 auxiliaris
652 2194 840 2239 episcopus
875 2196 1111 2237 treverensis,
1150 2195 1310 2231 Historia
1337 2197 1562 2230 Trevirensis
1599 2196 1827 2241 diplomatica

66 2251 102 2282 et
137 2248 359 2292 pragmatica
387 2247 430 2290 11,
466 2249 652 2290 Augustae
675 2247 774 2281 Vind.
804 2251 839 2281 et
866 2248 1048 2293 Herbipoli
1078 2250 1178 2290 1750,
1206 2250 1285 2284 884.
1337 2250 1391 2283 Ex
1428 2262 1496 2293 quo
1526 2250 1616 2284 libro
1643 2251 1740 2294 typis
1767 2261 1823 2285 ex-

65 2301 220 2346 scriptae
247 2303 331 2334 sunt
357 2312 376 2334 a
403 2301 624 2343 Reiffenbery
650 2300 673 2334 1.
701 2312 729 2334 c.
757 2301 869 2336 Mant.
896 2313 928 2346 p.
957 2302 1108 2337 25—26.
1154 2303 1308 2337 Exstant
1334 2304 1441 2337 etiam
1469 2303 1562 2348 apud
1588 2304 1714 2347 Boero,
1742 2303 1826 2337 Can.

65 2354 264 2388 473—474.
316 2353 531 2387 Litterarum
568 2354 687 2388 brevis
722 2366 860 2388 summa
897 2358 951 2389 est
988 2356 1021 2389 in
1053 2357 1228 2400 „Synopsc'
1254 2358 1422 2390 Actorum
1459 2356 1492 2390 S.
1521 2356 1622 2390 Sedis
1658 2357 1693 2390 in
1719 2368 1829 2390 causa

67 2407 258 2441 Societatis
276 2407 354 2440 Iesu
378 2407 631 2441 1540—1605“
653 2406 679 2446 1,
700 2406 900 2441 Florentiae
922 2408 1022 2449 1887,
1040 2410 1097 2443 43.
1139 2409 1286 2443 Litteris
1312 2421 1398 2443 usus
1418 2412 1473 2443 est
1492 2410 1609 2452 Dalm,
1628 2410 1700 2443 Jes.
1722 2409 1735 2442 l
1755 2410 1826 2444 99⁵.

67 2460 195 2495 lisdem
224 2471 310 2494 usus
335 2471 413 2494 sum
442 2461 475 2493 in
505 2458 720 2504 „Sammeffl
749 2464 816 2494 etc.
845 2460 955 2495 LXXI
987 2463 1183 2497 164—165.

188 2532 371 2564 Cam'sz'am
400 2533 522 2572 (caius
556 2533 733 2564 contiones
767 2538 998 2576 auyustanas,
1034 2535 1208 2577 virtutem,
1245 2545 1364 2567 reram
1404 2535 1563 2566 notitiam
1602 2534 1745 2574 laudat)
1781 2535 1828 2567 ad

66 2586 182 2627 ipsum
218 2585 375 2628 (diesque
410 2586 588 2627 episcopos
623 2595 644 2616 α
679 2596 713 2617 se
747 2586 871 2627 legsarz'.
924 2587 968 2619 Se
1003 2588 1212 2620 ”zonas-terii
1248 2588 1374 2620 deserti
1409 2588 1445 2621 S.
1473 2588 1661 2620 Barbarae
1687 2587 1828 2629 colleyt'o

67 2639 251 2672 societatis
285 2639 476 2670 treveren-si
509 2638 728 2671 attribuendi
760 2640 964 2680 facultatem
1002 2641 1148 2673 libenter
1183 2642 1393 2673 concessisse.
1447 2640 1719 2683 .›{›·‹·hiep1‘sc02)0
1748 2641 1828 2673 reli-

63 2692 180 2733 yc'onis
206 2695 235 2724 et
254 2692 360 2733 pacis
380 2691 545 2733 publicae
570 2692 726 2724 studium
753 2693 979 2726 commendat.

751 2769 850 2810 Pius
884 2769 1004 2823 Papa
1039 2770 1156 2812 .111.1.

185 2837 457 2880 Venerabilis
499 2837 638 2880 frater
679 2838 863 2882 salutem
907 2843 951 2882 et
984 2841 1266 2895 apostolicam
1309 2839 1687 2883 benedictionem‘*.
1753 2841 1827 2883 Di-

65 2902 224 2944 lectum
258 2903 369 2944 huno
402 2902 535 2943 filium
569 2903 744 2946 Petrum
780 2905 987 2946 canisium
1017 2906 1248 2948 Societatis
1288 2905 1377 2946 iesu
1411 2905 1741 2958 professorem1,
1784 2906 1827 2947 in

65 2967 261 3009 Ecclesia
294 2968 552 3021 Augustana
586 2968 900 3012 concionatoris
933 2970 1074 3012 officio
1118 2970 1238 3023 fungi
1280 2970 1556 3011 laudabiliter
1597 2970 1827 3012 admodum

184 3048 212 3079 a)
233 3048 279 3072 Ita
302 3049 427 3079 Homh.;
447 3047 577 3073 salutem
598 3049 653 3074 etc.
674 3050 743 3074 AB.

65 3199 96 3233 V
187 3149 196 3168 ¹
223 3148 249 3182 I.
276 3160 305 3182 e.
333 3152 418 3182 vota
444 3148 613 3191 religiosa
638 3149 674 3182 in
693 3149 871 3184 Societate
895 3151 976 3184 Iesu
1003 3151 1225 3195 professum2
1254 3150 1300 3184 cf.
1321 3152 1378 3184 Du
1403 3151 1518 3193 Canye
1545 3150 1669 3196 (supra
1695 3163 1728 3195 p.
1748 3152 1824 3195 542)

100 3200 115 3233 Ι
143 3200 221 3235 525.

137 3264 437 3297 Braunsberger.
458 3264 569 3290 canisii
590 3265 743 3298 Epistulae
764 3266 795 3292 et
814 3266 900 3293 Acta.
922 3266 957 3293 V.
1496 3263 1537 3296 41
