2077 3461
710 192 854 237 Dilinga
882 194 912 228 7.
939 193 1040 228 Febr.
1070 193 1171 228 1565.
1795 196 1820 236 3

62 311 154 353 Hos
194 311 316 352 uobis
354 313 505 364 gratos
547 310 640 353 fore
681 311 874 365 hospites
915 325 1000 352 non
1041 311 1226 364 ambigo,
1269 312 1439 364 quando
1482 312 1533 354 de
1567 312 1823 355 Germanica

61 375 236 418 natione
265 376 488 430 praeclare
510 375 667 417 mereri
689 375 903 429 gaudetis,
938 378 982 418 et
1014 376 1218 417 maiorem
1242 376 1329 418 illic
1352 376 1609 420 charitatem
1638 377 1823 420 libenter

62 439 334 490 exercitatis,
376 440 449 481 ubi
489 440 736 493 grauiorem
777 441 1019 483 animarum
1060 440 1273 482 iacturam
1315 441 1632 495 perniciemque
1672 442 1821 495 uigere

61 518 145 547 non
176 505 401 558 ignoratis.
463 503 528 546 Ac
559 505 838 558 peculiariter
869 505 1041 558 quidem
1072 508 1121 547 ut
1152 505 1387 559 philippum
1421 506 1667 559 Fuggerum
1700 507 1822 548 uobis

60 570 405 612 commendatum
437 569 636 612 habeatis
669 572 796 612 orant
827 573 1044 624 parentes,
1078 569 1231 623 quibus
1263 570 1524 623 permultum
1557 585 1661 613 sane
1694 572 1822 613 debe-

59 648 166 677 mus,
231 634 471 676 Octaviano
512 634 626 676 illius
667 634 795 676 fratri
828 635 935 677 bene
977 635 1119 685 cessit,
1163 635 1276 687 quod
1308 638 1480 677 nostros
1523 636 1740 690 acceperit
1779 637 1823 678 in

60 698 177 740 Vrbe
216 701 535 753 praeceptores.
599 699 741 741 Tanto
783 699 922 753 magis
963 700 1014 741 de
1046 699 1226 754 philippi
1259 713 1427 753 quoque
1460 714 1692 753 progressu
1724 715 1822 755 spe-

58 777 217 814 ramus,
262 763 313 805 de
354 764 474 805 cuius
515 763 777 814 ualetudine,
819 764 1006 817 ingenio,
1048 765 1238 806 moribus
1276 768 1321 807 et
1352 764 1582 807 literatura
1614 766 1823 808 Dominus

58 827 293 882 Philippus,
317 828 387 881 qui
410 830 541 870 antea
563 828 754 870 eiusdem
776 832 1037 882 praeceptor
1053 829 1149 879 fuit,
1170 843 1314 871 coram
1333 829 1822 884 admonebit.parentes

60 906 208 935 curam
230 892 454 946 utriusque
476 893 551 934 filii
572 893 694 935 nobis
726 893 986 947 permittunt
1007 894 1236 947 integram,
1270 894 1527 948 praesertim
1553 895 1596 936 in
1627 895 1679 948 ijs
1712 909 1822 948 quae

59 958 113 999 ad
154 957 297 1000 studia
328 972 555 1011 moresque
586 957 818 1012 pertinent.
882 959 942 1001 At
974 959 1182 1000 Dominus
1214 959 1431 1013 philippus
1463 960 1680 1014 expendet
1713 974 1823 1013 quae

59 1022 114 1064 ad
146 1022 307 1064 uictum
340 1025 383 1064 et
406 1022 611 1065 uestitum
638 1025 859 1077 spectant:
893 1023 1070 1066 habebit
1102 1027 1146 1066 et
1179 1038 1325 1066 curam
1358 1027 1407 1066 ut
1438 1025 1599 1067 rectius
1630 1026 1821 1076 ualeant,

58 1088 314 1141 praesertim
338 1090 445 1130 natu
466 1088 686 1141 grandior.
739 1088 832 1129 Nec
856 1087 1003 1130 dubito
1037 1088 1139 1141 quin
1170 1089 1307 1130 bonus
1339 1090 1407 1130 hic
1439 1090 1643 1132 sacerdos
1674 1093 1822 1133 uestro

56 1152 212 1194 iudicio
254 1166 300 1194 se
339 1152 469 1194 facile
510 1152 720 1206 subijciet,
764 1153 1007 1206 uestrisque
1049 1153 1237 1195 consiliis
1278 1153 1463 1196 libenter
1503 1157 1662 1198 utetur.
1727 1156 1824 1198 Sint

57 1217 192 1270 igitur
223 1217 323 1259 boni
356 1220 400 1260 et
431 1218 596 1259 nobiles
628 1217 700 1259 isti
730 1218 1029 1260 adolescentes
1052 1218 1102 1260 R.
1127 1218 1174 1261 T.
1200 1221 1244 1260 et
1275 1219 1470 1272 patribus
1493 1220 1591 1274 alijs
1612 1220 1822 1274 imprimis

58 1282 344 1336 commendatj
361 1284 388 1325 1.
456 1283 576 1325 Inter
615 1283 712 1325 illos
744 1286 812 1326 est
845 1283 1102 1325 Godefridus
1135 1283 1257 1334 Zott,
1300 1284 1419 1325 cuius
1460 1287 1586 1338 pater
1626 1285 1823 1327 Caesaris

58 1348 326 1390 consiliarius
359 1347 591 1401 Oeniponti
631 1351 805 1390 nostros
838 1351 957 1390 amat
993 1348 1237 1403 plurimum,
1280 1351 1324 1390 et
1356 1348 1510 1402 dignus
1542 1364 1659 1400 sane,
1703 1351 1824 1392 cuius

57 1412 191 1454 filium
224 1413 476 1466 praeclarae
507 1413 663 1455 indolis
696 1413 1017 1455 adolescentem
1052 1416 1096 1456 et
1128 1427 1206 1454 nos
1238 1413 1428 1455 vicissim
1466 1428 1658 1456 amemus
1690 1418 1823 1468 atque

56 1491 399 1531 promoueamus.
453 1477 681 1520 Caeterum
715 1478 828 1531 quod
861 1478 913 1519 ad
949 1478 1189 1520 Germanos
1221 1478 1342 1528 alios,
1378 1478 1448 1531 qui
1481 1479 1619 1532 gratis
1650 1479 1693 1521 in
1726 1479 1822 1522 Col-

56 1542 169 1596 legio
201 1543 390 1589 aluntur,
424 1543 596 1592 attinet,
631 1543 824 1585 dolemus
856 1543 952 1584 illos
985 1543 1039 1585 ad
1071 1543 1228 1584 bonam
1260 1542 1431 1596 frugem
1463 1557 1561 1585 raro
1594 1544 1822 1598 peruenire

56 1607 265 1660 nobisque
297 1608 393 1661 plus
425 1607 652 1650 molestiae
685 1623 811 1662 quam
836 1608 1116 1661 gratitudinis
1138 1607 1414 1661 frequentera
1436 1608 1640 1650 exhibere
1654 1610 1684 1652 2.
1738 1609 1822 1652 Sed

58 1672 130 1714 alii
172 1672 267 1714 aliis
307 1672 506 1714 meliores
548 1675 661 1716 sunt.
728 1673 920 1715 Salutari
959 1675 1136 1726 praeter
1176 1675 1324 1726 patres
1358 1675 1402 1715 et
1433 1673 1595 1716 fratres
1633 1677 1734 1728 opto
1768 1688 1823 1716 ex

58 1751 126 1779 me
168 1737 444 1787 Germanosb,
489 1752 595 1790 quos
636 1738 861 1780 Ecclesiae
903 1738 1030 1780 utiles
1073 1740 1117 1780 et
1157 1737 1328 1792 patriae
1369 1751 1474 1780 suae
1516 1739 1822 1782 conuenientes

59 1802 278 1845 ministros
309 1802 403 1844 fore
431 1803 737 1845 desideramus.
793 1803 899 1845 Oret
930 1817 1007 1856 pro
1042 1802 1163 1844 nobis
1187 1803 1237 1845 R.
1261 1803 1309 1845 T.
1334 1816 1461 1855 quam
1496 1817 1622 1858 spero
1655 1805 1822 1847 saluam

57 1867 217 1918 videre,
251 1867 288 1909 si
319 1867 528 1909 Dominus
561 1868 747 1911 uoluerit
763 1869 792 1910 3.
856 1867 1056 1921 Dilingae
1090 1869 1143 1910 .7.
1177 1867 1400 1922 Februarij
1438 1869 1562 1911 1565.

944 1943 1105 1986 Seruus
1136 1943 1180 1985 in
1212 1943 1380 1987 Christo
1414 1944 1460 1987 P.
1495 1944 1701 1987 Canisius.

176 2022 203 2072 †
234 2020 489 2062 Reuerendo
521 2020 564 2061 in
597 2019 767 2063 Christo
800 2020 913 2074 patrj
948 2020 1157 2062 Ursmaro
1182 2020 1413 2063 Societatis
1436 2021 1541 2063 Jesu
1575 2024 1618 2064 et
1651 2022 1820 2076 collegij

58 2085 292 2140 germanici
323 2085 602 2139 gubernatorj
636 2085 813 2128 Romae.

178 2166 253 2200 Has
271 2166 412 2200 litteras
430 2165 578 2200 Romam
598 2178 719 2200 secum
738 2166 940 2200 attulerunt
962 2165 1016 2199 illi
1042 2166 1120 2210 ipsi,
1148 2177 1298 2210 quorum
1325 2167 1684 2201 commendandorum
1704 2167 1821 2210 gratia

60 2220 225 2254 Canisius
243 2231 304 2254 eas
323 2219 480 2254 dederat.
509 2219 764 2254 Commendare
784 2222 903 2253 autem
922 2219 1080 2262 volebat,
1106 2222 1146 2253 ut
1165 2220 1306 2253 omnino
1324 2219 1477 2262 videtur,
1505 2220 1658 2265 primum
1677 2220 1820 2264 quidem

60 2273 253 2308 Gervicum
279 2273 448 2307 baronem
468 2273 511 2306 de
529 2273 834 2316 Schwarzenberg
853 2273 1061 2306 canonicum
1080 2272 1367 2317 herbipolensem
1387 2272 1602 2317 Ottonisque
1620 2273 1821 2307 Truchsess

59 2325 251 2361 cardinalis
276 2326 481 2369 Augustani
509 2326 758 2370 propinquum,
795 2338 836 2360 ac
863 2325 1071 2371 Philippum
1097 2326 1302 2359 Eduardum
1331 2326 1476 2370 Georgii
1503 2327 1657 2369 Fuggeri
1694 2329 1729 2360 et
1754 2326 1819 2360 Ur·

58 2380 159 2415 sulae
195 2380 237 2413 de
271 2379 518 2414 Lichtenstein
553 2379 678 2419 filium,
714 2379 842 2413 deinde
870 2379 1102 2413 Godefridum
1131 2379 1333 2413 Sebastiani
1360 2380 1439 2414 Zott
1471 2380 1513 2413 de
1540 2380 1706 2423 Pernegg
1740 2391 1819 2413 con-

59 2432 184 2467 siliarii
214 2431 419 2475 „regiminis
446 2432 615 2466 Austriae
641 2432 857 2476 superioris“
887 2432 1012 2472 filium,
1039 2434 1074 2466 et
1102 2431 1331 2466 Guilielmum
1359 2433 1401 2466 de
1431 2432 1554 2473 Losch,
1590 2432 1691 2466 cuius
1718 2435 1821 2477 pater

60 2485 274 2521 Guilielmus
307 2485 486 2519 Monachii
526 2485 619 2530 apud
655 2485 845 2519 Albertum
881 2497 914 2519 v.
951 2485 1127 2519 Bavariae
1166 2485 1290 2519 ducem
1332 2485 1564 2529 „magistrum
1601 2485 1744 2519 domus“
1785 2489 1821 2519 et

59 2539 301 2574 consiliarium
327 2538 476 2581 agebam
505 2539 586 2572 vide
617 2540 702 2572 Can.
730 2539 780 2572 IV
809 2538 876 2572 582
904 2539 968 2572 671
1000 2539 1067 2572 709
1095 2539 1173 2579 740,
1201 2541 1236 2572 et
1262 2539 1355 2572 infra
1381 2550 1413 2583 p.
1443 2539 1545 2572 5—6.

179 2592 313 2626 Horum
331 2591 457 2625 ducem
476 2591 606 2635 agebat
630 2591 839 2636 „Philippus
858 2591 1075 2625 Doberainer
1097 2591 1301 2625 sacerdos“.
1322 2591 1354 2625 Is
1377 2593 1411 2633 (†
1435 2592 1551 2633 1577),
1572 2603 1616 2625 ex
1630 2591 1818 2626 Tirschen-

59 2645 164 2680 reuth
202 2645 430 2679 Palatinatus
478 2645 672 2689 superioris
721 2645 849 2690 oppido
893 2647 1011 2685 ortus,
1059 2645 1203 2678 loannis
1241 2644 1329 2678 Iusti
1370 2644 1579 2688 Lanspergii
1616 2644 1820 2679 Cartusiani

60 2699 282 2739 coloniensis,
301 2709 405 2741 quem
426 2697 591 2731 canisius
610 2698 762 2732 amicum
784 2701 820 2731 et
839 2697 942 2741 quasi
961 2701 1098 2742 patrem
1118 2697 1293 2731 habuerat
1314 2697 1419 2739 (Can.
1440 2697 1454 2730 I
1481 2698 1555 2740 37),
1586 2697 1819 2740 „pharetram

60 2752 171 2786 divini
195 2751 346 2785 amoris“
371 2750 522 2794 (Canisii
549 2750 693 2784 hortatu
706 2751 741 2792 5³)
771 2751 975 2793 germanice
1002 2753 1162 2784 verterat
1184 2750 1244 2792 (cf.
1268 2751 1354 2784 Can.
1375 2750 1407 2783 ΙΙ
1427 2750 1510 2794 680)
1540 2753 1585 2791 et,
1617 2750 1702 2792 „Ein
1721 2751 1818 2786 edels

61 2804 357 2839 Schatzbiichlein
384 2804 446 2837 der
474 2803 680 2837 Gijttlichen
707 2804 819 2837 liebe“
850 2804 1072 2848 inscriptam,
1108 2815 1138 2837 a.
1170 2804 1258 2837 1563
1285 2802 1522 2846 Magdalenae
1552 2804 1820 2839 archiducissae

178 2874 207 2905 a)
228 2876 273 2899 Ita
294 2875 325 2898 in
344 2875 450 2898 archei.
472 2876 627 2898 correctum
650 2877 689 2898 est
711 2881 746 2898 ez
766 2872 973 2898 vehementer.
1046 2873 1076 2904 b)
1098 2874 1143 2897 Ιὶιι
1164 2886 1196 2890 —
1219 2873 1303 2904 1⁴‹lque
1329 2874 1363 2896 ab
1392 2873 1461 2904 ipsu,
1490 2876 1518 2897 ut
1547 2874 1670 2905 ridetur,
1696 2877 1765 2899 san.
1784 2889 1818 2892 —

62 2917 89 2940 in
111 2916 189 2940 arch.
210 2924 283 2940 corr.
304 2918 345 2939 est
365 2923 401 2940 ea:
420 2913 553 2940 Salutari
573 2913 641 2939 illos
663 2921 768 2939 omnes
788 2921 826 2939 ex
846 2921 892 2939 me
913 2914 1003 2939 uelim
1024 2913 1199 2939 Germanos.

184 3011 193 3030 ¹
219 3010 271 3044 De
297 3009 353 3044 his
380 3010 472 3050 vide,
501 3021 591 3054 quae
617 3009 683 3043 sub
710 3009 807 3053 ipsas
833 3008 899 3043 has
926 3009 1066 3042 litteras
1093 3008 1267 3042 dicentur.

181 3063 193 3083 2
218 3062 310 3097 Vide
339 3064 426 3097 Can.
453 3063 503 3097 IV
530 3062 728 3097 7702771.

181 3116 194 3135 ³
221 3115 384 3150 Canisius
420 3116 539 3150 iussus
575 3118 652 3149 erat
687 3115 730 3148 ad
758 3114 901 3148 comitia
927 3114 1129 3155 societatis,
1165 3114 1294 3158 quibus
1320 3126 1434 3149 novus
1460 3115 1686 3160 praepositus
1712 3127 1815 3159 geno-

63 3168 150 3203 ralis
177 3169 380 3212 eligeretur,
407 3180 453 3203 m.
482 3168 581 3202 Iunio
608 3168 741 3202 Romae
768 3167 914 3208 adesse;
942 3167 1024 3201 vide
1053 3169 1140 3201 Can.
1166 3167 1215 3201 lV
1243 3168 1321 3202 787.

1487 3228 1532 3259 1*
