2077 3461
664 203 776 238 Roma
806 204 858 238 17.
879 203 1101 249 Septembris
1130 204 1230 237 1565.
1768 205 1821 247 97

65 322 217 364 obesse
258 322 401 376 potius
442 321 484 363 in
525 321 606 363 hac
646 324 890 376 temporum
923 321 1225 373 hominumque
1258 321 1560 375 peruersitate.
1625 321 1707 363 Vbi
1739 336 1822 364 non

65 387 157 429 sine
197 387 423 441 uoluptate
465 385 622 439 cogito,
666 400 793 439 quam
835 389 953 428 recte
985 400 1036 428 ac
1068 385 1290 439 sapienter
1321 385 1543 439 scripserit
1575 385 1715 440 pietas
1747 390 1824 429 tua

66 452 118 493 de
151 466 351 494 successu
385 451 543 500 calicis,
586 450 638 492 de
671 451 968 494 confutatione
1001 450 1300 493 Centurarium
1334 464 1384 492 ac
1416 450 1511 504 alijs
1554 451 1822 504 quibusdam,

66 530 176 569 quae
216 516 281 558 his
322 516 471 558 diebus
512 515 614 557 mihi
661 516 877 570 praelegit
917 515 1157 558 Jllustriss:
1199 516 1250 558 D.
1293 515 1492 557 Amulius
1507 517 1532 557 1.
1605 516 1825 570 Jntelligit

63 581 141 623 illa
173 595 341 634 quoque
373 581 500 624 Pont.
532 581 652 624 Max.
687 581 754 622 cui
796 581 950 633 longos
991 594 1217 634 precemur
1257 593 1393 622 annos
1435 580 1488 621 ad
1530 581 1824 634 profligandas

65 659 259 688 errorum
300 646 525 696 tenebras,
574 645 629 687 ad
671 645 1008 687 confirmandam
1042 644 1290 699 Catholicae
1331 644 1430 686 fidei
1471 644 1724 696 ueritatem,
1771 645 1824 686 ad

63 711 211 765 lapsos
243 710 465 753 Ecclesiae
496 709 803 752 restituendos.

185 775 392 825 Quoniam
425 789 528 817 uero
562 775 659 823 alia,
695 789 804 827 quae
838 775 923 818 sint
957 774 1136 816 alicuius
1169 774 1339 828 quidem
1372 774 1592 823 momenti,
1635 774 1689 816 ad
1721 774 1826 816 scri-

65 841 251 882 bendum
293 855 389 883 sese
430 855 515 882 non
547 841 747 890 offerunt,
790 840 888 881 nolo
932 854 1025 881 esse
1063 839 1294 893 prolixior:
1336 839 1466 881 Faxit
1498 839 1693 881 Christus
1726 839 1825 893 Opt.

65 906 183 949 Max,
217 908 265 948 ut
297 905 475 948 Polonia
516 919 601 947 non
643 908 848 958 segreget
888 906 1016 946 sese2
1057 904 1209 958 magis,
1252 904 1327 946 sed
1365 905 1507 958 potius
1540 904 1594 946 ad
1626 904 1825 946 unionem

66 971 258 1020 accedat,
294 973 337 1013 et
369 985 420 1012 ea
443 984 553 1023 quae
575 972 676 1011 sunt
699 969 920 1011 diuisionis
944 983 995 1011 ac
1018 969 1308 1019 dissensionis,
1342 969 1484 1022 fugiat
1507 983 1556 1011 ac
1589 969 1825 1023 propulset.

67 1036 354 1089 Agnoscimus
386 1035 560 1078 interim
593 1035 854 1088 benignitati
886 1038 988 1077 tuae
1020 1035 1281 1088 permultum
1314 1048 1340 1076 a
1372 1034 1493 1076 nobis
1523 1034 1683 1083 deberi,
1716 1047 1826 1087 quae

66 1101 250 1144 fratrum
293 1103 536 1143 nostrorum
580 1100 839 1153 collegium3
881 1103 971 1142 tam
1013 1102 1195 1153 paterne
1235 1099 1360 1149 tueri,
1404 1102 1536 1152 atque
1573 1113 1826 1153 promouere

67 1180 232 1208 summo
266 1165 409 1208 studio
449 1165 606 1219 pergit.
669 1165 762 1206 Nec
804 1165 926 1207 deest
957 1164 1041 1206 illis
1074 1164 1242 1218 quidem
1277 1164 1421 1218 ampla
1459 1165 1625 1213 messis,
1667 1164 1710 1205 in
1742 1178 1826 1217 qua

68 1231 180 1273 domi
204 1230 393 1283 forisque
416 1233 667 1272 versentur:
701 1229 862 1272 habent
884 1229 1251 1271 semichristianos
1285 1232 1329 1271 et
1361 1229 1538 1271 falsos
1571 1229 1826 1278 fratres4,

67 1310 93 1338 a
116 1295 268 1348 quibus
291 1297 591 1337 exerceantur.
635 1295 773 1336 Deum
805 1308 1046 1348 precamur,
1082 1297 1129 1336 ut
1160 1293 1244 1335 illis
1277 1294 1464 1347 gratiam
1497 1308 1620 1335 suam
1652 1296 1825 1346 augeat,

69 1374 249 1413 eamque
281 1360 487 1402 uirtutem
522 1359 748 1413 largiatur,
793 1373 903 1412 quae
944 1359 1052 1401 satis
1093 1359 1149 1401 sit
1183 1359 1237 1400 ad
1270 1358 1430 1400 amicos
1462 1360 1581 1400 recte
1614 1358 1828 1412 complec-

68 1426 235 1474 tendos,
278 1428 321 1467 et
355 1425 409 1467 ad
450 1424 644 1466 inimicos
677 1424 719 1466 in
752 1424 1022 1466 veritatis
1060 1424 1230 1465 uiam5
1261 1423 1540 1466 reducendos.
1604 1423 1826 1465 Commen-

69 1491 220 1533 damus
253 1504 331 1532 nos
363 1490 636 1544 amplitudini
667 1492 770 1532 tuae
803 1503 951 1531 omnes
983 1494 1246 1538 reuerenter,
1281 1503 1390 1542 quae
1423 1491 1471 1530 ut
1493 1488 1563 1530 diu
1587 1488 1827 1530 Ecclesiam

69 1555 158 1597 suis
201 1555 437 1609 praeclaris
482 1554 636 1608 studijs
678 1554 869 1596 illustret
913 1568 963 1596 ac
1007 1556 1272 1608 propugnet,
1318 1553 1524 1595 maiorem
1568 1553 1612 1594 in
1655 1553 1826 1594 modum

70 1634 254 1663 oramus.
319 1621 398 1662 Est
432 1618 536 1674 [etc.,
573 1626 616 1660 ut
647 1634 778 1675 supra
811 1635 850 1674 p.
886 1617 976 1672 94].
1040 1619 1204 1660 Romae
1239 1620 1290 1660 17
1326 1617 1542 1672 Septemb.
1579 1620 1728 1661 15652.

950 1689 1109 1731 Seruus
1141 1689 1184 1731 in
1217 1688 1386 1731 Christo
1419 1689 1464 1731 P.
1500 1688 1708 1732 Canisius.

189 1762 216 1814 ’ἷ-
258 1761 635 1804 Reuerendissimo
676 1760 720 1802 in
762 1760 930 1803 Christo
971 1761 1086 1814 patri
1127 1763 1171 1803 et
1210 1760 1516 1802 Jllustrissimo
1557 1759 1738 1802 Domino
1776 1760 1827 1801 D.

73 1827 288 1870 Stanislao
322 1826 456 1868 Hosio
489 1825 706 1868 Cardinali
745 1828 789 1867 et
820 1825 1036 1880 Episcopo
1068 1825 1364 1876 Vuarmiensi,
1407 1825 1597 1867 Patrono
1637 1824 1826 1878 ampliss.

190 1907 418 1952 Inscriptioni
443 1918 550 1940 manu
579 1906 737 1940 eiusdem
773 1906 944 1950 temporis
971 1906 1179 1940 adnotatum
1206 1907 1281 1941 est:
1311 1906 1427 1948 „redd
1455 1906 1486 1940 6.
1514 1905 1710 1940 decembris
1740 1906 1829 1940 1565

73 1961 295 2007 Helspergae
322 1988 328 1994 .
355 1960 521 2004 rescrip.:
551 1961 569 1993 Τ
598 1959 786 1993 eiusdem.“

192 2033 218 2062 a]
243 2034 319 2061 Quae
339 2034 510 2062 sequuntur,
530 2038 546 2054 ct
569 2032 653 2061 (ΜΝ.
675 2029 780 2054 omissa
800 2032 876 2053 sunt.

196 2126 206 2145 ²
239 2124 326 2158 Cum
353 2125 486 2158 Romae
521 2124 613 2158 inter
645 2124 741 2158 viros
776 2123 898 2157 doctos
934 2122 1123 2158 Centurias
1158 2123 1218 2157 alii
1251 2123 1471 2165 refutandas,
1506 2123 1577 2164 alii,
1613 2123 1705 2167 quod
1740 2122 1831 2156 viles

74 2178 246 2222 levesque
281 2180 412 2217 essent,
448 2177 590 2211 silentio
616 2176 859 2220 neglegendas
891 2188 969 2211 esse
1005 2179 1202 2217 censerent,
1239 2177 1414 2210 Antonius
1449 2176 1640 2210 cardinalis
1666 2175 1829 2209 Amulius

74 2231 228 2276 epistula
267 2232 298 2264 5.
326 2231 411 2264 Maii
447 2231 536 2264 1565
575 2231 658 2264 data
697 2242 741 2264 ex
780 2229 900 2270 Hosio,
937 2229 1021 2274 quid
1059 2229 1135 2274 ipse
1162 2230 1362 2270 videretur,
1402 2230 1582 2273 quaesivit
1623 2229 1829 2271 (Et'chltorn,

73 2284 206 2319 Hosius
233 2284 265 2317 11
291 2284 388 2327 462).
440 2283 503 2317 llle
529 2283 659 2317 litteris
685 2282 899 2326 Heilsberga
925 2283 1044 2317 missis
1072 2283 1258 2317 Centurias
1284 2294 1304 2316 a
1331 2282 1516 2317 catholicis
1543 2282 1685 2315 minime
1711 2281 1830 2324 negle-

74 2337 208 2381 gendas
227 2349 305 2371 esse
324 2337 515 2381 respoudit.
551 2336 693 2380 „Neque
712 2337 866 2376 tamem,
893 2335 1018 2380 inquit,
1051 2348 1114 2378 „ex
1133 2336 1293 2380 professo
1311 2336 1536 2370 scribendum
1555 2335 1688 2379 aliquid
1707 2337 1829 2368 contra

75 2390 263 2425 Centurias
290 2391 378 2424 istas
405 2401 598 2430 censerem,
633 2389 696 2423 sed
723 2400 866 2434 operam
893 2389 1045 2423 dandam
1071 2390 1202 2434 potius,
1230 2392 1269 2422 vt
1295 2392 1356 2423 aut
1382 2389 1426 2434 ijs
1454 2389 1533 2433 vijs,
1561 2391 1595 2422 et
1621 2388 1830 2427 rationibus,

75 2455 164 2488 quas
184 2443 451 2477 Centuriatores
477 2443 534 2476 isti
564 2443 742 2487 persecuti
768 2445 862 2483 sunt,
890 2444 953 2476 aut
978 2442 1059 2487 alijs
1085 2442 1306 2487 potioribus.
1329 2470 1334 2475 .
1356 2470 1361 2476 .
1383 2442 1518 2475 veritas
1545 2441 1707 2474 omnibus
1733 2442 1830 2485 pate-

74 2497 168 2538 fieri,
205 2496 347 2531 falsitas
383 2499 501 2530 autem
541 2496 689 2529 istorum
718 2507 737 2529 a
763 2495 897 2529 nostris
931 2495 1028 2529 aliud
1062 2495 1252 2538 agentibus
1287 2495 1321 2529 in
1358 2495 1473 2528 lucem
1509 2494 1659 2538 proferri
1694 2494 1826 2538 possit‘

77 2546 138 2594 (D.
167 2551 343 2584 Sionis-lai
368 2551 473 2583 Hos-il
499 2548 655 2593 Operum
682 2548 814 2582 Tomus
840 2549 1028 2589 secundus,
1057 2548 1222 2582 Coloniae
1252 2549 1353 2592 1584,
1380 2548 1595 2589 240—241).
1639 2547 1677 2580 In
1704 2546 1829 2580 iisdem

74 2603 205 2638 litteris
241 2602 373 2637 Hosius
408 2603 450 2636 de
487 2602 639 2645 Georgio
675 2601 902 2636 Drascovitio
935 2601 996 2645 (cf.
1027 2602 1113 2636 Can.
1148 2602 1197 2635 ΙΙΙ
1234 2601 1315 2643 751)
1356 2600 1441 2635 haec
1478 2601 1606 2634 refert:
1648 2599 1830 2643 „Quinque

76 2656 312 2691 Ecclesiensis
354 2655 552 2701 Episcopus
589 2654 785 2689 Caesareae
822 2654 1024 2688 Maiestatis
1059 2655 1103 2688 ad
1144 2666 1321 2688 summum
1359 2654 1491 2696 Regem
1535 2665 1651 2686 meum
1690 2652 1830 2691 Orator,

75 2721 192 2744 coram
220 2709 383 2754 pluribus
408 2708 526 2754 palam
554 2708 739 2742 confessus
766 2710 831 2748 est,
866 2707 1098 2741 vehementer
1132 2719 1170 2741 se
1206 2707 1397 2751 paenitere.
1433 2706 1525 2750 quod
1561 2718 1639 2740 cum
1673 2709 1769 2740 esset
1795 2707 1830 2740 in

77 2763 233 2797 Concilio
259 2762 476 2804 Tridentino,
512 2764 611 2795 tanto
647 2761 764 2795 studio
798 2761 1052 2800 contendisset,
1087 2763 1126 2794 vt
1153 2760 1284 2794 Calicis
1311 2772 1397 2793 vsus
1425 2759 1540 2793 Laicis
1567 2759 1829 2794 concederetur.

75 2816 166 2850 Nam
194 2827 238 2850 ex
264 2816 333 2849 ista
359 2815 586 2849 concessione
614 2826 680 2847 non
707 2813 821 2847 solum
848 2813 986 2847 nullum
1012 2814 1178 2853 fructum,
1214 2824 1337 2846 verum
1375 2812 1481 2846 etiam
1509 2812 1698 2856 plurimum
1726 2812 1830 2846 detri-

76 2869 187 2903 menti
212 2871 329 2903 terras
355 2868 436 2902 illas
463 2868 655 2912 accepisse,
693 2867 784 2910 quod
812 2879 880 2900 non
907 2866 1018 2900 semel
1045 2867 1151 2900 etiam
1181 2866 1317 2899 audiuit
1345 2877 1388 2898 ex
1408 2878 1457 2906 eo,
1485 2865 1589 2899 testis
1608 2866 1701 2899 omni
1720 2866 1831 2899 maior

78 2922 296 2966 exceptione,
324 2922 384 2966 qui
411 2921 445 2955 S.
464 2921 505 2955 D.
524 2920 567 2955 N.
586 2920 761 2962 Legatum
788 2920 881 2964 apud
908 2931 972 2953 nos
998 2920 1073 2963 agit
1100 2918 1371 2953 Illustrissimus
1398 2919 1438 2953 D.
1467 2919 1666 2953 Cardinalis
1685 2919 1830 2953 Comen-

78 2976 208 3009 donus“
242 2975 279 3017 (l.
299 2987 327 3009 c.
354 2976 453 3018 241).
598 2974 611 2994 2
637 2973 689 3007 Cf.
717 2973 824 3006 Iudae
853 2973 905 3007 19.

197 3029 209 3048 3
236 3027 424 3062 Societatis
459 3027 657 3070 collegium,
692 3026 837 3059 ineunte
869 3037 899 3059 a.
922 3025 1009 3059 1565
1036 3025 1308 3068 Braunsbergae
1337 3024 1594 3068 (Braunsberg)
1632 3025 1667 3058 in
1687 3025 1831 3059 Varmia

79 3081 122 3115 ab
148 3081 257 3115 Hosio
283 3081 473 3115 conditum.
517 3080 568 3114 De
595 3079 792 3113 redditibus
819 3078 968 3121 collegio
994 3089 1056 3122 per
1083 3078 1229 3112 Hosium
1257 3081 1291 3111 et
1319 3089 1379 3122 per
1405 3078 1600 3123 capitulum
1627 3077 1830 3112 cathedrale

78 3133 144 3168 hoc
169 3145 260 3167 anno
286 3134 479 3176 assignatis
505 3134 587 3167 vide
614 3133 807 3174 Eicldzorn,
834 3131 965 3165 Hosius
991 3131 1023 3164 II
1053 3131 1246 3165 182—183.

197 3189 209 3207 ‘¹
236 3188 256 3220 2
284 3187 351 3221 Cor
379 3188 430 3227 11,
459 3186 512 3220 26.
554 3186 620 3219 Gal
647 3186 679 3225 2,
705 3187 736 3219 4.
881 3185 894 3204 ⁵
920 3184 967 3218 Ps
996 3184 1071 3224 118,
1098 3184 1152 3218 30.
1193 3184 1287 3218 Eccli
1315 3184 1368 3224 34,
1395 3184 1451 3218 22.
1486 3184 1506 3218 2
1525 3184 1611 3218 Petr
1636 3184 1667 3220 2.
1694 3184 1726 3218 2.

1528 3243 1546 3254 ,-

150 3249 462 3282 Braunsberger.
484 3250 593 3275 Canisii
614 3248 768 3282 Epistulae
789 3249 818 3274 et
841 3248 924 3274 Acta.
946 3248 979 3274 V.
1534 3255 1542 3276 ι
