<?xml version="1.0" encoding="UTF-8"?>
<!DOCTYPE html PUBLIC "-//W3C//DTD XHTML 1.0 Transitional//EN"
    "http://www.w3.org/TR/xhtml1/DTD/xhtml1-transitional.dtd">
<html xmlns="http://www.w3.org/1999/xhtml" xml:lang="en" lang="en">
 <head>
  <title>
</title>
<meta http-equiv="Content-Type" content="text/html;charset=utf-8" />
  <meta name='ocr-system' content='tesseract 3.04.00' />
  <meta name='ocr-capabilities' content='ocr_page ocr_carea ocr_par ocr_line ocrx_word'/>
</head>
<body>
  <div class='ocr_page' id='page_1' title='image "beatipetricanisi05cani_0039.png"; bbox 0 0 2077 3461; ppageno 0'>
   <div class='ocr_carea' id='block_1_1' title="bbox 619 212 1830 257">
    <p class='ocr_par' dir='ltr' id='par_1_1' title="bbox 619 212 1830 257">
     <span class='ocr_line' id='line_1_1' title="bbox 619 212 1830 257; baseline -0.005 -10"><span class='ocrx_word' id='word_1_1' title='bbox 619 213 661 247; x_wconf 86' lang='grc' dir='ltr'>ΙΙ.</span> <span class='ocrx_word' id='word_1_2' title='bbox 689 213 912 247; x_wconf 82' lang='lat' dir='ltr'>Prooemium</span> <span class='ocrx_word' id='word_1_3' title='bbox 940 212 1130 247; x_wconf 88' lang='lat' dir='ltr'>voluminis</span> <span class='ocrx_word' id='word_1_4' title='bbox 1157 213 1282 257; x_wconf 89' lang='lat' dir='ltr'>quinti.</span> <span class='ocrx_word' id='word_1_5' title='bbox 1691 212 1830 242; x_wconf 81' lang='lat' dir='ltr'>XXXIII</span> 
     </span>
    </p>
   </div>
   <div class='ocr_carea' id='block_1_2' title="bbox 74 330 1845 3296">
    <p class='ocr_par' dir='ltr' id='par_1_2' title="bbox 74 330 1841 2183">
     <span class='ocr_line' id='line_1_2' title="bbox 77 330 1833 374; baseline -0.001 -9"><span class='ocrx_word' id='word_1_6' title='bbox 77 332 221 366; x_wconf 78' lang='lat' dir='ltr'>deberet</span> <span class='ocrx_word' id='word_1_7' title='bbox 246 342 286 364; x_wconf 92' lang='lat' dir='ltr'>eo</span> <span class='ocrx_word' id='word_1_8' title='bbox 304 332 443 364; x_wconf 87' lang='lat' dir='ltr'>tantum</span> <span class='ocrx_word' id='word_1_9' title='bbox 466 342 623 369; x_wconf 88' lang='lat' dir='ltr'>numero,</span> <span class='ocrx_word' id='word_1_10' title='bbox 651 330 707 364; x_wconf 91' lang='lat' dir='ltr'>cui</span> <span class='ocrx_word' id='word_1_11' title='bbox 730 330 857 363; x_wconf 89' lang='lat' dir='ltr'>alendo</span> <span class='ocrx_word' id='word_1_12' title='bbox 876 330 1013 363; x_wconf 90' lang='lat' dir='ltr'>reditus</span> <span class='ocrx_word' id='word_1_13' title='bbox 1031 330 1121 363; x_wconf 89' lang='lat' dir='ltr'>satis</span> <span class='ocrx_word' id='word_1_14' title='bbox 1139 332 1277 364; x_wconf 86' lang='lat' dir='ltr'>essent:</span> <span class='ocrx_word' id='word_1_15' title='bbox 1305 330 1360 363; x_wconf 87' lang='lat' dir='ltr'>sin</span> <span class='ocrx_word' id='word_1_16' title='bbox 1385 331 1503 363; x_wconf 88' lang='lat' dir='ltr'>autem</span> <span class='ocrx_word' id='word_1_17' title='bbox 1523 330 1603 374; x_wconf 91' lang='lat' dir='ltr'>plus</span> <span class='ocrx_word' id='word_1_18' title='bbox 1622 331 1833 374; x_wconf 80' lang='lat' dir='ltr'>praestaret.</span> 
     </span>
     <span class='ocr_line' id='line_1_3' title="bbox 74 381 1833 428; baseline -0.002 -10"><span class='ocrx_word' id='word_1_19' title='bbox 74 384 184 418; x_wconf 86' lang='lat' dir='ltr'>libere</span> <span class='ocrx_word' id='word_1_20' title='bbox 210 386 411 428; x_wconf 78' lang='lat' dir='ltr'>praestaret</span> <span class='ocrx_word' id='word_1_21' title='bbox 438 382 551 426; x_wconf 90' lang='lat'>(621).</span> <span class='ocrx_word' id='word_1_22' title='bbox 594 382 722 424; x_wconf 87' lang='lat' dir='ltr'>Unum,</span> <span class='ocrx_word' id='word_1_23' title='bbox 750 382 843 426; x_wconf 89' lang='lat' dir='ltr'>quod</span> <span class='ocrx_word' id='word_1_24' title='bbox 870 382 1029 417; x_wconf 82' lang='lat' dir='ltr'>Societas</span> <span class='ocrx_word' id='word_1_25' title='bbox 1055 382 1206 426; x_wconf 89' lang='lat' dir='ltr'>urgebat</span> <span class='ocrx_word' id='word_1_26' title='bbox 1235 383 1295 425; x_wconf 87' lang='lat'>(64</span> <span class='ocrx_word' id='word_1_27' title='bbox 1322 382 1395 425; x_wconf 87' lang='lat'>66),</span> <span class='ocrx_word' id='word_1_28' title='bbox 1424 382 1615 416; x_wconf 85' lang='lat' dir='ltr'>cardinalis</span> <span class='ocrx_word' id='word_1_29' title='bbox 1641 394 1684 416; x_wconf 93' lang='lat' dir='ltr'>ne</span> <span class='ocrx_word' id='word_1_30' title='bbox 1710 381 1833 415; x_wconf 81' lang='lat' dir='ltr'>multis</span> 
     </span>
     <span class='ocr_line' id='line_1_4' title="bbox 76 434 1832 482; baseline -0.001 -12"><span class='ocrx_word' id='word_1_31' title='bbox 76 436 218 482; x_wconf 88' lang='lat' dir='ltr'>quidem</span> <span class='ocrx_word' id='word_1_32' title='bbox 246 436 432 470; x_wconf 87' lang='lat' dir='ltr'>conatibus</span> <span class='ocrx_word' id='word_1_33' title='bbox 457 436 652 480; x_wconf 86' lang='lat' dir='ltr'>impetrare</span> <span class='ocrx_word' id='word_1_34' title='bbox 678 438 834 480; x_wconf 85' lang='lat' dir='ltr'>pote1·at;</span> <span class='ocrx_word' id='word_1_35' title='bbox 862 447 1073 469; x_wconf 83' lang='lat' dir='ltr'>consensum</span> <span class='ocrx_word' id='word_1_36' title='bbox 1101 435 1179 469; x_wconf 90' lang='lat' dir='ltr'>dico</span> <span class='ocrx_word' id='word_1_37' title='bbox 1206 435 1353 480; x_wconf 88' lang='lat' dir='ltr'>capituli</span> <span class='ocrx_word' id='word_1_38' title='bbox 1381 434 1596 469; x_wconf 88' lang='lat' dir='ltr'>cathedralis</span> <span class='ocrx_word' id='word_1_39' title='bbox 1622 434 1735 478; x_wconf 88' lang='lat'>(112).</span> <span class='ocrx_word' id='word_1_40' title='bbox 1779 435 1832 468; x_wconf 89' lang='lat' dir='ltr'>Ita</span> 
     </span>
     <span class='ocr_line' id='line_1_5' title="bbox 75 487 1833 532; baseline -0.001 -9"><span class='ocrx_word' id='word_1_41' title='bbox 75 489 265 532; x_wconf 79' lang='lat' dir='ltr'>collegium</span> <span class='ocrx_word' id='word_1_42' title='bbox 303 488 525 532; x_wconf 85' lang='lat' dir='ltr'>dilinganum</span> <span class='ocrx_word' id='word_1_43' title='bbox 560 489 619 522; x_wconf 89' lang='lat' dir='ltr'>diu</span> <span class='ocrx_word' id='word_1_44' title='bbox 654 489 886 522; x_wconf 87' lang='lat' dir='ltr'>fundamento</span> <span class='ocrx_word' id='word_1_45' title='bbox 924 488 1063 522; x_wconf 88' lang='lat' dir='ltr'>infirmo</span> <span class='ocrx_word' id='word_1_46' title='bbox 1100 488 1280 522; x_wconf 80' lang='lat' dir='ltr'>haerebat.</span> <span class='ocrx_word' id='word_1_47' title='bbox 1332 487 1516 532; x_wconf 90' lang='lat' dir='ltr'>Herbipoli</span> <span class='ocrx_word' id='word_1_48' title='bbox 1554 499 1713 532; x_wconf 90' lang='lat' dir='ltr'>quoque,</span> <span class='ocrx_word' id='word_1_49' title='bbox 1751 488 1833 531; x_wconf 88' lang='lat' dir='ltr'>quia</span> 
     </span>
     <span class='ocr_line' id='line_1_6' title="bbox 77 539 1834 588; baseline -0.001 -12"><span class='ocrx_word' id='word_1_50' title='bbox 77 542 264 588; x_wconf 90' lang='lat' dir='ltr'>episcopus</span> <span class='ocrx_word' id='word_1_51' title='bbox 299 544 334 575; x_wconf 92' lang='lat' dir='ltr'>et</span> <span class='ocrx_word' id='word_1_52' title='bbox 368 541 563 586; x_wconf 89' lang='lat' dir='ltr'>capitulum</span> <span class='ocrx_word' id='word_1_53' title='bbox 598 542 691 575; x_wconf 89' lang='lat' dir='ltr'>inter</span> <span class='ocrx_word' id='word_1_54' title='bbox 715 552 755 575; x_wconf 89' lang='lat' dir='ltr'>se</span> <span class='ocrx_word' id='word_1_55' title='bbox 782 541 1003 575; x_wconf 82' lang='lat' dir='ltr'>dissidebant</span> <span class='ocrx_word' id='word_1_56' title='bbox 1031 541 1144 584; x_wconf 86' lang='lat'>(432),</span> <span class='ocrx_word' id='word_1_57' title='bbox 1171 552 1366 575; x_wconf 79' lang='lat' dir='ltr'>consensus</span> <span class='ocrx_word' id='word_1_58' title='bbox 1392 540 1488 574; x_wconf 90' lang='lat' dir='ltr'>illius</span> <span class='ocrx_word' id='word_1_59' title='bbox 1513 539 1726 585; x_wconf 86' lang='lat' dir='ltr'>impetrandi</span> <span class='ocrx_word' id='word_1_60' title='bbox 1752 550 1834 584; x_wconf 87' lang='lat' dir='ltr'>spes</span> 
     </span>
     <span class='ocr_line' id='line_1_7' title="bbox 77 593 1834 639; baseline -0.002 -10"><span class='ocrx_word' id='word_1_61' title='bbox 77 596 207 639; x_wconf 86' lang='lat' dir='ltr'>exigua</span> <span class='ocrx_word' id='word_1_62' title='bbox 234 594 292 628; x_wconf 87' lang='lat' dir='ltr'>vel</span> <span class='ocrx_word' id='word_1_63' title='bbox 317 594 416 628; x_wconf 86' lang='lat' dir='ltr'>nulla</span> <span class='ocrx_word' id='word_1_64' title='bbox 441 597 537 634; x_wconf 85' lang='lat' dir='ltr'>erat;</span> <span class='ocrx_word' id='word_1_65' title='bbox 572 606 688 638; x_wconf 89' lang='lat' dir='ltr'>neque</span> <span class='ocrx_word' id='word_1_66' title='bbox 713 596 834 628; x_wconf 89' lang='lat' dir='ltr'>tamen</span> <span class='ocrx_word' id='word_1_67' title='bbox 860 594 934 628; x_wconf 90' lang='lat' dir='ltr'>illic</span> <span class='ocrx_word' id='word_1_68' title='bbox 960 594 1081 637; x_wconf 89' lang='lat' dir='ltr'>magni</span> <span class='ocrx_word' id='word_1_69' title='bbox 1108 595 1290 635; x_wconf 80' lang='lat' dir='ltr'>intererat,</span> <span class='ocrx_word' id='word_1_70' title='bbox 1319 596 1357 627; x_wconf 91' lang='lat' dir='ltr'>ut</span> <span class='ocrx_word' id='word_1_71' title='bbox 1386 594 1546 627; x_wconf 86' lang='lat' dir='ltr'>canonici</span> <span class='ocrx_word' id='word_1_72' title='bbox 1573 593 1834 627; x_wconf 82' lang='lat' dir='ltr'>consentirent:</span> 
     </span>
     <span class='ocr_line' id='line_1_8' title="bbox 76 645 1833 692; baseline -0.002 -11"><span class='ocrx_word' id='word_1_73' title='bbox 76 660 158 682; x_wconf 84' lang='lat' dir='ltr'>nam</span> <span class='ocrx_word' id='word_1_74' title='bbox 184 647 324 690; x_wconf 88' lang='lat' dir='ltr'>collegii</span> <span class='ocrx_word' id='word_1_75' title='bbox 349 647 486 681; x_wconf 90' lang='lat' dir='ltr'>reditus</span> <span class='ocrx_word' id='word_1_76' title='bbox 503 647 698 681; x_wconf 83' lang='lat' dir='ltr'>maximam</span> <span class='ocrx_word' id='word_1_77' title='bbox 716 650 854 692; x_wconf 87' lang='lat' dir='ltr'>partem</span> <span class='ocrx_word' id='word_1_78' title='bbox 877 647 977 681; x_wconf 88' lang='lat' dir='ltr'>bonis</span> <span class='ocrx_word' id='word_1_79' title='bbox 995 647 1202 681; x_wconf 87' lang='lat' dir='ltr'>monasterii</span> <span class='ocrx_word' id='word_1_80' title='bbox 1222 646 1457 681; x_wconf 83' lang='lat' dir='ltr'>Clarissarum</span> <span class='ocrx_word' id='word_1_81' title='bbox 1476 645 1609 680; x_wconf 85' lang='lat' dir='ltr'>deserti</span> <span class='ocrx_word' id='word_1_82' title='bbox 1628 645 1833 683; x_wconf 86' lang='lat' dir='ltr'>constabat;</span> 
     </span>
     <span class='ocr_line' id='line_1_9' title="bbox 75 698 1835 745; baseline -0.002 -10"><span class='ocrx_word' id='word_1_83' title='bbox 75 701 293 736; x_wconf 83' lang='lat' dir='ltr'>consuetudo</span> <span class='ocrx_word' id='word_1_84' title='bbox 312 702 432 734; x_wconf 89' lang='lat' dir='ltr'>autem</span> <span class='ocrx_word' id='word_1_85' title='bbox 450 700 708 745; x_wconf 85' lang='lat' dir='ltr'>herbipolensis</span> <span class='ocrx_word' id='word_1_86' title='bbox 727 700 876 741; x_wconf 87' lang='lat' dir='ltr'>ferebat,</span> <span class='ocrx_word' id='word_1_87' title='bbox 904 703 943 734; x_wconf 84' lang='lat' dir='ltr'>ut</span> <span class='ocrx_word' id='word_1_88' title='bbox 970 700 1012 734; x_wconf 93' lang='lat' dir='ltr'>de</span> <span class='ocrx_word' id='word_1_89' title='bbox 1038 700 1266 733; x_wconf 86' lang='lat' dir='ltr'>monasteriis</span> <span class='ocrx_word' id='word_1_90' title='bbox 1284 699 1437 733; x_wconf 84' lang='lat' dir='ltr'>desertis</span> <span class='ocrx_word' id='word_1_91' title='bbox 1455 699 1654 743; x_wconf 87' lang='lat' dir='ltr'>episcopus,</span> <span class='ocrx_word' id='word_1_92' title='bbox 1680 698 1835 732; x_wconf 83' lang='lat' dir='ltr'>maxime</span> 
     </span>
     <span class='ocr_line' id='line_1_10' title="bbox 77 750 1836 798; baseline -0.002 -11"><span class='ocrx_word' id='word_1_93' title='bbox 77 765 156 788; x_wconf 90' lang='lat' dir='ltr'>cum</span> <span class='ocrx_word' id='word_1_94' title='bbox 183 753 345 798; x_wconf 80' lang='lat' dir='ltr'>pontifex</span> <span class='ocrx_word' id='word_1_95' title='bbox 370 753 620 794; x_wconf 85' lang='lat' dir='ltr'>consensisset,</span> <span class='ocrx_word' id='word_1_96' title='bbox 656 753 766 787; x_wconf 91' lang='lat' dir='ltr'>libere</span> <span class='ocrx_word' id='word_1_97' title='bbox 797 752 1014 787; x_wconf 87' lang='lat' dir='ltr'>constituere</span> <span class='ocrx_word' id='word_1_98' title='bbox 1041 754 1162 797; x_wconf 91' lang='lat' dir='ltr'>posset</span> <span class='ocrx_word' id='word_1_99' title='bbox 1190 751 1304 795; x_wconf 86' lang='grc'>(432).</span> <span class='ocrx_word' id='word_1_100' title='bbox 1355 752 1496 786; x_wconf 87' lang='lat' dir='ltr'>Natalis</span> <span class='ocrx_word' id='word_1_101' title='bbox 1523 754 1643 786; x_wconf 90' lang='lat' dir='ltr'>tamen</span> <span class='ocrx_word' id='word_1_102' title='bbox 1670 753 1705 785; x_wconf 92' lang='lat' dir='ltr'>et</span> <span class='ocrx_word' id='word_1_103' title='bbox 1733 750 1836 785; x_wconf 88' lang='lat' dir='ltr'>Cani-</span> 
     </span>
     <span class='ocr_line' id='line_1_11' title="bbox 75 805 1836 852; baseline -0.002 -11"><span class='ocrx_word' id='word_1_104' title='bbox 75 807 150 842; x_wconf 88' lang='lat' dir='ltr'>sius</span> <span class='ocrx_word' id='word_1_105' title='bbox 168 807 321 852; x_wconf 89' lang='lat' dir='ltr'>primum</span> <span class='ocrx_word' id='word_1_106' title='bbox 340 806 595 841; x_wconf 88' lang='lat' dir='ltr'>contenderent</span> <span class='ocrx_word' id='word_1_107' title='bbox 613 808 649 840; x_wconf 90' lang='lat' dir='ltr'>et</span> <span class='ocrx_word' id='word_1_108' title='bbox 666 805 870 840; x_wconf 77' lang='lat' dir='ltr'>laborarent</span> <span class='ocrx_word' id='word_1_109' title='bbox 886 817 1033 840; x_wconf 90' lang='lat' dir='ltr'>necesse</span> <span class='ocrx_word' id='word_1_110' title='bbox 1053 808 1139 846; x_wconf 87' lang='lat' dir='ltr'>erat,</span> <span class='ocrx_word' id='word_1_111' title='bbox 1166 817 1211 839; x_wconf 90' lang='lat' dir='ltr'>ne</span> <span class='ocrx_word' id='word_1_112' title='bbox 1229 805 1418 850; x_wconf 88' lang='lat' dir='ltr'>episcopus</span> <span class='ocrx_word' id='word_1_113' title='bbox 1433 805 1544 839; x_wconf 86' lang='lat' dir='ltr'>Sociis</span> <span class='ocrx_word' id='word_1_114' title='bbox 1563 816 1605 838; x_wconf 87' lang='lat' dir='ltr'>ea</span> <span class='ocrx_word' id='word_1_115' title='bbox 1623 805 1836 847; x_wconf 89' lang='lat' dir='ltr'>iniungeret,</span> 
     </span>
     <span class='ocr_line' id='line_1_12' title="bbox 78 858 1837 905; baseline -0.002 -11"><span class='ocrx_word' id='word_1_116' title='bbox 78 871 168 904; x_wconf 89' lang='lat' dir='ltr'>quae</span> <span class='ocrx_word' id='word_1_117' title='bbox 194 862 379 905; x_wconf 85' lang='lat' dir='ltr'>praestare</span> <span class='ocrx_word' id='word_1_118' title='bbox 405 859 595 894; x_wconf 85' lang='lat' dir='ltr'>Societatis</span> <span class='ocrx_word' id='word_1_119' title='bbox 620 871 689 893; x_wconf 91' lang='lat' dir='ltr'>non</span> <span class='ocrx_word' id='word_1_120' title='bbox 716 861 804 899; x_wconf 88' lang='lat' dir='ltr'>erat,</span> <span class='ocrx_word' id='word_1_121' title='bbox 839 862 880 893; x_wconf 90' lang='lat' dir='ltr'>ut</span> <span class='ocrx_word' id='word_1_122' title='bbox 905 859 1131 893; x_wconf 83' lang='lat' dir='ltr'>visitationes</span> <span class='ocrx_word' id='word_1_123' title='bbox 1163 859 1352 893; x_wconf 88' lang='lat' dir='ltr'>canonicas</span> <span class='ocrx_word' id='word_1_124' title='bbox 1388 858 1619 892; x_wconf 86' lang='lat' dir='ltr'>ecclesiarum</span> <span class='ocrx_word' id='word_1_125' title='bbox 1651 860 1686 891; x_wconf 90' lang='lat' dir='ltr'>et</span> <span class='ocrx_word' id='word_1_126' title='bbox 1712 858 1837 891; x_wconf 87' lang='lat' dir='ltr'>decan-</span> 
     </span>
     <span class='ocr_line' id='line_1_13' title="bbox 76 910 1837 957; baseline -0.002 -10"><span class='ocrx_word' id='word_1_127' title='bbox 76 913 230 948; x_wconf 83' lang='lat' dir='ltr'>tationes</span> <span class='ocrx_word' id='word_1_128' title='bbox 255 912 454 947; x_wconf 86' lang='lat' dir='ltr'>officiorum</span> <span class='ocrx_word' id='word_1_129' title='bbox 480 913 679 946; x_wconf 88' lang='lat' dir='ltr'>divinorum</span> <span class='ocrx_word' id='word_1_130' title='bbox 709 912 823 955; x_wconf 81' lang='grc'>(695).</span> <span class='ocrx_word' id='word_1_131' title='bbox 863 912 999 946; x_wconf 82' lang='lat' dir='ltr'>Deinde</span> <span class='ocrx_word' id='word_1_132' title='bbox 1026 913 1215 957; x_wconf 89' lang='lat' dir='ltr'>episcopus</span> <span class='ocrx_word' id='word_1_133' title='bbox 1241 911 1420 955; x_wconf 83' lang='lat' dir='ltr'>exigebat,</span> <span class='ocrx_word' id='word_1_134' title='bbox 1448 913 1488 945; x_wconf 90' lang='lat' dir='ltr'>ut</span> <span class='ocrx_word' id='word_1_135' title='bbox 1510 911 1669 944; x_wconf 87' lang='lat' dir='ltr'>Societas</span> <span class='ocrx_word' id='word_1_136' title='bbox 1695 910 1729 944; x_wconf 90' lang='lat' dir='ltr'>in</span> <span class='ocrx_word' id='word_1_137' title='bbox 1748 910 1837 954; x_wconf 90' lang='lat' dir='ltr'>ipsis</span> 
     </span>
     <span class='ocr_line' id='line_1_14' title="bbox 76 963 1835 1010; baseline -0.002 -10"><span class='ocrx_word' id='word_1_138' title='bbox 76 966 208 1000; x_wconf 88' lang='lat' dir='ltr'>litteris</span> <span class='ocrx_word' id='word_1_139' title='bbox 233 966 454 1000; x_wconf 80' lang='lat' dir='ltr'>fundationis</span> <span class='ocrx_word' id='word_1_140' title='bbox 489 966 666 1010; x_wconf 87' lang='lat' dir='ltr'>reciperet</span> <span class='ocrx_word' id='word_1_141' title='bbox 699 966 774 999; x_wconf 88' lang='lat' dir='ltr'>fore</span> <span class='ocrx_word' id='word_1_142' title='bbox 804 968 845 999; x_wconf 93' lang='lat' dir='ltr'>ut</span> <span class='ocrx_word' id='word_1_143' title='bbox 879 965 1021 999; x_wconf 86' lang='lat' dir='ltr'>sodales</span> <span class='ocrx_word' id='word_1_144' title='bbox 1057 965 1167 1009; x_wconf 83' lang='lat' dir='ltr'>aliqui</span> <span class='ocrx_word' id='word_1_145' title='bbox 1194 964 1412 1008; x_wconf 83' lang='lat' dir='ltr'>theologiam</span> <span class='ocrx_word' id='word_1_146' title='bbox 1439 964 1605 998; x_wconf 88' lang='lat' dir='ltr'>docerent</span> <span class='ocrx_word' id='word_1_147' title='bbox 1641 966 1677 997; x_wconf 89' lang='lat' dir='ltr'>et</span> <span class='ocrx_word' id='word_1_148' title='bbox 1706 963 1835 997; x_wconf 91' lang='lat' dir='ltr'>contio-</span> 
     </span>
     <span class='ocr_line' id='line_1_15' title="bbox 77 1015 1837 1062; baseline -0.002 -9"><span class='ocrx_word' id='word_1_149' title='bbox 77 1019 182 1053; x_wconf 89' lang='lat' dir='ltr'>nandi</span> <span class='ocrx_word' id='word_1_150' title='bbox 210 1019 368 1053; x_wconf 90' lang='lat' dir='ltr'>officium</span> <span class='ocrx_word' id='word_1_151' title='bbox 386 1019 680 1053; x_wconf 86' lang='lat' dir='ltr'>administrarent</span> <span class='ocrx_word' id='word_1_152' title='bbox 701 1018 940 1062; x_wconf 80' lang='lat'>(365—367);</span> <span class='ocrx_word' id='word_1_153' title='bbox 968 1018 1109 1052; x_wconf 90' lang='lat' dir='ltr'>Natalis</span> <span class='ocrx_word' id='word_1_154' title='bbox 1136 1020 1171 1051; x_wconf 90' lang='lat' dir='ltr'>et</span> <span class='ocrx_word' id='word_1_155' title='bbox 1191 1017 1356 1052; x_wconf 90' lang='lat' dir='ltr'>Canisius</span> <span class='ocrx_word' id='word_1_156' title='bbox 1374 1017 1483 1062; x_wconf 88' lang='lat' dir='ltr'>probe</span> <span class='ocrx_word' id='word_1_157' title='bbox 1509 1019 1695 1057; x_wconf 85' lang='lat' dir='ltr'>noverant,</span> <span class='ocrx_word' id='word_1_158' title='bbox 1722 1015 1837 1050; x_wconf 86' lang='lat' dir='ltr'>Socie-</span> 
     </span>
     <span class='ocr_line' id='line_1_16' title="bbox 78 1069 1837 1117; baseline -0.002 -11"><span class='ocrx_word' id='word_1_159' title='bbox 78 1075 189 1107; x_wconf 86' lang='lat' dir='ltr'>tatem</span> <span class='ocrx_word' id='word_1_160' title='bbox 215 1072 381 1106; x_wconf 90' lang='lat' dir='ltr'>instituto</span> <span class='ocrx_word' id='word_1_161' title='bbox 408 1084 472 1106; x_wconf 89' lang='lat' dir='ltr'>suo</span> <span class='ocrx_word' id='word_1_162' title='bbox 498 1071 688 1117; x_wconf 85' lang='lat' dir='ltr'>prohiberi,</span> <span class='ocrx_word' id='word_1_163' title='bbox 714 1083 758 1105; x_wconf 90' lang='lat' dir='ltr'>ne</span> <span class='ocrx_word' id='word_1_164' title='bbox 784 1072 818 1105; x_wconf 91' lang='lat' dir='ltr'>in</span> <span class='ocrx_word' id='word_1_165' title='bbox 838 1072 1059 1116; x_wconf 87' lang='lat' dir='ltr'>professores</span> <span class='ocrx_word' id='word_1_166' title='bbox 1085 1071 1287 1114; x_wconf 85' lang='lat' dir='ltr'>theologiae</span> <span class='ocrx_word' id='word_1_167' title='bbox 1313 1070 1371 1104; x_wconf 91' lang='lat' dir='ltr'>vel</span> <span class='ocrx_word' id='word_1_168' title='bbox 1393 1070 1657 1105; x_wconf 86' lang='lat' dir='ltr'>contionatores</span> <span class='ocrx_word' id='word_1_169' title='bbox 1673 1069 1837 1114; x_wconf 88' lang='lat' dir='ltr'>suppedi-</span> 
     </span>
     <span class='ocr_line' id='line_1_17' title="bbox 77 1124 1836 1169; baseline -0.002 -9"><span class='ocrx_word' id='word_1_170' title='bbox 77 1127 206 1160; x_wconf 88' lang='lat' dir='ltr'>tandos</span> <span class='ocrx_word' id='word_1_171' title='bbox 240 1126 291 1159; x_wconf 86' lang='lat' dir='ltr'>ita</span> <span class='ocrx_word' id='word_1_172' title='bbox 325 1137 363 1159; x_wconf 90' lang='lat' dir='ltr'>se</span> <span class='ocrx_word' id='word_1_173' title='bbox 398 1125 626 1169; x_wconf 83' lang='lat' dir='ltr'>astringeret,</span> <span class='ocrx_word' id='word_1_174' title='bbox 662 1127 703 1159; x_wconf 90' lang='lat' dir='ltr'>ut</span> <span class='ocrx_word' id='word_1_175' title='bbox 737 1136 797 1159; x_wconf 91' lang='lat' dir='ltr'>eos</span> <span class='ocrx_word' id='word_1_176' title='bbox 832 1125 998 1169; x_wconf 90' lang='lat' dir='ltr'>episcopo</span> <span class='ocrx_word' id='word_1_177' title='bbox 1025 1137 1070 1158; x_wconf 82' lang='lat' dir='ltr'>ex</span> <span class='ocrx_word' id='word_1_178' title='bbox 1101 1124 1241 1158; x_wconf 89' lang='lat' dir='ltr'>iustitia</span> <span class='ocrx_word' id='word_1_179' title='bbox 1266 1124 1534 1164; x_wconf 84' lang='lat' dir='ltr'>commutativa,</span> <span class='ocrx_word' id='word_1_180' title='bbox 1562 1134 1669 1166; x_wconf 87' lang='lat' dir='ltr'>quam</span> <span class='ocrx_word' id='word_1_181' title='bbox 1694 1124 1836 1162; x_wconf 88' lang='lat' dir='ltr'>vocant,</span> 
     </span>
     <span class='ocr_line' id='line_1_18' title="bbox 78 1175 1838 1221; baseline -0.002 -8"><span class='ocrx_word' id='word_1_182' title='bbox 78 1179 241 1219; x_wconf 81' lang='lat' dir='ltr'>deberet3</span> <span class='ocrx_word' id='word_1_183' title='bbox 279 1178 536 1213; x_wconf 85' lang='lat' dir='ltr'>existimabant</span> <span class='ocrx_word' id='word_1_184' title='bbox 569 1180 701 1219; x_wconf 89' lang='lat' dir='ltr'>autem,</span> <span class='ocrx_word' id='word_1_185' title='bbox 736 1178 951 1213; x_wconf 85' lang='lat' dir='ltr'>Societatem</span> <span class='ocrx_word' id='word_1_186' title='bbox 987 1178 1030 1211; x_wconf 91' lang='lat' dir='ltr'>iis</span> <span class='ocrx_word' id='word_1_187' title='bbox 1058 1178 1183 1212; x_wconf 89' lang='lat' dir='ltr'>dandis</span> <span class='ocrx_word' id='word_1_188' title='bbox 1218 1179 1269 1211; x_wconf 87' lang='lat' dir='ltr'>ita</span> <span class='ocrx_word' id='word_1_189' title='bbox 1302 1188 1341 1210; x_wconf 89' lang='lat' dir='ltr'>se</span> <span class='ocrx_word' id='word_1_190' title='bbox 1367 1176 1525 1219; x_wconf 90' lang='lat' dir='ltr'>obligare</span> <span class='ocrx_word' id='word_1_191' title='bbox 1551 1187 1665 1221; x_wconf 88' lang='lat' dir='ltr'>posse,</span> <span class='ocrx_word' id='word_1_192' title='bbox 1700 1177 1741 1209; x_wconf 90' lang='lat' dir='ltr'>ut</span> <span class='ocrx_word' id='word_1_193' title='bbox 1770 1175 1838 1209; x_wconf 90' lang='lat' dir='ltr'>sibi</span> 
     </span>
     <span class='ocr_line' id='line_1_19' title="bbox 79 1228 1839 1278; baseline -0.003 -12"><span class='ocrx_word' id='word_1_194' title='bbox 79 1233 147 1278; x_wconf 89' lang='lat' dir='ltr'>ipsi</span> <span class='ocrx_word' id='word_1_195' title='bbox 173 1244 250 1266; x_wconf 88' lang='lat' dir='ltr'>eam</span> <span class='ocrx_word' id='word_1_196' title='bbox 277 1232 382 1266; x_wconf 89' lang='lat' dir='ltr'>fidem</span> <span class='ocrx_word' id='word_1_197' title='bbox 408 1235 593 1277; x_wconf 87' lang='lat' dir='ltr'>praestare</span> <span class='ocrx_word' id='word_1_198' title='bbox 624 1232 787 1272; x_wconf 88' lang='lat' dir='ltr'>deberet;</span> <span class='ocrx_word' id='word_1_199' title='bbox 824 1232 876 1266; x_wconf 88' lang='lat' dir='ltr'>ita</span> <span class='ocrx_word' id='word_1_200' title='bbox 902 1232 1012 1274; x_wconf 88' lang='lat' dir='ltr'>igitur</span> <span class='ocrx_word' id='word_1_201' title='bbox 1042 1232 1217 1265; x_wconf 87' lang='lat' dir='ltr'>communi</span> <span class='ocrx_word' id='word_1_202' title='bbox 1243 1241 1418 1265; x_wconf 89' lang='lat' dir='ltr'>consensu</span> <span class='ocrx_word' id='word_1_203' title='bbox 1443 1230 1585 1264; x_wconf 87' lang='lat' dir='ltr'>litterae</span> <span class='ocrx_word' id='word_1_204' title='bbox 1619 1228 1839 1262; x_wconf 84' lang='lat' dir='ltr'>fundationis</span> 
     </span>
     <span class='ocr_line' id='line_1_20' title="bbox 79 1282 1837 1331; baseline -0.002 -12"><span class='ocrx_word' id='word_1_205' title='bbox 79 1286 313 1331; x_wconf 83' lang='lat' dir='ltr'>conscriptae,</span> <span class='ocrx_word' id='word_1_206' title='bbox 348 1286 392 1319; x_wconf 87' lang='lat' dir='ltr'>ab</span> <span class='ocrx_word' id='word_1_207' title='bbox 419 1286 584 1330; x_wconf 86' lang='lat' dir='ltr'>episcopo</span> <span class='ocrx_word' id='word_1_208' title='bbox 611 1285 833 1319; x_wconf 88' lang='lat' dir='ltr'>sollemniter</span> <span class='ocrx_word' id='word_1_209' title='bbox 864 1284 1041 1328; x_wconf 88' lang='lat' dir='ltr'>signatae,</span> <span class='ocrx_word' id='word_1_210' title='bbox 1077 1284 1227 1318; x_wconf 84' lang='lat' dir='ltr'>Romam</span> <span class='ocrx_word' id='word_1_211' title='bbox 1262 1285 1394 1318; x_wconf 85' lang='lat' dir='ltr'>missae</span> <span class='ocrx_word' id='word_1_212' title='bbox 1420 1285 1504 1317; x_wconf 89' lang='lat' dir='ltr'>sunt</span> <span class='ocrx_word' id='word_1_213' title='bbox 1531 1283 1615 1322; x_wconf 86' lang='grc'>(366</span> <span class='ocrx_word' id='word_1_214' title='bbox 1641 1282 1740 1325; x_wconf 86' lang='grc'>440).</span> <span class='ocrx_word' id='word_1_215' title='bbox 1790 1282 1837 1315; x_wconf 87' lang='lat' dir='ltr'>At</span> 
     </span>
     <span class='ocr_line' id='line_1_21' title="bbox 82 1335 1839 1385; baseline -0.003 -12"><span class='ocrx_word' id='word_1_216' title='bbox 82 1340 234 1382; x_wconf 86' lang='lat' dir='ltr'>Borgiae</span> <span class='ocrx_word' id='word_1_217' title='bbox 261 1339 464 1385; x_wconf 90' lang='lat' dir='ltr'>praeposito</span> <span class='ocrx_word' id='word_1_218' title='bbox 483 1338 642 1382; x_wconf 89' lang='lat' dir='ltr'>generali</span> <span class='ocrx_word' id='word_1_219' title='bbox 668 1338 730 1372; x_wconf 87' lang='lat' dir='ltr'>illa</span> <span class='ocrx_word' id='word_1_220' title='bbox 754 1337 896 1372; x_wconf 88' lang='lat' dir='ltr'>Natalis</span> <span class='ocrx_word' id='word_1_221' title='bbox 923 1341 958 1372; x_wconf 87' lang='lat' dir='ltr'>et</span> <span class='ocrx_word' id='word_1_222' title='bbox 986 1338 1121 1372; x_wconf 84' lang='lat' dir='ltr'>Canisii</span> <span class='ocrx_word' id='word_1_223' title='bbox 1147 1337 1329 1372; x_wconf 86' lang='lat' dir='ltr'>subtilitas</span> <span class='ocrx_word' id='word_1_224' title='bbox 1348 1336 1531 1381; x_wconf 88' lang='lat' dir='ltr'>displicuit</span> <span class='ocrx_word' id='word_1_225' title='bbox 1550 1335 1671 1379; x_wconf 84' lang='grc'>(466);</span> <span class='ocrx_word' id='word_1_226' title='bbox 1698 1335 1839 1368; x_wconf 85' lang='lat' dir='ltr'>litteras</span> 
     </span>
     <span class='ocr_line' id='line_1_22' title="bbox 80 1387 1839 1436; baseline -0.003 -10"><span class='ocrx_word' id='word_1_227' title='bbox 80 1393 300 1434; x_wconf 87' lang='lat' dir='ltr'>confirmare,</span> <span class='ocrx_word' id='word_1_228' title='bbox 327 1394 520 1436; x_wconf 87' lang='lat' dir='ltr'>antequam</span> <span class='ocrx_word' id='word_1_229' title='bbox 547 1391 718 1435; x_wconf 88' lang='lat' dir='ltr'>obligatio</span> <span class='ocrx_word' id='word_1_230' title='bbox 744 1391 806 1425; x_wconf 89' lang='lat' dir='ltr'>illa</span> <span class='ocrx_word' id='word_1_231' title='bbox 832 1393 974 1425; x_wconf 90' lang='lat' dir='ltr'>omnino</span> <span class='ocrx_word' id='word_1_232' title='bbox 1000 1391 1143 1425; x_wconf 87' lang='lat' dir='ltr'>sublata.</span> <span class='ocrx_word' id='word_1_233' title='bbox 1169 1393 1276 1431; x_wconf 91' lang='lat' dir='ltr'>esset,</span> <span class='ocrx_word' id='word_1_234' title='bbox 1302 1390 1485 1424; x_wconf 85' lang='lat' dir='ltr'>recusavit</span> <span class='ocrx_word' id='word_1_235' title='bbox 1512 1389 1623 1432; x_wconf 90' lang='lat'>(466).</span> <span class='ocrx_word' id='word_1_236' title='bbox 1663 1387 1839 1426; x_wconf 80' lang='lat' dir='ltr'>canisius,</span> 
     </span>
     <span class='ocr_line' id='line_1_23' title="bbox 81 1442 1839 1491; baseline -0.003 -11"><span class='ocrx_word' id='word_1_237' title='bbox 81 1457 162 1480; x_wconf 90' lang='lat' dir='ltr'>cum</span> <span class='ocrx_word' id='word_1_238' title='bbox 180 1447 213 1480; x_wconf 87' lang='lat' dir='ltr'>id</span> <span class='ocrx_word' id='word_1_239' title='bbox 233 1447 440 1491; x_wconf 86' lang='lat' dir='ltr'>accepisset,</span> <span class='ocrx_word' id='word_1_240' title='bbox 464 1446 657 1488; x_wconf 88' lang='lat' dir='ltr'>ingemuit;</span> <span class='ocrx_word' id='word_1_241' title='bbox 686 1444 848 1488; x_wconf 87' lang='lat' dir='ltr'>Borgiae,</span> <span class='ocrx_word' id='word_1_242' title='bbox 876 1447 1011 1489; x_wconf 86' lang='lat' dir='ltr'>quanta</span> <span class='ocrx_word' id='word_1_243' title='bbox 1028 1444 1250 1479; x_wconf 87' lang='lat' dir='ltr'>incommoda</span> <span class='ocrx_word' id='word_1_244' title='bbox 1269 1454 1314 1477; x_wconf 82' lang='lat' dir='ltr'>ex</span> <span class='ocrx_word' id='word_1_245' title='bbox 1334 1443 1410 1477; x_wconf 90' lang='lat' dir='ltr'>eius</span> <span class='ocrx_word' id='word_1_246' title='bbox 1427 1442 1651 1476; x_wconf 83' lang='lat' dir='ltr'>recusatione</span> <span class='ocrx_word' id='word_1_247' title='bbox 1671 1444 1839 1475; x_wconf 84' lang='lat' dir='ltr'>secutura</span> 
     </span>
     <span class='ocr_line' id='line_1_24' title="bbox 81 1493 1839 1544; baseline -0.003 -11"><span class='ocrx_word' id='word_1_248' title='bbox 81 1502 212 1541; x_wconf 86' lang='lat' dir='ltr'>essent,</span> <span class='ocrx_word' id='word_1_249' title='bbox 240 1500 406 1544; x_wconf 81' lang='lat' dir='ltr'>exposuit</span> <span class='ocrx_word' id='word_1_250' title='bbox 434 1498 518 1542; x_wconf 87' lang='lat'>(419</span> <span class='ocrx_word' id='word_1_251' title='bbox 543 1499 651 1542; x_wconf 87' lang='lat'>430);</span> <span class='ocrx_word' id='word_1_252' title='bbox 683 1499 862 1541; x_wconf 80' lang='lat' dir='ltr'>„verum“‚</span> <span class='ocrx_word' id='word_1_253' title='bbox 889 1499 1014 1542; x_wconf 88' lang='lat' dir='ltr'>inquit,</span> <span class='ocrx_word' id='word_1_254' title='bbox 1045 1498 1121 1541; x_wconf 86' lang='lat' dir='ltr'>„his</span> <span class='ocrx_word' id='word_1_255' title='bbox 1148 1497 1310 1531; x_wconf 88' lang='lat' dir='ltr'>omnibus</span> <span class='ocrx_word' id='word_1_256' title='bbox 1335 1508 1406 1530; x_wconf 88' lang='lat' dir='ltr'>non</span> <span class='ocrx_word' id='word_1_257' title='bbox 1431 1496 1482 1530; x_wconf 85' lang='lat' dir='ltr'>ita</span> <span class='ocrx_word' id='word_1_258' title='bbox 1507 1507 1661 1536; x_wconf 87' lang='lat' dir='ltr'>moveor,</span> <span class='ocrx_word' id='word_1_259' title='bbox 1688 1497 1726 1528; x_wconf 89' lang='lat' dir='ltr'>ut</span> <span class='ocrx_word' id='word_1_260' title='bbox 1753 1493 1839 1527; x_wconf 87' lang='lat' dir='ltr'>mihi</span> 
     </span>
     <span class='ocr_line' id='line_1_25' title="bbox 81 1547 1839 1596; baseline -0.003 -10"><span class='ocrx_word' id='word_1_261' title='bbox 81 1552 332 1586; x_wconf 88' lang='lat' dir='ltr'>discedendum</span> <span class='ocrx_word' id='word_1_262' title='bbox 368 1554 488 1596; x_wconf 90' lang='lat' dir='ltr'>putem</span> <span class='ocrx_word' id='word_1_263' title='bbox 527 1563 548 1586; x_wconf 86' lang='lat' dir='ltr'>a</span> <span class='ocrx_word' id='word_1_264' title='bbox 586 1551 765 1586; x_wconf 87' lang='lat' dir='ltr'>sententia</span> <span class='ocrx_word' id='word_1_265' title='bbox 799 1551 897 1585; x_wconf 88' lang='lat' dir='ltr'>Tuae</span> <span class='ocrx_word' id='word_1_266' title='bbox 932 1550 1180 1592; x_wconf 86' lang='lat' dir='ltr'>Paternitatis,</span> <span class='ocrx_word' id='word_1_267' title='bbox 1220 1552 1260 1584; x_wconf 88' lang='lat' dir='ltr'>ut</span> <span class='ocrx_word' id='word_1_268' title='bbox 1295 1561 1386 1594; x_wconf 87' lang='lat' dir='ltr'>quae</span> <span class='ocrx_word' id='word_1_269' title='bbox 1420 1551 1540 1593; x_wconf 89' lang='lat' dir='ltr'>potest</span> <span class='ocrx_word' id='word_1_270' title='bbox 1577 1551 1614 1582; x_wconf 92' lang='lat' dir='ltr'>et</span> <span class='ocrx_word' id='word_1_271' title='bbox 1648 1547 1753 1581; x_wconf 89' lang='lat' dir='ltr'>debet</span> <span class='ocrx_word' id='word_1_272' title='bbox 1787 1558 1839 1587; x_wconf 90' lang='lat' dir='ltr'>ea,</span> 
     </span>
     <span class='ocr_line' id='line_1_26' title="bbox 82 1599 1838 1649; baseline -0.004 -9"><span class='ocrx_word' id='word_1_273' title='bbox 82 1617 173 1649; x_wconf 89' lang='lat' dir='ltr'>quae</span> <span class='ocrx_word' id='word_1_274' title='bbox 209 1617 229 1639; x_wconf 91' lang='lat' dir='ltr'>a</span> <span class='ocrx_word' id='word_1_275' title='bbox 254 1605 338 1640; x_wconf 89' lang='lat' dir='ltr'>filiis</span> <span class='ocrx_word' id='word_1_276' title='bbox 364 1606 636 1639; x_wconf 89' lang='lat' dir='ltr'>committuntur</span> <span class='ocrx_word' id='word_1_277' title='bbox 662 1604 870 1649; x_wconf 87' lang='lat' dir='ltr'>improvide,</span> <span class='ocrx_word' id='word_1_278' title='bbox 906 1616 970 1649; x_wconf 87' lang='lat' dir='ltr'>pro</span> <span class='ocrx_word' id='word_1_279' title='bbox 996 1604 1188 1638; x_wconf 87' lang='lat' dir='ltr'>autoritate</span> <span class='ocrx_word' id='word_1_280' title='bbox 1215 1614 1280 1637; x_wconf 86' lang='lat' dir='ltr'>sua</span> <span class='ocrx_word' id='word_1_281' title='bbox 1306 1602 1484 1645; x_wconf 87' lang='lat' dir='ltr'>corrigere</span> <span class='ocrx_word' id='word_1_282' title='bbox 1519 1605 1627 1645; x_wconf 89' lang='lat' dir='ltr'>atque</span> <span class='ocrx_word' id='word_1_283' title='bbox 1661 1599 1838 1645; x_wconf 88' lang='lat' dir='ltr'>supplere.</span> 
     </span>
     <span class='ocr_line' id='line_1_27' title="bbox 84 1653 1839 1701; baseline -0.004 -8"><span class='ocrx_word' id='word_1_284' title='bbox 84 1658 306 1693; x_wconf 85' lang='lat' dir='ltr'>Vindicanda</span> <span class='ocrx_word' id='word_1_285' title='bbox 324 1661 380 1693; x_wconf 90' lang='lat' dir='ltr'>est</span> <span class='ocrx_word' id='word_1_286' title='bbox 397 1659 553 1693; x_wconf 88' lang='lat' dir='ltr'>instituti</span> <span class='ocrx_word' id='word_1_287' title='bbox 571 1658 678 1692; x_wconf 90' lang='lat' dir='ltr'>huius</span> <span class='ocrx_word' id='word_1_288' title='bbox 695 1657 855 1698; x_wconf 87' lang='lat' dir='ltr'>libertas,</span> <span class='ocrx_word' id='word_1_289' title='bbox 881 1657 1138 1691; x_wconf 87' lang='lat' dir='ltr'>inhaerendum</span> <span class='ocrx_word' id='word_1_290' title='bbox 1156 1655 1390 1701; x_wconf 85' lang='lat' dir='ltr'>praescriptis</span> <span class='ocrx_word' id='word_1_291' title='bbox 1409 1655 1560 1697; x_wconf 86' lang='lat' dir='ltr'>legibus,</span> <span class='ocrx_word' id='word_1_292' title='bbox 1579 1653 1839 1699; x_wconf 89' lang='lat' dir='ltr'>praevertenda</span> 
     </span>
     <span class='ocr_line' id='line_1_28' title="bbox 83 1706 1840 1756; baseline -0.003 -10"><span class='ocrx_word' id='word_1_293' title='bbox 83 1711 242 1756; x_wconf 87' lang='lat' dir='ltr'>pericula</span> <span class='ocrx_word' id='word_1_294' title='bbox 269 1714 304 1745; x_wconf 90' lang='lat' dir='ltr'>et</span> <span class='ocrx_word' id='word_1_295' title='bbox 330 1712 562 1753; x_wconf 87' lang='lat' dir='ltr'>incommoda,</span> <span class='ocrx_word' id='word_1_296' title='bbox 587 1723 678 1755; x_wconf 86' lang='lat' dir='ltr'>quae</span> <span class='ocrx_word' id='word_1_297' title='bbox 696 1713 802 1756; x_wconf 86' lang='lat' dir='ltr'>pacta</span> <span class='ocrx_word' id='word_1_298' title='bbox 820 1711 882 1745; x_wconf 85' lang='lat' dir='ltr'>illa</span> <span class='ocrx_word' id='word_1_299' title='bbox 904 1722 1026 1745; x_wconf 88' lang='lat' dir='ltr'>secum</span> <span class='ocrx_word' id='word_1_300' title='bbox 1053 1711 1192 1744; x_wconf 88' lang='lat' dir='ltr'>adferre</span> <span class='ocrx_word' id='word_1_301' title='bbox 1218 1710 1397 1750; x_wconf 89' lang='lat' dir='ltr'>videntur,</span> <span class='ocrx_word' id='word_1_302' title='bbox 1423 1708 1454 1742; x_wconf 92' lang='lat' dir='ltr'>si</span> <span class='ocrx_word' id='word_1_303' title='bbox 1479 1707 1690 1752; x_wconf 88' lang='lat' dir='ltr'>simpliciter</span> <span class='ocrx_word' id='word_1_304' title='bbox 1715 1706 1840 1741; x_wconf 85' lang='lat' dir='ltr'>admit-</span> 
     </span>
     <span class='ocr_line' id='line_1_29' title="bbox 82 1760 1839 1809; baseline -0.003 -10"><span class='ocrx_word' id='word_1_305' title='bbox 82 1767 204 1799; x_wconf 83' lang='lat' dir='ltr'>tantur</span> <span class='ocrx_word' id='word_1_306' title='bbox 238 1767 345 1809; x_wconf 87' lang='lat' dir='ltr'>atque</span> <span class='ocrx_word' id='word_1_307' title='bbox 379 1765 651 1799; x_wconf 82' lang='lat' dir='ltr'>confi1·mentur“</span> <span class='ocrx_word' id='word_1_308' title='bbox 693 1764 806 1807; x_wconf 85' lang='lat'>(431).</span> <span class='ocrx_word' id='word_1_309' title='bbox 857 1763 959 1798; x_wconf 88' lang='lat' dir='ltr'>Nova</span> <span class='ocrx_word' id='word_1_310' title='bbox 994 1766 1118 1809; x_wconf 87' lang='lat' dir='ltr'>postea</span> <span class='ocrx_word' id='word_1_311' title='bbox 1148 1762 1345 1797; x_wconf 87' lang='lat' dir='ltr'>difficultas</span> <span class='ocrx_word' id='word_1_312' title='bbox 1371 1761 1543 1802; x_wconf 85' lang='lat' dir='ltr'>accessit;</span> <span class='ocrx_word' id='word_1_313' title='bbox 1572 1760 1721 1804; x_wconf 83' lang='lat' dir='ltr'>Borgias</span> <span class='ocrx_word' id='word_1_314' title='bbox 1749 1760 1839 1794; x_wconf 88' lang='lat'>1500</span> 
     </span>
     <span class='ocr_line' id='line_1_30' title="bbox 83 1813 1841 1862; baseline -0.004 -9"><span class='ocrx_word' id='word_1_315' title='bbox 83 1818 307 1860; x_wconf 87' lang='lat' dir='ltr'>florenorum,</span> <span class='ocrx_word' id='word_1_316' title='bbox 339 1818 468 1862; x_wconf 89' lang='lat' dir='ltr'>quibus</span> <span class='ocrx_word' id='word_1_317' title='bbox 494 1818 684 1861; x_wconf 86' lang='lat' dir='ltr'>collegium</span> <span class='ocrx_word' id='word_1_318' title='bbox 711 1818 903 1851; x_wconf 87' lang='lat' dir='ltr'>dotandum</span> <span class='ocrx_word' id='word_1_319' title='bbox 930 1820 1017 1858; x_wconf 88' lang='lat' dir='ltr'>erat,</span> <span class='ocrx_word' id='word_1_320' title='bbox 1043 1817 1187 1850; x_wconf 91' lang='lat' dir='ltr'>tertiam</span> <span class='ocrx_word' id='word_1_321' title='bbox 1214 1818 1352 1860; x_wconf 83' lang='lat' dir='ltr'>partem</span> <span class='ocrx_word' id='word_1_322' title='bbox 1381 1814 1510 1849; x_wconf 88' lang='lat' dir='ltr'>salario</span> <span class='ocrx_word' id='word_1_323' title='bbox 1537 1813 1841 1848; x_wconf 88' lang='lat' dir='ltr'>contionatoribus</span> 
     </span>
     <span class='ocr_line' id='line_1_31' title="bbox 85 1866 1841 1913; baseline -0.003 -7"><span class='ocrx_word' id='word_1_324' title='bbox 85 1871 257 1906; x_wconf 87' lang='lat' dir='ltr'>ecclesiae</span> <span class='ocrx_word' id='word_1_325' title='bbox 292 1871 509 1906; x_wconf 86' lang='lat' dir='ltr'>cathedralis</span> <span class='ocrx_word' id='word_1_326' title='bbox 543 1871 748 1905; x_wconf 88' lang='lat' dir='ltr'>obvenienti</span> <span class='ocrx_word' id='word_1_327' title='bbox 774 1871 944 1905; x_wconf 87' lang='lat' dir='ltr'>constitui</span> <span class='ocrx_word' id='word_1_328' title='bbox 969 1869 1168 1910; x_wconf 79' lang='lat' dir='ltr'>intellexit;</span> <span class='ocrx_word' id='word_1_329' title='bbox 1203 1869 1296 1903; x_wconf 90' lang='lat' dir='ltr'>hanc</span> <span class='ocrx_word' id='word_1_330' title='bbox 1333 1868 1521 1913; x_wconf 88' lang='lat' dir='ltr'>pecuniam</span> <span class='ocrx_word' id='word_1_331' title='bbox 1558 1866 1699 1901; x_wconf 88' lang='lat' dir='ltr'>admitti</span> <span class='ocrx_word' id='word_1_332' title='bbox 1737 1877 1841 1911; x_wconf 88' lang='lat' dir='ltr'>posse</span> 
     </span>
     <span class='ocr_line' id='line_1_32' title="bbox 86 1920 1841 1968; baseline -0.003 -9"><span class='ocrx_word' id='word_1_333' title='bbox 86 1925 250 1968; x_wconf 83' lang='lat' dir='ltr'>negavit3</span> <span class='ocrx_word' id='word_1_334' title='bbox 287 1925 503 1959; x_wconf 89' lang='lat' dir='ltr'>dotationem</span> <span class='ocrx_word' id='word_1_335' title='bbox 539 1924 711 1959; x_wconf 89' lang='lat' dir='ltr'>eiusmodi</span> <span class='ocrx_word' id='word_1_336' title='bbox 747 1936 852 1958; x_wconf 90' lang='lat' dir='ltr'>onere</span> <span class='ocrx_word' id='word_1_337' title='bbox 882 1924 1031 1958; x_wconf 87' lang='lat' dir='ltr'>liberam</span> <span class='ocrx_word' id='word_1_338' title='bbox 1057 1935 1136 1957; x_wconf 90' lang='lat' dir='ltr'>esse</span> <span class='ocrx_word' id='word_1_339' title='bbox 1163 1923 1291 1956; x_wconf 91' lang='lat' dir='ltr'>debere</span> <span class='ocrx_word' id='word_1_340' title='bbox 1320 1921 1433 1965; x_wconf 87' lang='lat'>(466).</span> <span class='ocrx_word' id='word_1_341' title='bbox 1484 1920 1625 1955; x_wconf 90' lang='lat' dir='ltr'>Natalis</span> <span class='ocrx_word' id='word_1_342' title='bbox 1661 1921 1771 1964; x_wconf 84' lang='lat' dir='ltr'>igitur</span> <span class='ocrx_word' id='word_1_343' title='bbox 1806 1923 1841 1954; x_wconf 89' lang='lat' dir='ltr'>et</span> 
     </span>
     <span class='ocr_line' id='line_1_33' title="bbox 85 1973 1840 2022; baseline -0.003 -10"><span class='ocrx_word' id='word_1_344' title='bbox 85 1977 260 2019; x_wconf 73' lang='lat' dir='ltr'>canisius,</span> <span class='ocrx_word' id='word_1_345' title='bbox 297 1977 516 2022; x_wconf 89' lang='lat' dir='ltr'>Herbipolim</span> <span class='ocrx_word' id='word_1_346' title='bbox 552 1978 666 2011; x_wconf 88' lang='lat' dir='ltr'>denuo</span> <span class='ocrx_word' id='word_1_347' title='bbox 692 1977 852 2022; x_wconf 86' lang='lat' dir='ltr'>profecti,</span> <span class='ocrx_word' id='word_1_348' title='bbox 884 1977 1100 2022; x_wconf 87' lang='lat' dir='ltr'>episcopum,</span> <span class='ocrx_word' id='word_1_349' title='bbox 1128 1976 1270 2010; x_wconf 88' lang='lat' dir='ltr'>Canisio</span> <span class='ocrx_word' id='word_1_350' title='bbox 1301 1975 1447 2017; x_wconf 85' lang='lat' dir='ltr'>„ducem</span> <span class='ocrx_word' id='word_1_351' title='bbox 1473 1974 1593 2007; x_wconf 88' lang='lat' dir='ltr'>verbi“</span> <span class='ocrx_word' id='word_1_352' title='bbox 1624 1976 1763 2016; x_wconf 81' lang='lat' dir='ltr'>agente,</span> <span class='ocrx_word' id='word_1_353' title='bbox 1798 1973 1840 2006; x_wconf 88' lang='lat' dir='ltr'>de</span> 
     </span>
     <span class='ocr_line' id='line_1_34' title="bbox 86 2026 1841 2076; baseline -0.004 -10"><span class='ocrx_word' id='word_1_354' title='bbox 86 2032 279 2076; x_wconf 85' lang='lat' dir='ltr'>praepositi</span> <span class='ocrx_word' id='word_1_355' title='bbox 305 2031 483 2074; x_wconf 86' lang='lat' dir='ltr'>generalis</span> <span class='ocrx_word' id='word_1_356' title='bbox 510 2031 694 2065; x_wconf 86' lang='lat' dir='ltr'>voluntate</span> <span class='ocrx_word' id='word_1_357' title='bbox 720 2031 907 2065; x_wconf 88' lang='lat' dir='ltr'>certiorem</span> <span class='ocrx_word' id='word_1_358' title='bbox 935 2030 1177 2069; x_wconf 87' lang='lat' dir='ltr'>reddiderunt;</span> <span class='ocrx_word' id='word_1_359' title='bbox 1207 2028 1390 2072; x_wconf 86' lang='lat' dir='ltr'>obstupuit</span> <span class='ocrx_word' id='word_1_360' title='bbox 1416 2027 1476 2061; x_wconf 90' lang='lat' dir='ltr'>ille</span> <span class='ocrx_word' id='word_1_361' title='bbox 1503 2030 1538 2061; x_wconf 91' lang='lat' dir='ltr'>et</span> <span class='ocrx_word' id='word_1_362' title='bbox 1564 2026 1771 2070; x_wconf 86' lang='lat' dir='ltr'>indignatus</span> <span class='ocrx_word' id='word_1_363' title='bbox 1797 2038 1841 2060; x_wconf 86' lang='lat' dir='ltr'>ex</span> 
     </span>
     <span class='ocr_line' id='line_1_35' title="bbox 86 2080 1841 2128; baseline -0.004 -9"><span class='ocrx_word' id='word_1_364' title='bbox 86 2085 248 2119; x_wconf 89' lang='lat' dir='ltr'>conclavi</span> <span class='ocrx_word' id='word_1_365' title='bbox 275 2085 380 2125; x_wconf 86' lang='lat' dir='ltr'>abiit;</span> <span class='ocrx_word' id='word_1_366' title='bbox 408 2084 470 2118; x_wconf 89' lang='lat' dir='ltr'>sed</span> <span class='ocrx_word' id='word_1_367' title='bbox 489 2084 642 2124; x_wconf 86' lang='lat' dir='ltr'>tandem,</span> <span class='ocrx_word' id='word_1_368' title='bbox 662 2084 795 2118; x_wconf 79' lang='lat' dir='ltr'>Canisii</span> <span class='ocrx_word' id='word_1_369' title='bbox 821 2083 1025 2128; x_wconf 85' lang='lat' dir='ltr'>eloquentia</span> <span class='ocrx_word' id='word_1_370' title='bbox 1047 2083 1174 2123; x_wconf 87' lang='lat' dir='ltr'>victus,</span> <span class='ocrx_word' id='word_1_371' title='bbox 1202 2082 1319 2116; x_wconf 89' lang='lat' dir='ltr'>omnia</span> <span class='ocrx_word' id='word_1_372' title='bbox 1337 2081 1515 2115; x_wconf 87' lang='lat' dir='ltr'>concessit</span> <span class='ocrx_word' id='word_1_373' title='bbox 1535 2080 1648 2124; x_wconf 87' lang='grc'>(709).</span> <span class='ocrx_word' id='word_1_374' title='bbox 1686 2080 1841 2113; x_wconf 89' lang='lat' dir='ltr'>Messem</span> 
     </span>
     <span class='ocr_line' id='line_1_36' title="bbox 87 2134 1431 2183; baseline -0.004 -10"><span class='ocrx_word' id='word_1_375' title='bbox 87 2138 368 2183; x_wconf 89' lang='lat' dir='ltr'>herbipolensem</span> <span class='ocrx_word' id='word_1_376' title='bbox 395 2137 670 2182; x_wconf 87' lang='lat' dir='ltr'>pulcherrimam</span> <span class='ocrx_word' id='word_1_377' title='bbox 697 2137 773 2171; x_wconf 86' lang='lat' dir='ltr'>fore</span> <span class='ocrx_word' id='word_1_378' title='bbox 799 2137 980 2182; x_wconf 80' lang='lat' dir='ltr'>praedixit</span> <span class='ocrx_word' id='word_1_379' title='bbox 1006 2136 1171 2170; x_wconf 88' lang='lat' dir='ltr'>Canisius</span> <span class='ocrx_word' id='word_1_380' title='bbox 1200 2134 1431 2179; x_wconf 87' lang='grc'>(366-367).</span> 
     </span>
    </p>

    <p class='ocr_par' dir='ltr' id='par_1_3' title="bbox 86 2186 1845 3244">
     <span class='ocr_line' id='line_1_37' title="bbox 205 2186 1842 2234; baseline -0.004 -9"><span class='ocrx_word' id='word_1_381' title='bbox 205 2191 311 2225; x_wconf 89' lang='lat' dir='ltr'>Aliud</span> <span class='ocrx_word' id='word_1_382' title='bbox 337 2190 581 2225; x_wconf 87' lang='lat' dir='ltr'>molestiarum</span> <span class='ocrx_word' id='word_1_383' title='bbox 608 2202 721 2233; x_wconf 89' lang='lat' dir='ltr'>genus</span> <span class='ocrx_word' id='word_1_384' title='bbox 749 2189 890 2224; x_wconf 85' lang='lat' dir='ltr'>Canisio</span> <span class='ocrx_word' id='word_1_385' title='bbox 917 2189 1119 2234; x_wconf 87' lang='lat' dir='ltr'>praeposito</span> <span class='ocrx_word' id='word_1_386' title='bbox 1146 2187 1357 2233; x_wconf 84' lang='lat' dir='ltr'>provinciali</span> <span class='ocrx_word' id='word_1_387' title='bbox 1383 2186 1558 2231; x_wconf 85' lang='lat' dir='ltr'>parabant</span> <span class='ocrx_word' id='word_1_388' title='bbox 1580 2186 1842 2220; x_wconf 87' lang='lat' dir='ltr'>contionatores</span> 
     </span>
     <span class='ocr_line' id='line_1_38' title="bbox 86 2240 1840 2289; baseline -0.004 -10"><span class='ocrx_word' id='word_1_389' title='bbox 86 2245 208 2289; x_wconf 88' lang='lat' dir='ltr'>aliqui.</span> <span class='ocrx_word' id='word_1_390' title='bbox 259 2245 297 2278; x_wconf 93' lang='lat' dir='ltr'>P.</span> <span class='ocrx_word' id='word_1_391' title='bbox 325 2244 479 2287; x_wconf 85' lang='lat' dir='ltr'>Georgio</span> <span class='ocrx_word' id='word_1_392' title='bbox 505 2243 720 2282; x_wconf 79' lang='lat' dir='ltr'>Schorichio,</span> <span class='ocrx_word' id='word_1_393' title='bbox 756 2242 936 2277; x_wconf 88' lang='lat' dir='ltr'>Monachii</span> <span class='ocrx_word' id='word_1_394' title='bbox 972 2241 1201 2281; x_wconf 85' lang='lat' dir='ltr'>contionanti,</span> <span class='ocrx_word' id='word_1_395' title='bbox 1236 2241 1384 2275; x_wconf 89' lang='lat' dir='ltr'>nimium</span> <span class='ocrx_word' id='word_1_396' title='bbox 1419 2242 1497 2274; x_wconf 87' lang='lat' dir='ltr'>erat</span> <span class='ocrx_word' id='word_1_397' title='bbox 1531 2240 1732 2273; x_wconf 87' lang='lat' dir='ltr'>commercii</span> <span class='ocrx_word' id='word_1_398' title='bbox 1761 2251 1840 2273; x_wconf 89' lang='lat' dir='ltr'>cum</span> 
     </span>
     <span class='ocr_line' id='line_1_39' title="bbox 86 2291 1842 2341; baseline -0.005 -9"><span class='ocrx_word' id='word_1_399' title='bbox 86 2299 187 2333; x_wconf 90' lang='lat' dir='ltr'>ducis</span> <span class='ocrx_word' id='word_1_400' title='bbox 212 2297 348 2332; x_wconf 86' lang='lat' dir='ltr'>familia</span> <span class='ocrx_word' id='word_1_401' title='bbox 374 2301 410 2331; x_wconf 90' lang='lat' dir='ltr'>et</span> <span class='ocrx_word' id='word_1_402' title='bbox 435 2296 562 2331; x_wconf 90' lang='lat' dir='ltr'>aulicis</span> <span class='ocrx_word' id='word_1_403' title='bbox 590 2297 650 2340; x_wconf 84' lang='lat'>(89</span> <span class='ocrx_word' id='word_1_404' title='bbox 677 2297 782 2340; x_wconf 85' lang='grc'>322);</span> <span class='ocrx_word' id='word_1_405' title='bbox 810 2297 904 2341; x_wconf 89' lang='lat' dir='ltr'>quod</span> <span class='ocrx_word' id='word_1_406' title='bbox 926 2308 970 2330; x_wconf 92' lang='lat' dir='ltr'>ne</span> <span class='ocrx_word' id='word_1_407' title='bbox 988 2299 1073 2329; x_wconf 89' lang='lat' dir='ltr'>tunc</span> <span class='ocrx_word' id='word_1_408' title='bbox 1091 2295 1234 2340; x_wconf 87' lang='lat' dir='ltr'>quidem</span> <span class='ocrx_word' id='word_1_409' title='bbox 1253 2293 1494 2328; x_wconf 86' lang='lat' dir='ltr'>intermissum</span> <span class='ocrx_word' id='word_1_410' title='bbox 1514 2296 1578 2333; x_wconf 88' lang='lat' dir='ltr'>est,</span> <span class='ocrx_word' id='word_1_411' title='bbox 1606 2304 1685 2326; x_wconf 91' lang='lat' dir='ltr'>cum</span> <span class='ocrx_word' id='word_1_412' title='bbox 1704 2291 1842 2326; x_wconf 85' lang='lat' dir='ltr'>Schori-</span> 
     </span>
     <span class='ocr_line' id='line_1_40' title="bbox 88 2346 1843 2394; baseline -0.005 -9"><span class='ocrx_word' id='word_1_413' title='bbox 88 2351 188 2386; x_wconf 91' lang='lat' dir='ltr'>chius</span> <span class='ocrx_word' id='word_1_414' title='bbox 223 2351 420 2385; x_wconf 84' lang='lat' dir='ltr'>studiorum</span> <span class='ocrx_word' id='word_1_415' title='bbox 457 2350 738 2394; x_wconf 90' lang='lat' dir='ltr'>theologicorum</span> <span class='ocrx_word' id='word_1_416' title='bbox 773 2361 881 2384; x_wconf 88' lang='lat' dir='ltr'>causa</span> <span class='ocrx_word' id='word_1_417' title='bbox 908 2361 928 2384; x_wconf 90' lang='lat' dir='ltr'>a</span> <span class='ocrx_word' id='word_1_418' title='bbox 955 2349 1096 2383; x_wconf 88' lang='lat' dir='ltr'>Canisio</span> <span class='ocrx_word' id='word_1_419' title='bbox 1126 2349 1161 2381; x_wconf 93' lang='lat' dir='ltr'>in</span> <span class='ocrx_word' id='word_1_420' title='bbox 1188 2347 1376 2390; x_wconf 87' lang='lat' dir='ltr'>collegium</span> <span class='ocrx_word' id='word_1_421' title='bbox 1411 2357 1595 2379; x_wconf 87' lang='lat' dir='ltr'>romanum</span> <span class='ocrx_word' id='word_1_422' title='bbox 1631 2346 1843 2379; x_wconf 86' lang='lat' dir='ltr'>amandatus</span> 
     </span>
     <span class='ocr_line' id='line_1_41' title="bbox 88 2398 1839 2447; baseline -0.005 -8"><span class='ocrx_word' id='word_1_423' title='bbox 88 2408 200 2445; x_wconf 89' lang='lat' dir='ltr'>esset;</span> <span class='ocrx_word' id='word_1_424' title='bbox 237 2404 350 2438; x_wconf 86' lang='lat' dir='ltr'>multa</span> <span class='ocrx_word' id='word_1_425' title='bbox 384 2416 429 2438; x_wconf 84' lang='lat' dir='ltr'>ex</span> <span class='ocrx_word' id='word_1_426' title='bbox 455 2404 551 2438; x_wconf 90' lang='lat' dir='ltr'>Urbe</span> <span class='ocrx_word' id='word_1_427' title='bbox 585 2403 765 2438; x_wconf 87' lang='lat' dir='ltr'>scribebat</span> <span class='ocrx_word' id='word_1_428' title='bbox 796 2415 908 2447; x_wconf 86' lang='lat' dir='ltr'>eaque</span> <span class='ocrx_word' id='word_1_429' title='bbox 941 2402 1183 2447; x_wconf 89' lang='lat' dir='ltr'>imprudenter</span> <span class='ocrx_word' id='word_1_430' title='bbox 1209 2401 1292 2444; x_wconf 89' lang='grc'>(387</span> <span class='ocrx_word' id='word_1_431' title='bbox 1320 2400 1425 2443; x_wconf 90' lang='grc'>474);</span> <span class='ocrx_word' id='word_1_432' title='bbox 1455 2399 1624 2433; x_wconf 89' lang='lat' dir='ltr'>Albertus</span> <span class='ocrx_word' id='word_1_433' title='bbox 1650 2398 1704 2435; x_wconf 67' lang='lat' dir='ltr'>V„</span> <span class='ocrx_word' id='word_1_434' title='bbox 1740 2403 1778 2432; x_wconf 89' lang='lat' dir='ltr'>ut</span> <span class='ocrx_word' id='word_1_435' title='bbox 1806 2400 1839 2432; x_wconf 89' lang='lat' dir='ltr'>in</span> 
     </span>
     <span class='ocr_line' id='line_1_42' title="bbox 88 2452 1842 2500; baseline -0.005 -8"><span class='ocrx_word' id='word_1_436' title='bbox 88 2459 208 2493; x_wconf 87' lang='lat' dir='ltr'>Socios</span> <span class='ocrx_word' id='word_1_437' title='bbox 233 2458 385 2492; x_wconf 89' lang='lat' dir='ltr'>multum</span> <span class='ocrx_word' id='word_1_438' title='bbox 419 2457 486 2491; x_wconf 88' lang='lat' dir='ltr'>sibi</span> <span class='ocrx_word' id='word_1_439' title='bbox 512 2457 676 2491; x_wconf 85' lang='lat' dir='ltr'>sumebat</span> <span class='ocrx_word' id='word_1_440' title='bbox 704 2457 818 2500; x_wconf 83' lang='lat'>(527),</span> <span class='ocrx_word' id='word_1_441' title='bbox 844 2457 894 2490; x_wconf 89' lang='lat' dir='ltr'>ita</span> <span class='ocrx_word' id='word_1_442' title='bbox 921 2455 1167 2490; x_wconf 85' lang='lat' dir='ltr'>Schorichium</span> <span class='ocrx_word' id='word_1_443' title='bbox 1196 2466 1277 2488; x_wconf 85' lang='lat' dir='ltr'>mox</span> <span class='ocrx_word' id='word_1_444' title='bbox 1304 2454 1414 2487; x_wconf 86' lang='lat' dir='ltr'>Roma</span> <span class='ocrx_word' id='word_1_445' title='bbox 1443 2465 1462 2486; x_wconf 84' lang='lat' dir='ltr'>a</span> <span class='ocrx_word' id='word_1_446' title='bbox 1488 2464 1526 2486; x_wconf 89' lang='lat' dir='ltr'>se</span> <span class='ocrx_word' id='word_1_447' title='bbox 1553 2456 1759 2486; x_wconf 86' lang='lat' dir='ltr'>revocatum</span> <span class='ocrx_word' id='word_1_448' title='bbox 1788 2452 1842 2491; x_wconf 85' lang='lat' dir='ltr'>iri,</span> 
     </span>
     <span class='ocr_line' id='line_1_43' title="bbox 89 2504 1844 2556; baseline -0.005 -11"><span class='ocrx_word' id='word_1_449' title='bbox 89 2511 290 2556; x_wconf 89' lang='lat' dir='ltr'>(promissa,</span> <span class='ocrx_word' id='word_1_450' title='bbox 317 2514 357 2544; x_wconf 90' lang='lat' dir='ltr'>ut</span> <span class='ocrx_word' id='word_1_451' title='bbox 382 2510 533 2551; x_wconf 87' lang='lat' dir='ltr'>videtur,</span> <span class='ocrx_word' id='word_1_452' title='bbox 561 2510 638 2544; x_wconf 91' lang='lat' dir='ltr'>eius</span> <span class='ocrx_word' id='word_1_453' title='bbox 663 2521 770 2555; x_wconf 89' lang='lat' dir='ltr'>opera</span> <span class='ocrx_word' id='word_1_454' title='bbox 796 2510 915 2544; x_wconf 87' lang='lat' dir='ltr'>comiti</span> <span class='ocrx_word' id='word_1_455' title='bbox 934 2508 1209 2550; x_wconf 89' lang='lat' dir='ltr'>Helfensteinio)</span> <span class='ocrx_word' id='word_1_456' title='bbox 1239 2506 1485 2552; x_wconf 84' lang='lat' dir='ltr'>pronuntiavit</span> <span class='ocrx_word' id='word_1_457' title='bbox 1505 2506 1625 2549; x_wconf 81' lang='lat'>(496);</span> <span class='ocrx_word' id='word_1_458' title='bbox 1654 2504 1844 2538; x_wconf 86' lang='lat' dir='ltr'>Societatis</span> 
     </span>
     <span class='ocr_line' id='line_1_44' title="bbox 89 2558 1843 2608; baseline -0.004 -10"><span class='ocrx_word' id='word_1_459' title='bbox 89 2577 173 2599; x_wconf 89' lang='lat' dir='ltr'>vero</span> <span class='ocrx_word' id='word_1_460' title='bbox 199 2564 440 2598; x_wconf 86' lang='lat' dir='ltr'>moderatores</span> <span class='ocrx_word' id='word_1_461' title='bbox 467 2563 558 2608; x_wconf 90' lang='lat' dir='ltr'>apud</span> <span class='ocrx_word' id='word_1_462' title='bbox 585 2563 710 2597; x_wconf 89' lang='lat' dir='ltr'>ducem</span> <span class='ocrx_word' id='word_1_463' title='bbox 737 2563 963 2597; x_wconf 87' lang='lat' dir='ltr'>efficiendum</span> <span class='ocrx_word' id='word_1_464' title='bbox 982 2562 1050 2596; x_wconf 92' lang='lat' dir='ltr'>sibi</span> <span class='ocrx_word' id='word_1_465' title='bbox 1070 2572 1148 2595; x_wconf 91' lang='lat' dir='ltr'>esse</span> <span class='ocrx_word' id='word_1_466' title='bbox 1168 2563 1402 2600; x_wconf 86' lang='lat' dir='ltr'>censuerunt,</span> <span class='ocrx_word' id='word_1_467' title='bbox 1429 2561 1469 2592; x_wconf 88' lang='lat' dir='ltr'>ut</span> <span class='ocrx_word' id='word_1_468' title='bbox 1487 2558 1691 2593; x_wconf 84' lang='lat' dir='ltr'>Schorichio</span> <span class='ocrx_word' id='word_1_469' title='bbox 1710 2559 1843 2592; x_wconf 86' lang='lat' dir='ltr'>Romae</span> 
     </span>
     <span class='ocr_line' id='line_1_45' title="bbox 90 2612 1842 2660; baseline -0.004 -8"><span class='ocrx_word' id='word_1_470' title='bbox 90 2630 232 2652; x_wconf 87' lang='lat' dir='ltr'>manere</span> <span class='ocrx_word' id='word_1_471' title='bbox 265 2617 401 2657; x_wconf 87' lang='lat' dir='ltr'>liceret,</span> <span class='ocrx_word' id='word_1_472' title='bbox 437 2617 547 2650; x_wconf 89' lang='lat' dir='ltr'>donec</span> <span class='ocrx_word' id='word_1_473' title='bbox 573 2616 617 2650; x_wconf 87' lang='lat' dir='ltr'>ad</span> <span class='ocrx_word' id='word_1_474' title='bbox 644 2617 841 2650; x_wconf 86' lang='lat' dir='ltr'>doctrinam</span> <span class='ocrx_word' id='word_1_475' title='bbox 877 2618 913 2650; x_wconf 89' lang='lat' dir='ltr'>et</span> <span class='ocrx_word' id='word_1_476' title='bbox 939 2615 1109 2660; x_wconf 84' lang='lat' dir='ltr'>pietatem</span> <span class='ocrx_word' id='word_1_477' title='bbox 1145 2614 1285 2659; x_wconf 89' lang='lat' dir='ltr'>plenius</span> <span class='ocrx_word' id='word_1_478' title='bbox 1315 2612 1503 2646; x_wconf 89' lang='lat' dir='ltr'>institutus</span> <span class='ocrx_word' id='word_1_479' title='bbox 1529 2614 1625 2645; x_wconf 87' lang='lat' dir='ltr'>esset</span> <span class='ocrx_word' id='word_1_480' title='bbox 1653 2612 1771 2654; x_wconf 75' lang='lat'>(509);</span> <span class='ocrx_word' id='word_1_481' title='bbox 1809 2612 1842 2645; x_wconf 91' lang='lat' dir='ltr'>id</span> 
     </span>
     <span class='ocr_line' id='line_1_46' title="bbox 90 2665 1844 2715; baseline -0.004 -11"><span class='ocrx_word' id='word_1_482' title='bbox 90 2672 180 2715; x_wconf 89' lang='lat' dir='ltr'>quod</span> <span class='ocrx_word' id='word_1_483' title='bbox 216 2670 479 2715; x_wconf 85' lang='lat' dir='ltr'>sapientissime</span> <span class='ocrx_word' id='word_1_484' title='bbox 505 2670 639 2703; x_wconf 84' lang='lat' dir='ltr'>factum</span> <span class='ocrx_word' id='word_1_485' title='bbox 676 2680 755 2703; x_wconf 88' lang='lat' dir='ltr'>esse</span> <span class='ocrx_word' id='word_1_486' title='bbox 781 2668 1007 2703; x_wconf 82' lang='lat' dir='ltr'>Schorichius</span> <span class='ocrx_word' id='word_1_487' title='bbox 1042 2670 1167 2712; x_wconf 84' lang='lat' dir='ltr'>postea</span> <span class='ocrx_word' id='word_1_488' title='bbox 1202 2665 1396 2711; x_wconf 85' lang='lat' dir='ltr'>praeclaris</span> <span class='ocrx_word' id='word_1_489' title='bbox 1431 2665 1536 2698; x_wconf 81' lang='lat' dir='ltr'>factis</span> <span class='ocrx_word' id='word_1_490' title='bbox 1571 2665 1844 2707; x_wconf 79' lang='lat' dir='ltr'>confirmaturus</span> 
     </span>
     <span class='ocr_line' id='line_1_47' title="bbox 91 2718 1840 2763; baseline -0.004 -5"><span class='ocrx_word' id='word_1_491' title='bbox 91 2728 178 2759; x_wconf 88' lang='lat' dir='ltr'>erat.</span> <span class='ocrx_word' id='word_1_492' title='bbox 222 2724 260 2758; x_wconf 82' lang='lat' dir='ltr'>P.</span> <span class='ocrx_word' id='word_1_493' title='bbox 280 2723 426 2757; x_wconf 87' lang='lat' dir='ltr'>Martini</span> <span class='ocrx_word' id='word_1_494' title='bbox 452 2722 676 2756; x_wconf 85' lang='lat' dir='ltr'>Stevordiani</span> <span class='ocrx_word' id='word_1_495' title='bbox 703 2722 928 2756; x_wconf 88' lang='lat' dir='ltr'>contionibus</span> <span class='ocrx_word' id='word_1_496' title='bbox 954 2724 1028 2755; x_wconf 86' lang='lat' dir='ltr'>tum</span> <span class='ocrx_word' id='word_1_497' title='bbox 1057 2721 1259 2763; x_wconf 84' lang='lat' dir='ltr'>Augustani</span> <span class='ocrx_word' id='word_1_498' title='bbox 1289 2719 1365 2762; x_wconf 85' lang='lat'>(73)</span> <span class='ocrx_word' id='word_1_499' title='bbox 1393 2721 1468 2752; x_wconf 87' lang='lat' dir='ltr'>tum</span> <span class='ocrx_word' id='word_1_500' title='bbox 1489 2718 1721 2752; x_wconf 83' lang='lat' dir='ltr'>Monacenses</span> <span class='ocrx_word' id='word_1_501' title='bbox 1741 2718 1840 2762; x_wconf 82' lang='lat'>(324)</span> 
     </span>
     <span class='ocr_line' id='line_1_48' title="bbox 91 2771 1841 2820; baseline -0.005 -9"><span class='ocrx_word' id='word_1_502' title='bbox 91 2777 375 2815; x_wconf 72' lang='lat' dir='ltr'>delectabantur:</span> <span class='ocrx_word' id='word_1_503' title='bbox 410 2775 700 2820; x_wconf 87' lang='lat' dir='ltr'>archiepiscopus</span> <span class='ocrx_word' id='word_1_504' title='bbox 725 2775 1002 2818; x_wconf 86' lang='lat' dir='ltr'>salisburgensis</span> <span class='ocrx_word' id='word_1_505' title='bbox 1029 2774 1129 2818; x_wconf 85' lang='grc'>(323)</span> <span class='ocrx_word' id='word_1_506' title='bbox 1163 2775 1199 2806; x_wconf 88' lang='lat' dir='ltr'>et</span> <span class='ocrx_word' id='word_1_507' title='bbox 1233 2773 1420 2816; x_wconf 85' lang='lat' dir='ltr'>episcopus</span> <span class='ocrx_word' id='word_1_508' title='bbox 1455 2771 1712 2815; x_wconf 85' lang='lat' dir='ltr'>herbipolensis</span> <span class='ocrx_word' id='word_1_509' title='bbox 1741 2771 1841 2813; x_wconf 81' lang='grc'>(179)</span> 
     </span>
     <span class='ocr_line' id='line_1_49' title="bbox 91 2824 1843 2875; baseline -0.004 -11"><span class='ocrx_word' id='word_1_510' title='bbox 91 2842 171 2864; x_wconf 86' lang='lat' dir='ltr'>eum</span> <span class='ocrx_word' id='word_1_511' title='bbox 197 2830 264 2864; x_wconf 89' lang='lat' dir='ltr'>sibi</span> <span class='ocrx_word' id='word_1_512' title='bbox 289 2831 470 2875; x_wconf 88' lang='lat' dir='ltr'>petierunt</span> <span class='ocrx_word' id='word_1_513' title='bbox 496 2830 786 2863; x_wconf 88' lang='lat' dir='ltr'>contionatorem.</span> <span class='ocrx_word' id='word_1_514' title='bbox 823 2828 941 2861; x_wconf 89' lang='lat' dir='ltr'>Minus</span> <span class='ocrx_word' id='word_1_515' title='bbox 959 2838 1075 2861; x_wconf 89' lang='lat' dir='ltr'>mores</span> <span class='ocrx_word' id='word_1_516' title='bbox 1101 2825 1255 2860; x_wconf 88' lang='lat' dir='ltr'>hominis</span> <span class='ocrx_word' id='word_1_517' title='bbox 1280 2825 1470 2869; x_wconf 82' lang='lat' dir='ltr'>placebant</span> <span class='ocrx_word' id='word_1_518' title='bbox 1498 2824 1580 2867; x_wconf 79' lang='lat'>(290</span> <span class='ocrx_word' id='word_1_519' title='bbox 1606 2824 1710 2867; x_wconf 84' lang='lat'>439);</span> <span class='ocrx_word' id='word_1_520' title='bbox 1739 2824 1843 2858; x_wconf 83' lang='lat' dir='ltr'>habe·</span> 
     </span>
     <span class='ocr_line' id='line_1_50' title="bbox 93 2878 1843 2928; baseline -0.004 -10"><span class='ocrx_word' id='word_1_521' title='bbox 93 2884 196 2918; x_wconf 81' lang='lat' dir='ltr'>batur</span> <span class='ocrx_word' id='word_1_522' title='bbox 229 2883 289 2918; x_wconf 89' lang='lat' dir='ltr'>ille</span> <span class='ocrx_word' id='word_1_523' title='bbox 324 2895 387 2928; x_wconf 90' lang='lat' dir='ltr'>per</span> <span class='ocrx_word' id='word_1_524' title='bbox 421 2883 605 2917; x_wconf 87' lang='lat' dir='ltr'>civitatem</span> <span class='ocrx_word' id='word_1_525' title='bbox 641 2882 793 2916; x_wconf 88' lang='lat' dir='ltr'>conviva</span> <span class='ocrx_word' id='word_1_526' title='bbox 827 2881 962 2919; x_wconf 79' lang='lat' dir='ltr'>hilaris,</span> <span class='ocrx_word' id='word_1_527' title='bbox 999 2880 1204 2925; x_wconf 87' lang='lat' dir='ltr'>poculorum</span> <span class='ocrx_word' id='word_1_528' title='bbox 1240 2882 1377 2912; x_wconf 82' lang='lat' dir='ltr'>amator</span> <span class='ocrx_word' id='word_1_529' title='bbox 1414 2878 1473 2920; x_wconf 88' lang='grc'>(89</span> <span class='ocrx_word' id='word_1_530' title='bbox 1503 2878 1568 2911; x_wconf 87' lang='grc'>112</span> <span class='ocrx_word' id='word_1_531' title='bbox 1598 2878 1700 2921; x_wconf 82' lang='grc'>158);</span> <span class='ocrx_word' id='word_1_532' title='bbox 1737 2889 1843 2922; x_wconf 88' lang='lat' dir='ltr'>saepe</span> 
     </span>
     <span class='ocr_line' id='line_1_51' title="bbox 92 2931 1845 2982; baseline -0.003 -13"><span class='ocrx_word' id='word_1_533' title='bbox 92 2937 256 2978; x_wconf 88' lang='lat' dir='ltr'>monitus,</span> <span class='ocrx_word' id='word_1_534' title='bbox 282 2948 389 2982; x_wconf 89' lang='lat' dir='ltr'>saepe</span> <span class='ocrx_word' id='word_1_535' title='bbox 415 2936 563 2969; x_wconf 86' lang='lat' dir='ltr'>meliora</span> <span class='ocrx_word' id='word_1_536' title='bbox 586 2935 765 2980; x_wconf 89' lang='lat' dir='ltr'>pollicitus</span> <span class='ocrx_word' id='word_1_537' title='bbox 794 2935 879 2976; x_wconf 83' lang='lat'>(324</span> <span class='ocrx_word' id='word_1_538' title='bbox 897 2935 994 2975; x_wconf 79' lang='grc'>767),</span> <span class='ocrx_word' id='word_1_539' title='bbox 1022 2933 1197 2966; x_wconf 86' lang='lat' dir='ltr'>interdum</span> <span class='ocrx_word' id='word_1_540' title='bbox 1222 2933 1255 2965; x_wconf 90' lang='lat' dir='ltr'>in</span> <span class='ocrx_word' id='word_1_541' title='bbox 1289 2934 1447 2965; x_wconf 88' lang='lat' dir='ltr'>veterem</span> <span class='ocrx_word' id='word_1_542' title='bbox 1474 2931 1633 2965; x_wconf 85' lang='lat' dir='ltr'>morbum</span> <span class='ocrx_word' id='word_1_543' title='bbox 1665 2931 1845 2965; x_wconf 88' lang='lat' dir='ltr'>recidebat</span> 
     </span>
     <span class='ocr_line' id='line_1_52' title="bbox 95 2984 1843 3033; baseline -0.004 -9"><span class='ocrx_word' id='word_1_544' title='bbox 95 2989 207 3032; x_wconf 84' lang='lat'>(438).</span> <span class='ocrx_word' id='word_1_545' title='bbox 257 2989 335 3023; x_wconf 89' lang='lat' dir='ltr'>Non</span> <span class='ocrx_word' id='word_1_546' title='bbox 361 2992 436 3023; x_wconf 85' lang='lat' dir='ltr'>erat</span> <span class='ocrx_word' id='word_1_547' title='bbox 463 2990 538 3033; x_wconf 91' lang='lat' dir='ltr'>ipse</span> <span class='ocrx_word' id='word_1_548' title='bbox 564 2988 662 3022; x_wconf 90' lang='lat' dir='ltr'>solus</span> <span class='ocrx_word' id='word_1_549' title='bbox 687 2988 723 3021; x_wconf 87' lang='lat' dir='ltr'>in</span> <span class='ocrx_word' id='word_1_550' title='bbox 749 2988 874 3031; x_wconf 86' lang='lat' dir='ltr'>culpa;</span> <span class='ocrx_word' id='word_1_551' title='bbox 903 2999 932 3021; x_wconf 87' lang='lat' dir='ltr'>a.</span> <span class='ocrx_word' id='word_1_552' title='bbox 964 2987 1052 3020; x_wconf 75' lang='grc'>1566</span> <span class='ocrx_word' id='word_1_553' title='bbox 1080 2985 1220 3019; x_wconf 81' lang='lat' dir='ltr'>Canisio</span> <span class='ocrx_word' id='word_1_554' title='bbox 1247 2987 1390 3018; x_wconf 87' lang='lat' dir='ltr'>auctore</span> <span class='ocrx_word' id='word_1_555' title='bbox 1417 2996 1437 3017; x_wconf 85' lang='lat' dir='ltr'>a</span> <span class='ocrx_word' id='word_1_556' title='bbox 1464 2984 1637 3018; x_wconf 84' lang='lat' dir='ltr'>Bavariac</span> <span class='ocrx_word' id='word_1_557' title='bbox 1665 2984 1752 3018; x_wconf 85' lang='lat' dir='ltr'>duce</span> <span class='ocrx_word' id='word_1_558' title='bbox 1788 2996 1843 3028; x_wconf 87' lang='lat' dir='ltr'>pe-</span> 
     </span>
     <span class='ocr_line' id='line_1_53' title="bbox 92 3037 1845 3084; baseline -0.005 -7"><span class='ocrx_word' id='word_1_559' title='bbox 92 3043 209 3084; x_wconf 84' lang='lat' dir='ltr'>tierat,</span> <span class='ocrx_word' id='word_1_560' title='bbox 244 3045 283 3077; x_wconf 90' lang='lat' dir='ltr'>ut</span> <span class='ocrx_word' id='word_1_561' title='bbox 316 3054 355 3077; x_wconf 88' lang='lat' dir='ltr'>se</span> <span class='ocrx_word' id='word_1_562' title='bbox 390 3043 518 3076; x_wconf 86' lang='lat' dir='ltr'>virium</span> <span class='ocrx_word' id='word_1_563' title='bbox 554 3042 662 3075; x_wconf 89' lang='lat' dir='ltr'>animi</span> <span class='ocrx_word' id='word_1_564' title='bbox 688 3040 1001 3075; x_wconf 82' lang='lat' dir='ltr'>instaurandarmn</span> <span class='ocrx_word' id='word_1_565' title='bbox 1028 3039 1146 3082; x_wconf 83' lang='lat' dir='ltr'>gratia</span> <span class='ocrx_word' id='word_1_566' title='bbox 1173 3037 1354 3072; x_wconf 83' lang='lat' dir='ltr'>Coloniam</span> <span class='ocrx_word' id='word_1_567' title='bbox 1381 3039 1536 3080; x_wconf 83' lang='lat' dir='ltr'>migrare</span> <span class='ocrx_word' id='word_1_568' title='bbox 1562 3038 1696 3071; x_wconf 86' lang='lat' dir='ltr'>sineret</span> <span class='ocrx_word' id='word_1_569' title='bbox 1724 3038 1845 3081; x_wconf 84' lang='lat'>(193);</span> 
     </span>
     <span class='ocr_line' id='line_1_54' title="bbox 94 3090 1845 3136; baseline -0.003 -7"><span class='ocrx_word' id='word_1_570' title='bbox 94 3095 142 3129; x_wconf 90' lang='lat' dir='ltr'>ibi</span> <span class='ocrx_word' id='word_1_571' title='bbox 175 3095 267 3129; x_wconf 89' lang='lat' dir='ltr'>enim</span> <span class='ocrx_word' id='word_1_572' title='bbox 304 3095 342 3129; x_wconf 89' lang='grc' dir='ltr'>Ρ.</span> <span class='ocrx_word' id='word_1_573' title='bbox 372 3095 578 3129; x_wconf 86' lang='lat' dir='ltr'>Leonardus</span> <span class='ocrx_word' id='word_1_574' title='bbox 614 3093 740 3128; x_wconf 87' lang='lat' dir='ltr'>Kessel</span> <span class='ocrx_word' id='word_1_575' title='bbox 776 3093 915 3136; x_wconf 85' lang='lat' dir='ltr'>collegii</span> <span class='ocrx_word' id='word_1_576' title='bbox 952 3095 1068 3126; x_wconf 89' lang='lat' dir='ltr'>rector</span> <span class='ocrx_word' id='word_1_577' title='bbox 1104 3094 1138 3125; x_wconf 88' lang='lat' dir='ltr'>et</span> <span class='ocrx_word' id='word_1_578' title='bbox 1171 3091 1368 3124; x_wconf 89' lang='lat' dir='ltr'>animarum</span> <span class='ocrx_word' id='word_1_579' title='bbox 1403 3091 1562 3124; x_wconf 88' lang='lat' dir='ltr'>medicus</span> <span class='ocrx_word' id='word_1_580' title='bbox 1597 3091 1733 3135; x_wconf 85' lang='lat' dir='ltr'>peritus</span> <span class='ocrx_word' id='word_1_581' title='bbox 1769 3090 1845 3124; x_wconf 84' lang='lat' dir='ltr'>eius</span> 
     </span>
     <span class='ocr_line' id='line_1_55' title="bbox 93 3144 1843 3192; baseline -0.003 -10"><span class='ocrx_word' id='word_1_582' title='bbox 93 3148 242 3182; x_wconf 80' lang='lat' dir='ltr'>sanandi</span> <span class='ocrx_word' id='word_1_583' title='bbox 269 3159 389 3182; x_wconf 88' lang='lat' dir='ltr'>curam</span> <span class='ocrx_word' id='word_1_584' title='bbox 416 3149 450 3182; x_wconf 89' lang='lat' dir='ltr'>in</span> <span class='ocrx_word' id='word_1_585' title='bbox 468 3160 506 3181; x_wconf 87' lang='lat' dir='ltr'>se</span> <span class='ocrx_word' id='word_1_586' title='bbox 525 3150 734 3192; x_wconf 90' lang='lat' dir='ltr'>susceperat</span> <span class='ocrx_word' id='word_1_587' title='bbox 762 3146 860 3189; x_wconf 80' lang='grc'>(178)</span> <span class='ocrx_word' id='word_1_588' title='bbox 876 3159 883 3186; x_wconf 84' lang='lat'><em>;</em></span> <span class='ocrx_word' id='word_1_589' title='bbox 911 3157 1035 3180; x_wconf 84' lang='lat' dir='ltr'>verum</span> <span class='ocrx_word' id='word_1_590' title='bbox 1054 3145 1125 3178; x_wconf 79' lang='lat' dir='ltr'>dux</span> <span class='ocrx_word' id='word_1_591' title='bbox 1144 3144 1294 3178; x_wconf 89' lang='lat' dir='ltr'>abeundi</span> <span class='ocrx_word' id='word_1_592' title='bbox 1323 3144 1464 3178; x_wconf 90' lang='lat' dir='ltr'>veniam</span> <span class='ocrx_word' id='word_1_593' title='bbox 1482 3144 1566 3178; x_wconf 88' lang='lat' dir='ltr'>dare</span> <span class='ocrx_word' id='word_1_594' title='bbox 1584 3144 1702 3177; x_wconf 83' lang='lat' dir='ltr'>renuit</span> <span class='ocrx_word' id='word_1_595' title='bbox 1722 3144 1821 3186; x_wconf 88' lang='lat'>(290)</span> <span class='ocrx_word' id='word_1_596' title='bbox 1837 3156 1843 3177; x_wconf 89' lang='lat'>:</span> 
     </span>
     <span class='ocr_line' id='line_1_56' title="bbox 95 3196 1843 3244; baseline -0.003 -9"><span class='ocrx_word' id='word_1_597' title='bbox 95 3211 140 3234; x_wconf 84' lang='lat' dir='ltr'>ex</span> <span class='ocrx_word' id='word_1_598' title='bbox 166 3201 266 3235; x_wconf 90' lang='lat' dir='ltr'>ducis</span> <span class='ocrx_word' id='word_1_599' title='bbox 292 3204 411 3235; x_wconf 90' lang='lat' dir='ltr'>autem</span> <span class='ocrx_word' id='word_1_600' title='bbox 437 3201 563 3234; x_wconf 82' lang='lat' dir='ltr'>aulicis</span> <span class='ocrx_word' id='word_1_601' title='bbox 581 3200 689 3244; x_wconf 88' lang='lat' dir='ltr'>aliqui</span> <span class='ocrx_word' id='word_1_602' title='bbox 716 3210 877 3233; x_wconf 88' lang='lat' dir='ltr'>nummos</span> <span class='ocrx_word' id='word_1_603' title='bbox 897 3198 1130 3233; x_wconf 85' lang='lat' dir='ltr'>Stevordiano</span> <span class='ocrx_word' id='word_1_604' title='bbox 1157 3197 1356 3237; x_wconf 83' lang='lat' dir='ltr'>mittebant,</span> <span class='ocrx_word' id='word_1_605' title='bbox 1393 3208 1480 3241; x_wconf 85' lang='lat' dir='ltr'>quos</span> <span class='ocrx_word' id='word_1_606' title='bbox 1508 3196 1566 3230; x_wconf 90' lang='lat' dir='ltr'>ille</span> <span class='ocrx_word' id='word_1_607' title='bbox 1593 3197 1684 3230; x_wconf 84' lang='lat' dir='ltr'>clam</span> <span class='ocrx_word' id='word_1_608' title='bbox 1704 3196 1843 3239; x_wconf 88' lang='lat' dir='ltr'>collegii</span> 
     </span>
    </p>

    <p class='ocr_par' dir='ltr' id='par_1_4' title="bbox 167 3262 1561 3296">
     <span class='ocr_line' id='line_1_57' title="bbox 167 3262 1561 3296; baseline -0.003 -6"><span class='ocrx_word' id='word_1_609' title='bbox 167 3263 470 3296; x_wconf 81' lang='lat' dir='ltr'>Braunsberger.</span> <span class='ocrx_word' id='word_1_610' title='bbox 492 3263 601 3289; x_wconf 82' lang='lat' dir='ltr'>Canisii</span> <span class='ocrx_word' id='word_1_611' title='bbox 622 3263 775 3296; x_wconf 82' lang='lat' dir='ltr'>Epistulae</span> <span class='ocrx_word' id='word_1_612' title='bbox 795 3263 826 3288; x_wconf 89' lang='lat' dir='ltr'>et</span> <span class='ocrx_word' id='word_1_613' title='bbox 842 3263 925 3289; x_wconf 77' lang='lat' dir='ltr'>Acta.</span> <span class='ocrx_word' id='word_1_614' title='bbox 956 3262 990 3287; x_wconf 76' lang='lat' dir='ltr'>V.</span> <span class='ocrx_word' id='word_1_615' title='bbox 1544 3266 1561 3289; x_wconf 80' lang='lat' dir='ltr'>c</span> 
     </span>
    </p>
   </div>
  </div>
 </body>
</html>
