2045 3471
188 190 273 231 654
526 189 621 224 Mon.
642 189 710 224 740
735 189 813 223 sive
840 201 951 233 germ.
970 189 994 224 1.
1014 189 1105 234 (15).
1148 189 1313 224 Exeunte
1339 201 1384 224 m.
1403 189 1494 224 Nov.
1515 190 1616 224 1565.

182 305 444 350 Noviomagum
479 307 680 351 profectum
717 318 817 347 esse;
853 318 982 342 revera
1009 306 1184 348 Canisius,
1222 319 1301 341 cum
1333 307 1466 341 multos
1493 319 1604 342 annos
1630 307 1852 351 Noviomago
1888 308 1946 342 ab·

183 358 314 393 fuisset
338 371 454 403 neque
479 362 561 403 post
596 371 626 394 a.
657 360 747 394 1565
774 371 932 404 unquam
959 361 1082 394 eodem
1108 363 1285 394 venturus
1312 362 1419 401 esset,
1454 360 1532 405 ipso
1558 372 1662 394 mane
1698 361 1767 395 diei
1793 362 1849 395 22.
1875 360 1947 395 No-

182 412 341 447 vembris
369 413 458 447 1565
487 413 633 447 Colonia
658 412 921 456 Noviomagum
948 413 1132 458 profectus
1159 418 1215 447 est
1243 413 1341 457 (vide
1367 425 1476 458 supra
1511 425 1545 457 p.
1572 413 1677 457 650);
1715 416 1874 448 attamen
1911 414 1946 448 id

181 467 323 510 tempus
357 465 429 499 iam
464 465 546 500 inde
572 477 593 500 a
619 466 743 500 multis
769 467 873 500 annis
899 466 1067 510 cognosci
1093 467 1237 510 poterat
1262 477 1308 500 ex
1334 467 1526 500 Francisct
1553 467 1723 500 Sacc-hini
1748 466 1782 502 S.
1809 467 1841 501 J.
1873 466 1945 508 „De

181 519 258 552 vita
296 521 331 552 et
369 519 476 553 rebus
511 520 626 562 gestis
660 520 700 554 P.
738 519 835 554 Petri
863 518 996 553 Canisii
1024 519 1318 553 Commentariis‘
1348 519 1561 563 Ingolstadii
1595 531 1626 554 a.
1656 521 1746 555 1616
1773 519 1944 564 vulgatis,

180 583 213 614 p.
242 572 440 606 220—221.
490 572 640 606 Poterat
674 575 771 606 certe
799 572 963 606 Canisius
998 573 1034 606 in
1069 584 1111 606 ea
1143 572 1443 617 peregrinatione,
1479 573 1598 607 Xanto
1629 572 1782 607 Cliviam
1815 585 1944 608 versus

181 625 306 665 eundo,
341 636 406 670 per
432 625 605 659 Arborem
632 625 832 659 Marianam
867 625 1039 660 transire:
1080 637 1195 669 neque
1232 627 1355 660 tamen
1393 626 1430 660 in
1467 626 1539 660 ullo
1579 626 1737 660 eiusdem
1770 626 1943 671 temporis

179 679 408 712 monumento
435 678 470 711 id
495 679 670 712 testatum
696 678 851 712 invenio.
888 678 1054 712 Ceterum
1074 690 1191 712 meum
1219 690 1286 712 non
1306 680 1371 719 est,
1399 678 1558 719 definire,
1580 681 1700 713 utrum
1719 678 1943 713 Holsteinius

180 733 277 764 recte
312 730 503 764 crediderit
537 742 648 765 necne
674 730 831 775 Weyero
865 731 1047 765 narranti:
1087 731 1271 766 Canisium
1306 731 1480 776 plurimas
1515 732 1727 766 daemonum
1760 732 1942 777 myriades

179 782 247 817 sibi
272 783 373 817 visas
400 795 479 818 esse
506 784 719 819 affirmasse.
754 784 852 818 Haec
870 787 1022 824 tantum,
1050 795 1140 828 quae
1166 784 1253 818 mihi
1281 785 1395 818 obiter
1421 797 1495 819 rem
1515 785 1754 819 consideranti
1781 796 1942 819 occurre-

178 838 272 876 runt,
298 839 401 871 noto:
436 837 506 870 Per
532 840 696 871 sanctum
728 837 902 871 Ubaldum
931 838 967 881 (†
997 838 1115 881 1160),
1152 837 1368 872 Canonicum
1395 838 1598 881 regularem
1625 838 1659 873 S.
1687 838 1880 882 Augustini
1906 843 1942 873 et

180 890 385 934 episcopum
422 890 640 933 eugubinum
667 889 853 934 (Gubbio),
888 902 995 924 unam
1034 891 1213 934 quandam
1240 891 1425 925 mulierem
1451 892 1521 926 400
1533 892 1602 926 000
1628 892 1840 925 daemonum
1870 891 1940 934 „in-

178 943 357 976 sessione⁴‘
405 946 575 986 quattuor
608 943 733 977 diebus
767 943 955 977 liberatam
996 955 1075 977 esse
1109 944 1334 978 tradiderunt
1370 943 1476 987 (Acta
1512 945 1726 978 Sanctorum
1759 944 1845 978 Maii
1878 945 1939 985 III,

177 994 399 1039 Antverpiae
428 996 528 1036 1680,
557 997 653 1040 646).
704 996 886 1030 Historias
921 997 1103 1030 hominum
1140 1009 1203 1041 per
1238 998 1428 1032 daemones
1464 1000 1675 1032 vexatorum
1712 996 1806 1041 (sive
1832 1009 1940 1032 verae

177 1047 260 1082 illae
286 1049 369 1089 sint,
396 1049 474 1083 sive
491 1050 620 1092 falsae)
649 1050 962 1094 pervolutantibus
988 1050 1125 1084 nullum
1144 1062 1258 1093 genus
1276 1051 1457 1084 hominum
1477 1051 1622 1096 saepius
1640 1050 1804 1091 occurrit,
1832 1062 1940 1094 quam

176 1101 246 1134 viri
279 1101 504 1146 feminaeque
538 1103 727 1146 religiosae
765 1103 826 1145 (cf.
852 1105 888 1137 J.
916 1115 945 1136 v.
975 1105 1119 1147 Θῦν-νας,
1156 1104 1221 1137 Die
1258 1104 1468 1138 christliche
1494 1104 1634 1149 Mystik
1660 1104 1742 1145 1V1,
1780 1104 1938 1146 Regens-

176 1154 268 1196 burg
289 1155 389 1194 1842,
411 1155 578 1197 18—22).
605 1155 831 1198 singularem
850 1159 969 1189 autem
989 1157 1167 1200 quandam
1186 1158 1317 1191 famam
1338 1157 1676 1200 daemonologicam,
1704 1157 1733 1191 si
1752 1157 1802 1190 ita
1821 1157 1938 1191 dicere

175 1207 270 1247 licet,
297 1208 440 1242 saeculo
467 1208 563 1242 XVI.
590 1212 735 1243 nactum
763 1211 817 1242 est
842 1209 1099 1243 monasterium
1127 1210 1275 1244 Arboris
1301 1211 1531 1244 Marianae¹:
1568 1210 1693 1244 Refert
1718 1210 1757 1244 Ρ.
1785 1211 1938 1244 Ioannes

176 1261 294 1294 Sotier
318 1261 526 1295 monasterii
553 1261 756 1302 historicus,
784 1261 965 1296 Julianam
989 1261 1159 1296 Damertz
1186 1263 1445 1297 embricensem
1472 1275 1503 1298 a.
1518 1264 1605 1297 1511
1634 1263 1851 1296 monasterio
1878 1275 1937 1296 ex-

176 1316 327 1358 ceptam,
362 1315 440 1358 ipso
466 1314 686 1359 probationis
712 1316 881 1358 tempore,
917 1316 1109 1358 antequam
1138 1318 1222 1350 vota
1254 1317 1424 1360 religiosa
1451 1317 1641 1356 emisisset,
1677 1315 1936 1360 deprehensam

175 1377 254 1400 esse
280 1367 476 1401 veneficam
513 1379 554 1401 ac
589 1367 701 1401 sacris
737 1367 922 1401 diabolicis
957 1368 1147 1409 initiatam,
1184 1370 1304 1413 itaque
1341 1370 1442 1403 domo
1479 1381 1557 1404 esse
1593 1370 1762 1409 eiectam,
1799 1369 1936 1413 aliquot

174 1431 260 1453 vero
287 1431 331 1453 ex
357 1420 558 1464 virginibus
584 1420 657 1454 illis
683 1421 796 1454 sacris
822 1421 866 1454 ab
893 1432 934 1454 ea
960 1421 1158 1456 fascinatas
1184 1434 1283 1457 esse:
1311 1423 1365 1457 lta
1390 1423 1451 1456 ille
1477 1423 1512 1456 in
1540 1422 1721 1456 Historiae
1747 1421 1935 1467 *exemplo

173 1484 281 1506 manu
306 1473 452 1518 scripto,
479 1474 572 1517 quod
598 1476 721 1507 exstat
739 1474 875 1508 Arbore
893 1474 1056 1508 Mariana
1074 1475 1109 1508 in
1136 1475 1282 1510 archivo
1309 1476 1504 1521 parochiali
1534 1475 1835 1519 („Marienboom“
1866 1478 1933 1509 etc.

174 1526 198 1560 f.
226 1526 345 1570 29b12).
395 1526 541 1561 Juliana
576 1527 702 1560 deinde
737 1527 878 1570 magiae
912 1528 1053 1561 nomine
1089 1529 1325 1563 condemnata
1363 1532 1399 1563 et
1424 1529 1620 1573 Dinclagae
1649 1528 1859 1572 (Dinklage)
1897 1528 1933 1562 in

173 1590 305 1622 magna
330 1580 420 1613 turri
447 1579 586 1614 inclusa
612 1583 667 1614 est
687 1580 769 1621 (Die
791 1581 993 1615 Chroniken
1012 1582 1074 1615 der
1093 1582 1289 1616 deutschen
1308 1582 1433 1617 Stadte
1451 1583 1528 1622 XX,
1548 1582 1693 1627 Leipzig
1715 1581 1814 1623 1887,
1832 1581 1932 1624 403).

172 1632 292 1676 Atque
315 1634 469 1667 Ioannes
486 1635 624 1667 Wierus
644 1633 810 1678 (Weyer)
833 1634 1016 1668 Guilielmi
1043 1635 1143 1669 ducis
1170 1635 1356 1669 cliviensis
1382 1636 1542 1670 medicus
1568 1635 1639 1676 ille,
1666 1635 1726 1679 qui
1752 1634 1933 1669 veneficas

174 1685 303 1719 iustius
339 1688 375 1719 et
409 1686 622 1720 clementius
656 1687 866 1720 tractandas
901 1699 979 1721 esse
1015 1687 1090 1721 fere
1117 1689 1252 1733 primus
1279 1690 1536 1733 pronuntiavit,
1575 1689 1618 1722 de
1648 1688 1928 1731 „daemoniacis“

172 1738 243 1773 illis
269 1739 470 1782 virginibus
496 1740 703 1783 birgittinis,
731 1752 820 1784 quas
846 1741 948 1774 modo
975 1741 1060 1780 dixi,
1087 1741 1176 1776 haec
1203 1742 1332 1776 refert:
1371 1743 1494 1785 ⁷,Miris
1520 1742 1635 1776 modis
1661 1742 1932 1782 diuexabantur,

173 1791 370 1836 plerunque
397 1793 599 1833 exilientes,
626 1804 876 1837 nonnunquam
898 1794 1056 1828 balatum
1077 1806 1255 1839 uocesque
1275 1795 1450 1829 elidentes
1469 1795 1685 1835 h01·rendas;
1712 1795 1934 1838 urgebantur

171 1845 349 1879 interdum
386 1857 429 1880 ex
457 1846 656 1890 designatis
690 1847 726 1880 in
752 1846 886 1891 templo
912 1847 1066 1886 sedibus,
1103 1848 1163 1881 ubi
1198 1851 1234 1882 et
1269 1849 1397 1893 capitis
1434 1849 1598 1883 uelamen
1625 1848 1836 1892 quandoque
1871 1848 1932 1881 ab·

171 1898 386 1942 ripiebatur:
422 1899 545 1933 fauces
580 1899 636 1932 his
662 1900 781 1941 etiam,
816 1912 860 1933 ne
886 1900 1003 1934 cibum
1031 1901 1272 1943 admitterent,
1308 1913 1560 1946 nonnunquam
1596 1901 1930 1946 praecludebantur.

171 1951 338 1985 Perstitit
362 1952 464 1986 uaria
499 1954 535 1986 et
561 1953 637 1986 dira
663 1964 705 1986 ea
731 1952 920 1987 calamitas
956 1954 992 1987 in
1018 1954 1200 1998 plerisque
1239 1955 1283 1989 ad
1310 1955 1552 1989 decennium.“
1607 1955 1704 1988 Idem
1732 1956 1869 1988 Wierns
1894 1954 1929 1987 in

170 2005 292 2038 eodem
319 2005 408 2039 libro
435 2025 477 2029 -—
505 2017 597 2040 anno
626 2006 714 2040 1563
742 2018 822 2040 eum
847 2006 958 2040 edidit
984 2026 1027 2031 —
1054 2008 1221 2049 affirmat,
1249 2009 1327 2049 sibi,
1355 2009 1439 2052 quid
1465 2009 1535 2041 iam
1562 2008 1604 2042 de
1631 2007 1830 2050 virginibus
1856 2006 1929 2040 illis

172 2070 213 2099 „a
247 2058 432 2092 daemonio
467 2059 655 2093 exercitis“
695 2063 801 2099 esset,
839 2071 900 2104 per
935 2060 1075 2094 litteras
1111 2061 1308 2102 sciscitato,
1345 2072 1391 2095 ex
1425 2063 1502 2106 ipso
1537 2061 1755 2094 monasterio
1780 2059 1928 2094 Arboris

169 2112 352 2146 Marianae
386 2124 406 2145 a
432 2112 680 2156 religiosarum
716 2113 930 2147 feminarum
957 2113 1079 2157 aliqua
1105 2115 1156 2148 sic
1183 2115 1258 2148 fere
1285 2126 1496 2159 responsum
1523 2126 1622 2148 esse:
1663 2113 1781 2155 ,Duas
1811 2112 1928 2147 adhuc

169 2176 213 2198 ex
239 2164 310 2198 illis
336 2177 525 2209 superesse
552 2167 801 2209 octogenarias
827 2167 1092 2210 propemodum,
1120 2179 1140 2201 a
1167 2168 1296 2211 quibus
1322 2169 1466 2212 saepius
1493 2168 1701 2207 audiuisset,
1726 2178 1771 2199 ne
1796 2177 1926 2209 magno

168 2218 310 2261 quidem
345 2230 383 2252 se
417 2218 512 2252 uelle
546 2219 647 2261 graui
684 2219 746 2253 illa
772 2219 932 2253 caruisse
959 2220 1175 2260 calamitate,
1213 2233 1257 2254 ex
1283 2221 1350 2255 Dei
1375 2221 1562 2254 uoluntate
1587 2222 1681 2259 nata,
1716 2219 1809 2262 quod
1844 2219 1926 2252 inde

167 2271 347 2315 peculiare
382 2272 522 2314 gratiae
549 2272 689 2306 diuinae
715 2272 845 2306 donum
881 2276 916 2307 et
951 2273 1249 2307 illuminationem
1285 2286 1324 2308 se
1351 2276 1590 2317 consequutas
1617 2273 1825 2313 sensissent,
1860 2283 1925 2305 nec

166 2335 270 2358 secus
297 2336 417 2358 earum
443 2326 571 2359 testari
597 2325 729 2359 uitam“
761 2325 829 2368 (De
855 2326 1062 2370 praestigiis
1088 2326 1321 2369 Daenmnum,
1349 2330 1383 2361 et
1410 2326 1725 2366 incantationibus,
1753 2336 1795 2359 ac
1820 2337 1924 2359 uene-

166 2377 268 2421 ficijs,
297 2378 392 2411 Libri
405 2377 459 2419 V„
486 2378 651 2412 Basileae
671 2379 771 2420 1563,
799 2379 985 2413 295-296
1011 2379 1230 2423 417—418).
1266 2380 1440 2414 Poterant
1465 2391 1551 2413 sane
1571 2379 1717 2412 Arboris
1739 2377 1923 2411 Marianae

166 2430 329 2463 monachi
357 2433 393 2464 et
418 2442 542 2464 sacrae
560 2430 720 2474 virgines
746 2432 781 2465 in
808 2432 851 2465 iis
878 2432 1146 2466 calamitatibus
1171 2432 1344 2466 solacium
1371 2444 1498 2477 capere
1525 2443 1570 2465 ex
1596 2432 1690 2465 dicto
1715 2431 1777 2464 illo
1802 2430 1922 2464 Sancti

166 2485 317 2517 Antonii
338 2484 502 2525 Abbatis,
530 2484 622 2527 quod
648 2485 683 2518 in
710 2484 874 2518 versione
900 2485 1050 2528 Evagrii
1075 2488 1161 2520 tunc
1186 2486 1425 2520 usitatissima
1450 2486 1503 2519 sic
1527 2485 1654 2519 habet:
1681 2484 1922 2518 Daemonibus

170 2536 319 2577 „hostile
358 2540 481 2570 contra
520 2549 641 2571 omnes
679 2538 911 2579 Christianos,
955 2539 1110 2572 maxime
1151 2551 1237 2573 vero
1275 2542 1400 2573 contra
1441 2538 1644 2579 monachos,
1683 2537 1801 2571 odium
1843 2538 1917 2570 est“

169 2588 314 2632 (Miyne,
353 2589 392 2623 Ρ.
419 2602 471 2633 gr.
504 2590 623 2624 XXVI
654 2589 760 2633 877);
803 2593 968 2635 poterant
1009 2602 1048 2625 se
1082 2591 1259 2625 consolari
1293 2592 1379 2626 vitis
1417 2591 1638 2631 Sanctorum,
1674 2593 1714 2624 ut
1751 2590 1785 2624 S.
1822 2590 1920 2623 Petri

166 2640 377 2682 Coelestini,
414 2642 448 2676 in
476 2653 547 2686 qua
572 2647 749 2684 narratur,
784 2644 991 2677 monasterii
1016 2645 1211 2688 magellani
1237 2644 1466 2678 sanctissime
1501 2645 1545 2678 ab
1572 2656 1612 2677 eo
1647 2643 1801 2677 instituti
1828 2654 1920 2676 com-

165 2693 285 2737 plures
319 2695 450 2729 fratres
481 2707 607 2740 „saepe
634 2697 769 2730 vidisse
796 2697 921 2730 turbas
948 2697 1170 2738 daemonum,
1209 2698 1245 2731 in
1272 2697 1366 2731 silva
1393 2698 1488 2731 circa
1514 2698 1609 2731 hunc
1634 2696 1751 2730 locum
1777 2695 1919 2738 rugien-

164 2746 263 2786 tium,
299 2747 565 2792 volentiumque
600 2749 661 2782 sed
697 2761 767 2783 non
802 2750 1000 2784 valentium
1034 2750 1203 2784 introire“
1235 2751 1342 2792 (Acta
1377 2752 1590 2784 Sanctorum
1622 2749 1708 2782 Maii
1734 2749 1794 2790 IV,
1830 2749 1917 2782 Ant-

165 2799 309 2842 verpiae
329 2800 429 2841 1685,
447 2801 552 2844 488);
581 2804 722 2846 poterat
739 2802 892 2846 denique
911 2805 1018 2837 etiam
1036 2803 1134 2837 Deus
1152 2803 1306 2845 efficere,
1334 2806 1374 2837 ut
1393 2803 1557 2837 Canisius
1578 2803 1631 2836 vir
1656 2801 1916 2841 sanctissimus,

165 2851 283 2893 specie
309 2852 518 2887 daemonum
545 2854 635 2895 visa,
662 2866 722 2888 eos
748 2855 1004 2890 consolaretur.

285 3001 296 3020 ¹
322 3001 372 3035 De
406 3002 472 3036 hoc
505 3005 720 3039 monasterio
758 3018 791 3040 v.
819 3006 926 3040 etiam
962 3008 1048 3040 Rob.
1076 3008 1250 3051 Scholten,
1285 3008 1353 3041 Zur
1379 3007 1595 3042 Geschichte
1625 3006 1686 3040 des
1722 3006 1915 3049 Birgitten-

165 3051 328 3086 Klosters
363 3054 397 3086 in
429 3055 683 3097 Marienbaum,
718 3058 754 3091 in
785 3058 1159 3099 „Niederrheinischer
1186 3060 1417 3094 Geschichts-
1451 3060 1521 3094 und
1548 3059 1913 3100 Altertumsfreund“,

165 3104 197 3137 3.
224 3104 359 3148 Jahrg„
386 3106 494 3140 Cleve
523 3109 621 3148 1905,
652 3111 774 3150 1-30,
801 3114 837 3144 et
861 3113 897 3145 J.
926 3114 969 3145 A.
997 3113 1039 3146 F.
1067 3113 1307 3156 Kronenbmy
1333 3113 1370 3147 C.
1398 3113 1458 3147 SS.
1485 3113 1538 3154 R„
1566 3112 1711 3146 Maria's
1736 3111 1912 3156 Heerlijk-

163 3155 245 3190 heid
270 3157 307 3190 in
331 3157 533 3193 Nederland
560 3161 621 3201 ΙΙΙ,
648 3162 873 3197 Amsterdam
903 3164 1003 3205 1905,
1030 3165 1230 3199 479—481.
