2045 3471
222 184 308 227 404
373 181 476 217 1408.
504 180 589 215 Can.
608 179 646 214 L.
665 178 803 213 Kessel.
845 178 946 213 1409.
974 177 1009 212 S.
1027 177 1239 213 Franciscus
1258 177 1300 212 de
1318 177 1449 221 Borgia
1468 177 1512 211 H.
1530 176 1651 211 Natali
1670 179 1705 211 et
1724 176 1762 211 P.
1778 176 1932 211 Canisio.

220 301 247 334 il
272 311 357 345 peso
384 298 476 333 delle
501 296 680 342 prediche,
707 294 868 330 Habilita
894 307 963 329 non
989 295 1015 328 li
1039 305 1217 337 mancara,
1245 305 1304 328 ma
1328 294 1360 328 si
1385 305 1454 339 puo
1480 293 1644 328 dubitare
1667 293 1758 328 delle
1783 303 1847 328 sue
1872 293 1978 328 forze.

222 353 374 387 Piaceno
417 350 532 395 (come
563 349 600 394 jo
635 349 781 383 intendo
816 351 851 383 et
877 359 976 383 come
1008 348 1045 393 jo
1071 347 1192 391 credo)
1231 359 1252 382 a
1277 347 1363 381 tutti
1389 346 1422 380 le
1447 357 1511 380 sue
1537 346 1703 391 prediche
1729 348 1765 381 et
1794 348 1894 380 tanto
1920 347 1980 391 piu

222 407 355 450 quanto
381 414 507 438 manco
532 402 650 436 hanno
676 401 831 447 piaciuto
849 401 960 446 quelli
979 400 1061 435 delli
1087 400 1302 446 predicatori
1327 400 1533 444 precedenti
1558 400 1728 434 Hermete
1754 401 1791 433 et
1817 398 1981 443 Georgio,

221 459 245 492 li
272 457 369 502 quali
394 468 458 502 per
483 456 518 490 la
542 455 617 490 loro
644 455 804 497 durezza,
831 455 951 489 colera
979 456 1014 488 et
1036 453 1267 488 indiscretion
1287 452 1344 486 nel
1362 452 1576 497 reprendere
1593 452 1619 486 11
1636 452 1729 498 vitij,
1746 452 1778 487 si
1795 463 1880 487 sono
1898 452 1981 486 fatti

221 511 340 546 odiati.
376 510 397 544 J
400 510 411 543 l
429 510 469 544 P.
490 509 643 544 Sassone
660 508 722 554 piu
739 511 834 543 tosto
853 520 938 553 pare
964 507 1149 542 inclinarsi
1166 518 1187 541 a
1205 506 1226 540 l’
1243 506 1334 540 altro
1361 508 1516 540 estremo
1543 507 1578 539 et
1603 505 1818 540 descendere
1844 517 1864 539 a
1883 508 1981 539 certa

220 565 418 609 legierezza
448 562 506 597 nel
532 573 596 596 suo
623 561 808 607 disputare
843 564 879 595 et
913 561 1138 605 raggionare.
1190 559 1235 594 Et
1269 571 1332 604 per
1366 558 1488 593 ordine
1518 558 1602 592 delli
1628 558 1762 593 sudetti
1788 558 1904 599 Padri‚
1931 558 1981 592 lui

221 618 253 652 01
278 617 391 652 recita
417 617 512 650 tutta
537 615 573 650 13
601 626 667 650 sua
692 614 837 660 predica
862 615 985 649 futura
1011 616 1046 648 et
1075 613 1178 658 quasi
1204 624 1345 658 sempre
1371 612 1402 646 si
1426 611 1587 656 tagliano
1613 623 1632 645 o
1658 615 1804 646 mutano
1830 611 1981 646 alchune

221 682 302 706 cose
328 670 394 705 che
419 670 546 715 paiono
572 668 684 703 hauer
709 679 837 713 sapore
864 668 898 702 di
926 667 1096 702 curiosita
1130 678 1149 700 o
1183 667 1264 700 fuor
1299 666 1334 700 di
1366 665 1547 710 proposito
1573 676 1637 710 per
1663 665 1829 700 edificare
1855 667 1981 709 questo

220 723 369 770 populo“
403 723 464 765 (ex
490 724 629 766 autogr.
659 720 722 764 „G.
749 721 813 766 Ep.
840 720 945 754 VIII‘
976 721 1000 755 f.
1029 720 1142 763 167³).

222 849 378 887 1408.
477 849 694 884 CANISIUS
721 848 782 884 P.
805 845 1178 884 LEONARIJO
1206 844 1475 882 KESSEL
1504 844 1557 881 S.
1584 843 1655 887 J„
1682 844 1813 879 rectori
1840 842 1982 887 collegii

412 903 636 938 coloniensis.
927 900 1112 946 Herbipoli
1139 901 1233 934 inter
1258 899 1396 934 exitum
1422 898 1523 933 Febr.
1552 902 1587 933 et
1613 898 1690 932 init.
1718 897 1804 942 Apr.
1832 897 1933 932 1567.

341 969 395 1003 Ex
421 967 584 1013 exemplo
611 967 807 1012 archetypo
834 978 889 1012 ep.
915 978 949 1001 n.
971 966 1074 1001 1429.

344 1041 512 1074 Canisius
538 1040 688 1082 Dilinya
714 1041 770 1072 29.
798 1039 939 1081 Aprilis
967 1040 1057 1071 1567
1083 1037 1239 1070 Kesselio
1264 1036 1427 1079 scripsit:
1463 1035 1673 1079 „Herbipoli
1705 1035 1917 1076 scripseram
1953 1036 1982 1065 et

224 1095 385 1127 miseram
413 1093 588 1137 quaedam
613 1093 655 1125 de
684 1091 898 1125 Cateehismo
925 1102 1016 1134 quae
1040 1091 1154 1123 nescio
1179 1100 1225 1122 an
1252 1091 1324 1122 sint
1348 1088 1449 1122 uobis
1473 1085 1649 1121 redditast

223 1219 377 1257 1409.
486 1215 791 1255 SANCTUS
827 1214 1253 1252 FRANGISOUS
1293 1213 1384 1250 DE
1424 1212 1718 1255 BORGIA,
1758 1212 1982 1258 praepositus

388 1272 568 1317 generalis
594 1271 784 1307 Societatis
810 1271 902 1312 Iesu,
930 1270 1000 1304 PP.
1024 1268 1313 1303 HIERONYMO
1341 1267 1581 1355 ΝΑΤΑΙΙΞΞΠΫΞ
1607 1264 1981 1354 ξξῗᾶῗῄἓῆῗὲῗω.

341 1391 397 1426 Ex
423 1389 578 1435 exempli
597 1388 739 1423 Canisio
766 1387 937 1422 destinati
964 1386 1170 1432 apographo
1197 1386 1258 1430 (A)
1287 1386 1411 1420 eodem
1436 1387 1595 1430 tempore
1621 1384 1756 1429 scripto
1783 1385 1819 1418 et
1844 1384 1879 1417 in
1898 1383 1982 1423 Cod,

227 1446 367 1489 „Germ
386 1444 450 1479 67“
481 1443 506 1478 f.
527 1443 649 1478 1²²—2a
674 1441 809 1487 posito;
836 1441 930 1486 quod
957 1440 1090 1474 contuli
1117 1451 1197 1474 cum
1224 1439 1388 1484 exemplo
1418 1438 1478 1482 (Β)
1508 1438 1629 1472 Natali
1656 1438 1844 1479 destinato,
1872 1447 1983 1481 eoque

223 1499 266 1533 ab
292 1498 414 1542 ignoto
440 1497 582 1531 homine
608 1496 753 1540 scripto,
780 1495 824 1529 ab
850 1494 927 1539 ipso
947 1496 1067 1528 autem
1085 1494 1118 1528 S.
1134 1493 1325 1527 Francisco
1344 1492 1475 1536 Borgia
1500 1492 1683 1535 recognito
1710 1494 1745 1525 et
1762 1489 1983 1534 subscripto;

223 1552 315 1596 quod
351 1552 472 1585 exstat
506 1550 542 1584 in
574 1549 672 1592 „EB“
715 1561 748 1582 n.
777 1548 854 1583 199.
905 1547 1120 1592 Exemplum
1146 1545 1286 1580 Natalis
1322 1557 1365 1579 ex
1392 1545 1586 1589 archetypo
1621 1545 1775 1589 primum
1800 1543 1898 1589 typis
1924 1555 1984 1577 ex-

223 1605 396 1650 scriptum
424 1606 479 1638 est
506 1604 540 1637 in
568 1603 655 1647 Epp.
683 1602 806 1636 Nadal
830 1601 882 1635 III
908 1600 1106 1635 414-418.

340 1672 507 1710 Editoris
525 1671 724 1718 praefatio.
750 1671 979 1717 Apographo,
998 1671 1090 1715 quod
1110 1671 1212 1704 modo
1227 1670 1313 1711 dixi,
1328 1671 1363 1703 in
1378 1670 1546 1713 Registro
1560 1669 1712 1712 Borgiae
1726 1680 1835 1703 manu
1848 1667 1984 1702 librarii

223 1729 361 1773 antiqui
387 1728 423 1762 in
449 1727 610 1770 margine
636 1726 846 1760 adnotatum
873 1728 942 1759 est:
974 1725 1188 1767 „Commune
1214 1735 1277 1768 per
1294 1723 1320 1757 il
1339 1723 1455 1756 Padre
1472 1722 1600 1756 Natale
1619 1725 1654 1756 et
1673 1722 1787 1756 Padre
1806 1721 1980 1756 Canisio.“

222 1782 269 1817 Et
303 1782 426 1816 eodem
461 1780 522 1814 illo
549 1779 604 1813 die
630 1779 686 1813 22.
713 1778 835 1812 Martii
864 1778 953 1812 1567
981 1777 1159 1811 Polancus
1185 1776 1376 1811 Societatis
1405 1775 1623 1810 secretarius
1650 1775 1793 1810 Canisio
1818 1775 1982 1819 scripsit:

223 1835 320 1869 Mitti
355 1835 399 1869 ad
438 1834 552 1879 ipsum
589 1831 781 1877 epistulam
808 1831 961 1875 Borgiae
997 1842 1146 1874 eamque
1181 1829 1387 1874 exemplum
1422 1829 1500 1863 sive
1534 1828 1779 1873 apographum
1807 1828 1983 1872 quoddam

223 1899 301 1923 esse
327 1888 540 1927 litterarum,
568 1897 659 1930 quae
686 1885 728 1918 de
755 1884 916 1928 collegiis
950 1883 1191 1928 herbipolensi
1218 1885 1253 1916 et
1278 1882 1431 1927 spirensi
1458 1882 1563 1915 datae
1590 1882 1820 1915 mitterentur
1846 1881 1888 1915 ad
1915 1880 1983 1914 Na-

224 1941 353 1982 talem;
389 1952 421 1975 v.
458 1940 551 1973 infra
586 1951 618 1984 p.
644 1938 724 1973 408.
775 1938 851 1972 Has
886 1937 996 1980 igitur
1031 1937 1182 1977 litteras,
1219 1938 1259 1970 ut
1295 1947 1339 1970 ex
1375 1935 1497 1969 eodem
1523 1934 1691 1978 Registro
1730 1934 1888 1977 (,.Germ.
1916 1934 1980 1968 67“

224 1996 248 2029 f.
276 1994 327 2038 3³)
357 1993 595 2037 cognoscitur,
622 1991 801 2025 Polancus
826 1990 1051 2034 Moguntiam
1086 1990 1129 2024 ad
1157 1989 1348 2024 Societatis
1383 1988 1544 2022 homines
1578 1988 1686 2030 misit,
1719 1990 1757 2022 ut
1791 1987 1827 2021 hi
1853 1998 1914 2021 eas
1940 1987 1984 2020 ad

223 2047 389 2082 Natalem
432 2045 665 2092 perferendas
708 2045 886 2079 curarent.
950 2043 1011 2077 Sin
1053 2045 1172 2077 autem
1216 2042 1418 2087 exemplum
1459 2041 1601 2075 Canisio
1643 2041 1861 2076 destinatum
1903 2051 1983 2074 cum

224 2100 355 2135 litteris
391 2100 434 2135 ad
460 2099 626 2133 Natalem
663 2097 756 2132 datis
792 2097 995 2138 contuleris,
1032 2095 1220 2139 intelleges
1256 2096 1290 2129 in
1324 2094 1486 2139 exemplo
1514 2094 1646 2129 Canisii
1682 2093 1801 2138 aliqua
1835 2095 1984 2133 mutata,

225 2154 408 2199 complura
435 2153 568 2187 omissa
595 2162 692 2191 esse3
721 2162 812 2195 quae
838 2150 913 2184 suis
939 2150 1026 2184 locis
1051 2149 1192 2183 notabo.
1242 2149 1361 2182 Unum
1387 2150 1538 2189 tantum,
1566 2147 1648 2191 quia
1674 2147 1795 2190 magni
1817 2145 1985 2180 momenti

225 2210 290 2249 est,
325 2206 449 2241 statim
484 2205 681 2248 subiungo:
717 2204 758 2237 In
792 2203 924 2238 litteris
958 2203 1003 2237 ad
1028 2202 1192 2237 Natalem
1228 2202 1348 2236 missis
1374 2204 1454 2246 post
1480 2201 1630 2246 primam
1656 2199 1871 2234 sententiam
1897 2199 1986 2234 haec

229 2262 336 2305 (quae
371 2271 439 2294 non
473 2260 558 2293 sunt
593 2258 628 2292 in
663 2256 817 2302 epistula
844 2256 985 2291 Canisio
1020 2255 1145 2299 missa)
1185 2255 1374 2289 dicuntur:
1412 2257 1468 2297 „et
1502 2266 1563 2299 per
1595 2254 1780 2288 occasione
1806 2253 1840 2287 di
1866 2252 1984 2297 quella

228 2313 263 2357 [i.
291 2326 319 2348 e.
348 2313 441 2347 della
467 2312 676 2346 fundatione
703 2310 759 2344 del
779 2309 936 2353 Collegio
964 2309 1007 2343 de
1026 2308 1222 2353 Herbipoli]
1251 2309 1281 2342 si
1308 2311 1326 2341 e
1352 2309 1501 2342 trattato
1524 2306 1790 2350 generalmente
1808 2306 1865 2340 del
1882 2306 1984 2340 modo

226 2367 262 2401 di
296 2367 351 2400 far
385 2366 418 2400 le
453 2364 663 2408 obligationi
699 2363 763 2398 che
800 2363 917 2397 alcuni
944 2362 1125 2397 ricercano
1151 2361 1243 2395 nelle
1269 2361 1469 2395 fundationi
1495 2360 1538 2394 de
1564 2359 1726 2404 Collegij.
1777 2359 1823 2393 Et
1847 2359 1985 2393 consul-

226 2420 334 2454 tando
360 2419 396 2453 la
421 2429 504 2452 cosa
535 2417 596 2463 piu
621 2416 718 2451 nolte
745 2418 780 2450 et
805 2414 1149 2450 raccomandandola
1176 2417 1196 2448 a
1222 2414 1288 2448 Dio
1314 2413 1357 2448 N.
1385 2413 1532 2456 signore
1558 2413 1602 2447 ho
1629 2413 1721 2446 satta
1746 2414 1873 2456 questa
1898 2411 1985 2446 riso·

226 2472 371 2513 lutione⁷
407 2471 472 2506 che
507 2482 577 2505 non
603 2470 799 2504 solamente
829 2469 864 2503 la
890 2467 1110 2513 Compagnia
1136 2470 1259 2501 nostra
1284 2479 1354 2500 non
1379 2467 1410 2500 si
1436 2465 1570 2509 oblighi
1598 2465 1641 2499 ad
1667 2465 1759 2507 altri,
1785 2464 1878 2499 nelle
1904 2475 1985 2499 cose

227 2525 403 2571 prohibite
437 2536 500 2569 per
526 2524 559 2558 10
586 2522 840 2558 Constitutioni
865 2524 998 2562 nostre,
1034 2532 1133 2555 come
1158 2532 1244 2555 sono
1271 2520 1304 2554 le
1330 2519 1508 2564 prediche,
1535 2518 1757 2559 confessioni,
1785 2519 1819 2551 et
1844 2517 1985 2552 lettioni

228 2579 262 2613 di
288 2577 483 2621 Theologia
499 2579 519 2619 ¹,
554 2588 612 2610 ma
637 2588 680 2610 ne
708 2575 820 2610 anche
847 2587 885 2610 se
911 2577 1039 2616 stessa,
1074 2574 1119 2608 da
1144 2574 1201 2618 poi
1228 2573 1293 2607 che
1318 2573 1437 2607 l’altra
1462 2574 1564 2617 parte
1593 2570 1723 2605 habbia
1748 2571 1840 2605 satta
1866 2571 1901 2605 la
1927 2571 1984 2605 do-

228 2631 382 2672 natione,
417 2631 587 2665 massime
621 2641 660 2663 se
698 2629 733 2663 la
767 2630 844 2663 fece
879 2640 945 2663 con
971 2638 1143 2672 speranza
1169 2627 1234 2661 che
1260 2626 1511 2670 seguitarebbe
1536 2625 1593 2669 poi
1619 2624 1713 2658 dalla
1737 2626 1838 2668 parte
1864 2626 1986 2659 nostra

228 2685 301 2718 tale
333 2684 562 2728 obligatione.
613 2682 691 2716 Non
717 2693 800 2716 sara
826 2682 969 2726 dunque
995 2680 1266 2714 inconueniente
1302 2679 1485 2723 obligarci‚
1521 2677 1660 2721 quando
1695 2676 1727 2711 ci
1753 2679 1879 2721 parera
1905 2689 1984 2712 con-

229 2738 330 2771 uenir
356 2737 391 2771 al
417 2737 564 2771 seruitio
591 2736 720 2777 diuino,
747 2737 766 2769 3
792 2734 933 2769 lettioni
959 2733 993 2768 di
1019 2733 1146 2767 lettere
1171 2733 1335 2774 humane,
1357 2731 1478 2772 latine,
1505 2729 1644 2773 greche‚
1671 2741 1689 2763 o
1707 2730 1918 2772 Hebraiche,
1940 2742 1984 2764 ne

229 2790 299 2824 alla
325 2790 517 2825 Rhetorica
550 2801 594 2823 ne
630 2789 700 2822 alla
726 2787 968 2832 Philosophia,
1003 2798 1061 2820 ma
1095 2787 1116 2820 3
1151 2786 1214 2820 dar
1249 2784 1462 2830 predicator-i
1494 2795 1513 2817 o
1539 2782 1733 2817 confessori
1759 2794 1777 2816 0
1803 2782 1923 2817 lettori
1950 2783 1985 2817 di

231 2843 435 2887 Theologia,
470 2854 509 2877 se
542 2854 611 2876 non
646 2843 745 2876 fusse
771 2840 952 2886 pigliando
978 2839 999 2873 l'
1015 2842 1161 2873 assunto
1187 2838 1268 2872 dell’
1284 2837 1502 2879 Vniuersita,
1528 2836 1564 2869 in
1589 2837 1715 2879 questo
1740 2835 1889 2869 ultimo2
1914 2848 1983 2870 non

230 2895 278 2928 mi
312 2908 396 2939 pare
431 2896 460 2930 si
492 2896 608 2930 faccia
634 2894 850 2937 obligatione
875 2893 1004 2928 alcuna
1031 2892 1138 2926 etiam
1164 2891 1353 2935 obligando
1378 2890 1413 2924 13
1439 2888 1657 2933 compagnia
1682 2899 1721 2922 se
1746 2890 1874 2923 stessa.
1924 2889 1983 2923 Ma

231 2947 267 2980 in
292 2950 387 2982 tutta
414 2951 542 2992 questa
567 2950 668 2992 parte
695 2947 752 2981 chi
777 2949 883 2981 uorra
911 2945 1072 2991 GoUegij,
1099 2945 1231 2979 douera
1256 2944 1380 2978 fidarsi
1406 2942 1499 2977 della
1524 2942 1647 2975 nostra
1673 2940 1901 2986 Compagnia,
1928 2943 1983 2976 cui

230 3000 300 3033 fine
326 3001 475 3034 essendo
500 3001 521 3034 l’
537 3002 633 3034 aiuto
660 3000 742 3034 dell'
756 3000 884 3040 anime,
911 3001 947 3033 et
972 2998 1121 3033 essendo
1147 2997 1259 3032 anche
1284 2997 1359 3031 noti
1384 2995 1409 3029 li
1434 2993 1621 3038 ministerij
1640 2993 1819 3038 spirituali
1836 2994 1901 3029 che
1919 3006 1983 3029 usa

232 3052 382 3086 secondo
409 3053 433 3086 il
459 3064 521 3087 suo
550 3054 736 3094 Justituto,
762 3064 832 3087 non
857 3053 940 3086 sara
966 3063 1053 3095 gran
1081 3062 1163 3085 cosa
1193 3050 1258 3084 che
1283 3050 1314 3084 si
1339 3049 1447 3083 fidino
1473 3047 1507 3081 di
1532 3046 1601 3087 noi,
1627 3045 1793 3081 lassando
1819 3048 1840 3081 3
1864 3048 1922 3081 1101
1948 3047 1983 3081 13

353 3164 362 3182 ²
389 3162 480 3195 Vide
507 3174 614 3206 supra
639 3174 672 3207 p.
692 3163 786 3197 3942.
932 3163 945 3182 ²
971 3162 1062 3196 Vide
1087 3172 1195 3206 supra
1222 3172 1254 3205 p.
1283 3159 1480 3195 365-367.
