2077 3461
604 228 649 262 ΙΙ.
676 227 899 262 Prooemium
926 226 1121 262 voluminis
1145 226 1272 270 quinti.
1726 226 1819 256 XVII

182 349 233 391 V.
267 348 357 398 Quo
389 347 565 402 propius
596 346 851 400 faciliusque
883 345 937 388 ad
969 359 1051 395 res,
1086 358 1197 398 quae
1228 344 1403 398 scriptis
1434 344 1559 386 huius
1591 343 1820 386 voluminis

64 412 495 467 comprehenduntur,
530 411 726 461 accedas,
761 424 907 453 earum
939 409 1008 452 hic
1039 423 1150 464 pono
1183 423 1452 452 summam.

183 499 213 533 1.
241 498 400 540 Quonam
427 497 504 532 loco
531 500 633 532 erant
658 497 692 531 in
713 497 904 531 Germania
929 495 1032 530 annis
1053 495 1284 530 1565-1567
1312 506 1370 529 res
1396 494 1569 530 ecclesiae
1592 494 1820 529 catholicae?

63 552 269 597 Respondet
294 551 469 592 Canisius,
500 550 787 593 religionem
823 550 996 584 misere
1030 549 1204 583 iacere.
1252 548 1391 582 Desunt
1416 548 1631 587 sacerdotes,
1658 547 1821 592 inprimis

64 605 326 640 contionatores
347 604 407 647 (80
428 604 494 638 188
513 603 582 638 320
600 603 669 638 518
687 603 784 646 528).
826 603 866 637 ln
884 602 1081 636 Franconia
1099 601 1274 642 orientali,
1300 602 1356 636 cui
1375 601 1533 646 episcopi
1551 601 1821 645 herbipolenses

64 661 102 693 et
125 658 162 692 in
179 657 293 692 sacris
311 660 346 692 et
363 658 399 691 in
417 656 585 691 civilibus
603 656 709 691 rebus
726 656 914 701 imperant,
933 654 1077 700 plurimi
1094 656 1180 688 sunt
1196 653 1353 694 nobiles;
1375 655 1438 688 sed
1462 654 1706 699 „paucissimi“
1730 653 1822 687 inter

63 722 124 746 eos
147 710 342 753 „Catholici
367 709 613 755 reperiuntur“
636 709 756 752 (128);
784 708 915 743 ibidem
941 707 1088 753 parochi
1113 707 1218 742 multi
1248 709 1473 752 „apostatare
1494 706 1678 740 videntur“
1701 701 1820 749 (129);

63 764 149 799 urbs
163 763 422 809 herbipolensis
436 764 491 796 est
509 761 719 804 „haereticis
738 761 962 806 opinionibus
979 761 1131 795 multum
1150 760 1307 795 imbuta“
1329 760 1447 803 (128);
1467 759 1586 794 clerus
1605 759 1700 801 „suis
1714 759 1821 793 abun-

65 818 127 852 dat
144 817 263 860 1ξ11115”ι
284 817 403 861 (128);
429 815 618 860 episcopus
635 826 702 848 non
722 814 830 849 audet
852 814 930 848 sine
947 813 1122 848 militibus
1139 813 1199 848 vel
1216 825 1260 847 ex
1280 825 1361 848 arce
1380 813 1477 847 exire
1497 813 1554 847 vel
1580 813 1616 847 in
1634 812 1822 847 ecclesiam

65 869 306 905 cathedralem
332 868 457 903 venire
483 867 596 911 (129).
634 868 884 902 Protestantes
902 870 1022 901 autem
1050 867 1120 901 iam
1151 866 1379 911 episcopatus
1398 866 1611 901 Germaniae
1637 865 1713 900 fere
1743 867 1822 899 octo

69 923 282 967 „devorant“
315 922 399 966 (169
430 922 536 963 174);
570 920 860 965 archiepiscopus
894 919 1217 963 magdeburgensis
1250 919 1445 954 novissime
1480 919 1523 954 ab
1559 919 1711 953 ecclesia
1745 918 1823 963 ipse

65 977 198 1012 defecit
234 976 347 1019 (169).
398 974 603 1017 Osnaburgi
637 973 773 1013 nonis,
809 974 869 1017 qui
896 976 951 1007 est
976 973 1075 1007 urbis
1102 972 1291 1018 episcopus
1327 972 1434 1007 simul
1469 976 1505 1006 et
1538 972 1724 1017 princeps,
1759 971 1822 1006 sed

65 1030 260 1065 Lutherani
290 1029 518 1063 dominantur
537 1027 650 1071 (157).
692 1027 733 1060 111
756 1026 978 1061 dioecesibus
996 1026 1185 1067 bremensi,
1210 1026 1397 1066 mindensi,
1424 1025 1592 1060 verdensi
1608 1026 1672 1059 vix
1689 1036 1824 1069 paucae

67 1083 331 1118 Catholicorum
356 1081 529 1125 reliquiae
555 1079 793 1115 cernebantur
812 1080 926 1123 (153).
969 1079 1137 1113 Treveris
1162 1079 1312 1113 Ioannes
1330 1091 1401 1113 von
1419 1079 1482 1113 der
1499 1078 1618 1123 Leyen
1645 1078 1824 1112 salutatus

66 1138 145 1171 erat
157 1135 447 1180 archiepiscopus
462 1145 553 1168 anno
570 1134 678 1173 1556;
698 1144 813 1177 neque
828 1144 913 1166 vero
928 1132 1230 1166 consecrationem
1250 1132 1488 1177 episcopalem
1506 1143 1551 1166 ne
1569 1143 1660 1166 anno
1679 1131 1823 1175 quidem

69 1190 159 1224 1565
185 1188 341 1223 habebat
368 1187 488 1231 (135);
517 1187 639 1221 eadem
666 1186 934 1221 consecratione
960 1185 1027 1220 hoc
1051 1196 1143 1219 anno
1170 1185 1315 1220 carebat
1341 1185 1449 1219 etiam
1476 1185 1626 1219 Ioannes
1651 1185 1695 1219 ab
1722 1184 1824 1225 Hoia,

68 1242 129 1287 qui
166 1242 208 1276 12
234 1241 338 1275 annis
363 1242 445 1275 ante
472 1240 608 1274 electus
644 1242 721 1273 erat
756 1238 945 1284 episcopus
980 1238 1259 1281 osnaburgensis
1289 1238 1410 1281 (154);
1447 1238 1571 1272 eodem
1606 1240 1762 1282 tempore
1788 1237 1823 1270 in

68 1295 290 1340 amplissima
315 1293 379 1327 illa
403 1292 659 1328 archidioecesi
685 1292 880 1326 coloniensi
906 1302 975 1325 non
993 1293 1081 1332 erat,
1109 1292 1169 1335 qui
1195 1302 1318 1325 sacros
1335 1291 1477 1325 ordines
1496 1291 1657 1325 conferre
1682 1291 1822 1335 posset:

67 1360 150 1383 nam
185 1348 373 1392 episcopus
406 1347 656 1389 suffraganeus
683 1345 818 1379 duobus
853 1344 956 1379 annis
982 1347 1065 1378 ante
1100 1347 1262 1378 mortuus
1297 1346 1392 1383 erat;
1429 1347 1466 1378 et
1491 1345 1551 1388 qui
1577 1344 1646 1378 iam
1673 1344 1754 1378 inde
1781 1343 1824 1377 ab

69 1413 160 1436 anno
187 1400 278 1435 1562
304 1399 563 1445 archiepiscopi
587 1410 715 1433 nomen
742 1398 900 1442 gerebat,
936 1410 1050 1442 neque
1086 1398 1285 1432 sacerdotio
1315 1397 1490 1438 initiatus,
1523 1408 1638 1441 neque
1665 1409 1685 1431 a
1711 1397 1824 1441 ponti-

68 1455 135 1489 fice
159 1453 391 1488 confirmatus
416 1454 493 1487 erat
519 1451 636 1496 (142).
677 1450 845 1496 Episcopi
870 1450 975 1484 multi
1004 1451 1223 1493 „dormiunt“
1254 1451 1382 1495 potius,
1410 1462 1517 1494 quarn
1543 1453 1584 1484 ut
1613 1450 1735 1493 „gregi
1760 1460 1825 1484 suo

69 1506 246 1553 pascendo
273 1504 513 1549 advigilent“;
540 1516 657 1538 rerum
684 1515 869 1538 sacrarum
895 1504 1011 1547 ignari
1030 1506 1133 1544 sunt;
1164 1503 1246 1546 „vix
1264 1515 1356 1538 unus
1382 1506 1418 1537 et
1436 1503 1528 1538 alter
1545 1502 1749 1547 Theologus
1767 1501 1826 1536 vel

70 1560 264 1595 Canonista
289 1559 413 1593 multis
439 1558 547 1592 etiam
566 1557 752 1602 Episcopis
771 1557 915 1600 adiungi
935 1557 1046 1591 solet“
1071 1556 1184 1600 (518).
1210 1556 1322 1590 Iidem
1341 1556 1523 1590 antistites
1546 1567 1641 1598 „rem
1659 1555 1824 1590 ecclesia-

69 1613 198 1648 sticam
231 1613 308 1646 fere
341 1611 378 1646 in
404 1611 598 1646 Germania
623 1610 849 1655 desperatam
876 1610 1022 1654 putant“
1055 1609 1177 1654 (519);
1212 1609 1341 1643 timent
1376 1609 1470 1643 enim
1504 1609 1684 1654 principes
1710 1610 1825 1653 prote-

68 1668 226 1706 stantes;
261 1665 390 1699 timent
421 1664 528 1698 etiam
555 1675 659 1698 suum
695 1662 847 1703 clerum;
890 1662 1002 1706 „alius
1028 1662 1135 1696 alium
1172 1664 1371 1707 exspectat,
1408 1662 1467 1706 qui
1503 1661 1639 1707 primus
1674 1661 1825 1704 glaciem

64 1719 245 1762 frangat“.
294 1718 350 1752 Ita
389 1717 594 1760 „ordinandi
625 1728 696 1750 11011
730 1716 798 1750 rite
825 1715 1118 1755 exaniinantur“;
1154 1715 1278 1750 multis
1305 1715 1408 1748 annis
1433 1714 1553 1749 nullae
1588 1714 1825 1755 visitationes,

65 1772 186 1806 nullae
211 1771 339 1817 synodi
365 1771 543 1805 habentur
571 1769 804 1813 (411—412).

184 1825 223 1858 In
259 1823 525 1859 cathedralibus
561 1822 723 1857 ecclesiis
759 1821 1056 1865 argentoratensi,
1093 1821 1297 1862 coloniensi,
1332 1820 1583 1866 herbipolensi,
1616 1820 1827 1864 moguntina

65 1879 257 1917 canonicos
285 1889 373 1920 „non
400 1877 543 1911 deesse“
574 1876 736 1920 queritur
762 1874 936 1916 Canisius,
972 1875 1032 1919 qui
1062 1874 1181 1919 palam
1206 1873 1385 1908 haeresim
1410 1873 1664 1919 profiteantur;
1700 1873 1826 1908 horum

65 1943 235 1966 numerus
270 1930 572 1975 augerisvidetur
609 1929 731 1972 (516);
767 1928 927 1962 canonici
961 1927 1117 1968 nobiles,
1153 1939 1232 1961 cum
1271 1928 1525 1971 „depravatam
1560 1927 1635 1960 fere
1670 1927 1827 1961 habeant

66 1984 332 2020 educationem*
363 1986 399 2017 et
424 1983 460 2017 111
486 1982 650 2017 ecclesiis
676 1980 942 2016 cathedralibus
973 1980 1100 2022 „nimia
1119 1979 1284 2014 libertate
1303 1980 1521 2023 gaudeant‘,
1552 1992 1638 2022 „non
1660 1979 1827 2014 ecclesia-

65 2037 158 2079 stici,
189 2037 252 2071 sed
278 2036 453 2070 militares
479 2035 582 2080 plane
609 2035 770 2069 homines
796 2039 831 2068 et
856 2045 941 2079 prae
968 2034 1120 2068 caeteris
1146 2032 1323 2067 saeculari
1348 2032 1516 2067 licentiae
1542 2044 1688 2078 prorsus
1715 2033 1826 2067 dediti

66 2090 254 2132 videntur²
295 2089 379 2132 (128
417 2088 633 2132 516—517).
684 2087 926 2122 Ecclesiarum
961 2087 1221 2121 cathedralium
1256 2085 1377 2120 clerici
1411 2086 1516 2120 multi
1549 2086 1708 2121 moribus
1743 2088 1827 2120 sunt

70 2143 341 2186 „foedissimis“,
377 2142 506 2186 quibus
538 2144 656 2181 totum
691 2142 849 2176 ordinem
884 2140 1179 2175 ecclesiasticum,-
1209 2140 1263 2182 „in
1294 2140 1411 2173 maius
1445 2140 1564 2174 odium
1597 2144 1631 2174 et
1658 2140 1826 2185 probrum

67 2197 268 2237 adducunt⁴⁴
293 2197 406 2239 (517).
442 2195 655 2229 Cathedrale
674 2194 869 2239 capitulum
888 2197 1141 2237 augustanum,
1160 2205 1241 2227 cum
1259 2192 1430 2227 cardinali
1445 2193 1644 2227 Truchsess
1661 2193 1825 2237 primum,

67 2253 107 2285 ut
131 2249 291 2284 scholam
318 2249 536 2292 dilinganam
561 2248 731 2282 Societati
756 2248 928 2289 traderet,
952 2246 1139 2287 suasisset,
1166 2246 1292 2280 deinde
1318 2246 1554 2291 pactionibus,
1582 2257 1671 2290 quas
1697 2246 1757 2280 ille
1784 2246 1827 2280 de

68 2303 190 2338 eadem
218 2302 342 2337 schola
368 2314 449 2336 cum
475 2301 652 2335 Societate
678 2301 825 2341 fecerat,
852 2301 1021 2334 assentiri
1047 2299 1190 2333 nolebat
1219 2300 1302 2342 (112
1330 2299 1436 2342 538);
1468 2299 1565 2333 urbis
1592 2303 1827 2342 augustanae,

67 2356 351 2401 protestantibus
377 2355 514 2400 plenae,
550 2366 715 2399 proceres
744 2353 912 2388 catholici
946 2355 1053 2397 atque
1089 2353 1196 2386 etiam
1232 2352 1426 2386 cardinalis
1454 2353 1687 2396 Augustanus
1722 2352 1827 2386 vehe-

68 2412 205 2444 menter
236 2409 417 2453 optabant,
452 2410 493 2441 ut
517 2406 677 2441 Societas
704 2408 889 2451 Augustae
925 2418 1114 2452 puerorum
1150 2405 1309 2440 scholam
1345 2405 1492 2439 haberet
1531 2406 1613 2449 (525
1650 2406 1753 2449 545);
1790 2408 1828 2440 at

69 2462 265 2508 capitulum
290 2462 334 2496 iis
360 2460 604 2501 obnitebatur;
633 2460 813 2501 canonico,
840 2459 901 2503 qui
926 2459 1051 2504 templi
1069 2459 1287 2493 cathedralis
1313 2459 1519 2504 parochiam
1543 2459 1828 2497 administrabat,

70 2516 292 2561 displicebat,
328 2515 420 2558 quod
455 2513 579 2548 fideles
605 2515 910 2547 sacramentorum
937 2524 1047 2547 causa
1074 2512 1118 2546 ad
1145 2511 1336 2546 Societatis
1362 2512 1566 2546 sacerdotes
1592 2512 1829 2546 accurrebant

70 2570 168 2612 (68);
204 2568 352 2603 timebat
379 2568 537 2601 eiusdem
563 2566 687 2611 templi
712 2566 974 2609 ludimagister,
1012 2578 1056 2599 ne
1082 2577 1145 2610 per
1171 2565 1292 2599 Socios
1317 2565 1401 2599 ludo
1427 2566 1702 2599 submoveretur
1729 2565 1827 2609 (68);

70 2622 283 2657 dictitabant
309 2620 480 2660 canonici,
508 2619 705 2664 capitulum
730 2619 824 2653 nolle
852 2631 913 2663 per
932 2619 1115 2659 Flandros,
1142 2618 1264 2660 Italos,
1291 2618 1470 2662 Hispanos
1497 2618 1683 2652 reformari
1713 2619 1826 2662 (534).

72 2676 125 2709 Ex
150 2675 256 2710 huius
282 2675 393 2718 igitur
419 2673 561 2717 generis
589 2672 769 2706 canonicis
796 2672 954 2717 episcopi
981 2671 1226 2714 eligebantur;
1254 2683 1299 2704 ex
1324 2671 1381 2704 his
1408 2671 1575 2716 capitulis
1601 2672 1828 2715 germanicae

70 2728 243 2763 ecclesiae
269 2727 487 2772 prosperitas
514 2726 706 2759 maximam
734 2729 872 2770 partem
899 2725 1096 2770 pendebat!
1142 2724 1371 2768 (516—517.)

188 2781 430 2815 Sacerdotium
467 2791 530 2823 per
564 2781 676 2812 totam
704 2777 932 2812 Germaniam
958 2778 1075 2821 magis
1101 2779 1288 2821 magisque
1319 2778 1354 2810 in
1381 2780 1622 2821 contemptum
1650 2778 1827 2817 veniebat,

71 2834 154 2878 quia
179 2846 200 2868 a
225 2833 347 2867 multis
366 2832 542 2877 episcopis
560 2831 804 2876 praelatisque
822 2843 890 2865 11011
909 2831 1183 2876 suscipiebatur,
1210 2830 1366 2875 perinde,
1393 2829 1510 2874 inquit
1529 2831 1703 2865 Canisius.
1731 2842 1772 2864 ac
1798 2831 1828 2865 si

72 2888 168 2932 ipsos
197 2887 386 2932 „puderet“
417 2885 641 2920 sacerdotum
668 2885 874 2918 muneribus
901 2885 1001 2927 fungi
1030 2884 1142 2926 (175).
1192 2883 1408 2927 Respublica
1433 2882 1645 2917 coloniensis
1675 2884 1829 2926 „clerum

71 2952 140 2975 non
166 2940 272 2974 valde
298 2942 490 2984 purgatum
525 2938 697 2972 habebat*
733 2937 844 2980 (172).
895 2938 935 2970 111
962 2937 1090 2981 amplis
1118 2936 1189 2970 illis
1216 2937 1331 2977 terris,
1359 2947 1450 2980 quae
1476 2937 1556 2970 duci
1582 2937 1767 2971 iuliacensi
1794 2941 1829 2971 et

71 2992 222 3028 clivensi
248 2992 433 3037 parebant,
460 2991 577 3025 clerus
604 3002 668 3025 nec
694 2990 825 3024 litteris
852 3002 916 3024 nec
943 2990 1076 3034 pietate
1104 2990 1301 3023 instructus
1328 2992 1404 3023 erat
1425 2990 1507 3033 (667
1527 2990 1625 3033 677).
1664 2990 1703 3023 111
1725 2991 1829 3024 Brevi

71 3046 114 3080 ad
134 3046 317 3090 episcopos
335 3045 663 3084 monasteriensem,
682 3043 892 3088 spirensem,
919 3043 1008 3076 alios
1026 3042 1135 3076 misso
1154 3042 1188 3076 8.
1208 3043 1292 3076 Ρ1115
1308 3042 1349 3076 V.
1367 3043 1596 3076 vehementer
1614 3047 1829 3087 conquestus

72 3102 128 3133 est
153 3099 196 3132 de
223 3097 477 3132 ecclesiasticis
504 3097 719 3131 concubinas
746 3096 853 3129 etiam
886 3107 1026 3138 „secum
1054 3095 1330 3136 circumducere,
1367 3098 1401 3130 et
1432 3096 1466 3129 in
1493 3096 1654 3130 ecclesiis
1681 3108 1721 3130 ac
1748 3109 1829 3130 con-

73 3151 180 3185 viviis
207 3151 393 3185 ostendere
420 3150 555 3184 solffis‘
589 3149 701 3193 (156).
757 3148 1226 3191 „Excommunicationum‘,
1260 3148 1460 3183 conclamat
1485 3149 1661 3183 Canisius.
1695 3151 1827 3191 „omnia

72 3204 147 3239 fere
173 3204 277 3249 plena
303 3206 397 3244 sunt,
424 3206 460 3237 et
486 3204 520 3236 111
541 3203 654 3237 sacris
672 3214 729 3235 res
749 3202 867 3245 agitur
886 3201 1194 3244 negligentissime
1214 3202 1551 3245 indignissimequ&
1585 3202 1696 3244 (518).
1742 3202 1828 3235 Con—

142 3267 449 3299 Braunsberger,
471 3265 582 3292 Canisii
603 3265 757 3299 Epistulae
778 3266 809 3290 ct
827 3265 911 3290 Acta.
937 3264 970 3291 V.
1525 3261 1544 3291 1»
