2045 3471
191 209 275 249 268
388 204 490 239 1330.
519 203 684 238 Canisius
710 203 745 238 S.
762 203 952 237 Francisco
979 202 1022 236 de
1048 202 1189 245 Borgia.
1242 200 1441 246 Oeniponte
1469 202 1523 236 15.
1542 201 1635 236 Iunii
1663 202 1762 236 1566.

189 325 244 358 lai
275 325 307 357 si
341 322 548 356 contentam
577 332 646 364 per
681 322 710 355 le
743 322 911 364 rayytoni
937 321 1018 354 miei
1044 321 1065 354 ὰ
1091 320 1146 352 lai
1169 321 1288 353 seriae
1313 320 1524 363 d’Isprnclz,
1559 324 1589 353 et
1623 325 1740 364 questo
1768 319 1856 353 sara
1884 319 1953 362 piu

190 377 380 420 espediente
404 386 511 408 senza
537 375 643 407 dubio
663 385 732 417 per
756 376 918 417 maqqior
944 374 1025 406 bene
1051 374 1088 406 di
1114 373 1248 406 Nostra
1278 371 1530 416 Coaenpaynia.“

310 439 476 474 Canisius
501 439 557 473 29.
577 438 665 472 Maii
693 439 783 473 1566
810 439 978 482 Augusta
1004 437 1241 482 Oenipontem
1268 438 1450 482 profectus
1478 438 1564 478 erat,
1600 439 1641 471 ut
1665 437 1708 471 de
1735 436 1953 471 confessario

190 492 516 527 archiducissarum
535 492 686 536 aliisque
704 492 859 535 negotiis
877 493 1016 535 ageret;
1035 490 1118 524 vide
1137 502 1246 535 supra
1263 502 1296 535 p.
1316 490 1385 524 223
1404 492 1440 524 et
1456 490 1551 525 infra
1568 502 1661 525 mon.
1681 502 1757 525 oen.
1780 488 1952 534 (3)—(5).

309 545 475 579 Amulius
503 544 644 579 Canisio
671 545 787 579 medio
813 545 889 579 fere
916 556 961 579 m.
980 543 1070 578 Iulio
1099 544 1189 578 1566
1216 543 1413 589 rescripsit.

190 668 346 705 1330.
444 668 661 704 CANISIUS
699 666 964 704 SANGTO
992 665 1381 703 FRANGISCO
1413 665 1506 702 DE
1532 664 1820 709 BORGIA,
1855 677 1955 710 prae-

356 723 473 768 posito
500 722 659 766 generali
687 722 877 757 Societatis
904 722 996 756 Iesu.
1387 719 1586 765 Oeniponte
1614 720 1668 755 15.
1687 719 1780 754 Iunii
1807 720 1908 754 1566.

318 795 372 827 De
398 794 502 827 rebus
531 793 722 836 Oeniponte
747 804 823 826 eum
851 793 1105 826 archidacissis
1130 803 1152 824 a
1178 803 1212 825 se
1238 792 1434 825 constitutis
1460 796 1518 824 etc.

310 853 396 885 Vide
421 853 608 896 epistulam
629 853 795 894 proxime
822 852 1075 885 antecedentem
1102 855 1131 884 et
1158 852 1280 892 (infra.
1299 862 1331 883 n.
1352 851 1464 890 1335)
1484 851 1639 892 Βονρίαε
1665 849 1800 882 litteras
1819 851 1848 882 6.
1869 848 1956 882 Iulii

195 908 287 940 1566
313 907 428 948 (latas,
457 906 583 948 quibus
609 906 639 938 is
668 905 813 938 Canisio
840 906 1032 947 respondit.
1075 905 1161 947 Ipsa
1188 905 1279 936 enim
1306 904 1456 947 epistula
1487 903 1626 936 C'anisii
1644 904 1782 945 perisse
1807 902 1955 935 videtur.

195 959 354 993 Ceterum
380 959 533 991 eiusdem
559 959 728 1001 epistulae
744 959 952 990 mentionem
977 959 1060 1000 feeit
1079 958 1181 990 etiam
1201 958 1356 999 Boryias
1373 957 1487 989 Roma
1507 959 1537 990 6.
1557 956 1645 989 Iulii
1665 958 1755 989 1566
1773 955 1811 988 P.
1832 954 1958 987 Natali

190 1012 345 1045 scribens
355 1023 366 1044 .·
393 1012 470 1055 „Lo
489 1012 530 1044 de
549 1011 733 1053 Hisprueh
763 1016 863 1053 tenyo
890 1012 992 1044 amiso
1010 1010 1065 1043 del
1083 1011 1122 1044 P.
1142 1010 1287 1043 Canisio
1306 1021 1372 1053 que
1388 1020 1423 1042 se
1442 1008 1601 1042 comem&
1620 1009 1694 1041 bien
1716 1008 1737 1041 «i
1755 1004 1955 1051 disponer.“

194 1066 305 1109 (Epp.
333 1065 456 1098 Nadaz
482 1065 549 1097 III
571 1065 669 1105 177.)
709 1064 757 1097 Et
783 1064 960 1097 Polemone
985 1064 1099 1097 Roma
1127 1066 1183 1097 23.
1211 1064 1299 1096 Iulii
1318 1065 1410 1096 1566
1439 1063 1583 1096 Canisio
1609 1062 1765 1095 scribens
1789 1064 1958 1094 memorat

192 1119 344 1152 eiusdem
370 1118 508 1151 litteras
534 1118 598 1161 „de
625 1144 632 1150 .
649 1144 655 1150 .
672 1143 680 1150 .
709 1120 763 1150 15.
790 1118 829 1149 di
851 1116 1005 1160 ῃῐίᾳμιοα
1035 1118 1082 1149 ad
1107 1118 1280 1159 Boryiam
1307 1117 1411 1149 datas
1438 1117 1534 1157 (vide
1559 1117 1662 1157 infra
1687 1126 1722 1148 n.
1752 1114 1874 1155 1340).

312 1187 476 1222 Canisius
518 1187 612 1232 apud
654 1187 924 1230 Magdalenam,
968 1186 1220 1230 Margaritam‚
1265 1186 1440 1220 Helenam
1487 1185 1753 1220 archiducissas
1795 1183 1957 1217 effecisse

194 1242 358 1276 videtur:
387 1242 417 1275 1.
446 1242 485 1274 ut
510 1241 549 1274 P.
577 1240 765 1275 Nicolaum
793 1240 964 1274 Lanoium
991 1252 1054 1284 pro
1081 1240 1121 1274 P.
1149 1240 1280 1273 Ioanne
1306 1239 1436 1284 Dyrsio
1463 1238 1605 1282 collegii
1631 1237 1859 1282 oenipontani
1884 1248 1958 1271 rec-

192 1298 306 1329 torem
342 1295 512 1329 constitui
548 1306 660 1338 aeque
696 1294 850 1333 ferrent3
891 1294 922 1328 2.
962 1296 1002 1326 ut
1037 1292 1253 1326 desisterent
1287 1292 1436 1326 consilio
1470 1291 1677 1325 monasterii
1713 1290 1747 1324 S.
1775 1291 1900 1325 Crucis
1938 1301 1959 1324 a

193 1348 417 1382 Ferdinando
443 1348 469 1382 I.
507 1347 640 1381 conditi
677 1349 712 1381 et
746 1346 998 1380 Franciscanis
1033 1346 1107 1380 dati
1144 1346 1177 1379 in
1214 1345 1470 1379 monasterium
1502 1345 1696 1388 virginum,
1732 1344 1825 1387 quod
1860 1343 1959 1388 ipsae

194 1401 461 1435 archiducissae
488 1401 775 1444 ingrederentur,
803 1411 849 1434 ex
876 1399 1143 1444 dispensatione
1170 1399 1353 1443 pontificia
1380 1398 1631 1438 convertendi;
1660 1398 1691 1431 3.
1719 1399 1759 1430 ut
1783 1409 1853 1430 uno
1879 1407 1958 1430 con-

194 1455 346 1489 fessario
372 1466 435 1499 per
454 1454 669 1488 Societatem
697 1454 785 1498 ipsis
812 1452 1033 1496 designando
1061 1455 1249 1486 contentae
1277 1454 1416 1493 essent;
1444 1451 1548 1496 plura
1566 1451 1647 1484 vide
1674 1449 1778 1490 infra,
1803 1459 1958 1483 monum.

195 1520 271 1542 oen.
300 1508 474 1552 (3)—(5).

195 1637 339 1673 1331.
451 1635 756 1673 SANCTUS
796 1634 1224 1671 FRANCISCUS
1264 1633 1356 1670 DE
1395 1632 1691 1675 BORGIA,
1735 1632 1960 1678 praepositus

362 1691 542 1734 generalis
569 1690 759 1724 Societatis
785 1690 876 1731 Iesu,
905 1688 1107 1724 CANISIO.
1477 1687 1589 1721 Roma
1618 1687 1671 1722 18.
1690 1686 1782 1720 Iunii
1810 1686 1911 1720 1566.

317 1761 373 1795 Ex
399 1760 606 1806 apographo
633 1761 744 1795 eiusd.
772 1763 901 1805 tenip.;
934 1760 970 1793 in
996 1760 1167 1803 margine,
1196 1759 1319 1793 eadem
1346 1770 1472 1792 manu:
1503 1758 1688 1800 „Augusta
1715 1757 1753 1790 P.
1782 1755 1958 1790 Canisio“.

199 1815 283 1851 Cod.
315 1814 453 1857 „Gern1.
481 1814 544 1848 65“
575 1814 600 1848 f.
621 1814 698 1848 138.
742 1813 907 1858 Epistula
932 1825 1020 1847 usus
1047 1815 1102 1847 est
1129 1813 1335 1855 Sacc-binus,
1362 1812 1456 1845 Hist.
1485 1811 1518 1845 S.
1538 1811 1651 1851 J.111‚
1677 1810 1699 1844 l.
1719 1811 1750 1850 2,
1777 1821 1811 1843 n.
1831 1810 1864 1843 6.

318 1887 355 1919 P.
388 1885 541 1918 Thomae
570 1884 785 1917 Darbishiro
821 1885 920 1924 (eamv
956 1883 994 1917 P.
1021 1883 1243 1924 Valentiam,
1278 1884 1309 1915 si
1343 1883 1400 1914 hic
1423 1881 1582 1914 nondam
1608 1880 1782 1921 discessit)
1810 1880 1959 1922 Dilinya

198 1940 362 1972 Parisios
387 1939 540 1972 eamdam
567 1943 638 1978 est;
664 1938 906 1971 Darbz'shirns
932 1939 1022 1969 enim
1050 1947 1127 1969 eum
1156 1937 1193 1968 P.
1214 1936 1310 1968 Haio
1337 1935 1474 1977 colleyii
1494 1935 1708 1977 parisiensis
1733 1937 1866 1967 rectore
1891 1933 1959 1976 epi-

196 2003 340 2035 scopam
366 1993 499 2025 RIontis
517 1992 658 2035 Regsalis
684 2002 705 2023 a
729 1991 894 2033 pontifice
920 1991 967 2022 acl
990 1990 1150 2022 illuriani
1170 1990 1357 2021 Stena-tam
1383 1989 1534 2030 Zeyatum
1560 1988 1599 2019 in
1617 1987 1770 2021 Scotiam
1797 1987 1960 2019 comitari

199 2046 303 2079 debet.
360 2046 548 2078 Gerardus
575 2045 752 2078 Pastelizes
790 2049 819 2076 et
846 2043 1090 2076 erlem-tattone
1116 2047 1145 2074 et
1164 2042 1435 2084 precationibus
1458 2042 1637 2073 ‘invandas
1662 2044 1719 2073 est.
1775 2039 1960 2072 Gerardus

198 2100 415 2142 Lapidanus
450 2099 498 2130 ad
534 2098 738 2131 Societatem
773 2101 820 2129 est
847 2097 1024 2129 recinctus.
1074 2095 1249 2129 Matthaei
1274 2095 1453 2128 Michonis
1473 2095 1671 2137 proposita.
1723 2093 1892 2136 Dilinyae
1917 2103 1960 2125 ex

199 2152 426 2185 contubernio
454 2152 490 2184 S.
517 2151 731 2193 Hieron-mni
750 2160 889 2193 parvas
913 2151 1055 2190 fructas
1081 2149 1199 2190 eollt'yi
1224 2148 1370 2190 dieitur,
1406 2149 1491 2190 qaia
1517 2147 1561 2180 ab
1588 2147 1795 2180 instituendi
1819 2145 1960 2179 ratione

197 2206 330 2239 Romae
354 2206 394 2238 in
420 2205 561 2248 eolleyio
584 2204 786 2247 yermanico
812 2203 946 2236 usitata
972 2203 1184 2244 discrepant.
1239 2201 1477 2234 Provineialis
1503 2201 1660 2242 officiam
1692 2200 1956 2241 facultatesque.

199 2259 314 2292 Roma
339 2263 512 2291 autumno
540 2258 637 2291 Socii
661 2259 868 2294 mittentnr;
894 2266 980 2299 quos
1006 2255 1044 2288 P.
1072 2255 1216 2287 Natalis
1241 2254 1437 2287 distribuet.

316 2329 410 2371 Pax
445 2334 512 2371 eto.
567 2328 612 2370 L'
636 2327 789 2370 ultima
822 2327 899 2369 che
932 2326 973 2368 di
997 2327 1047 2369 V.
1072 2326 1123 2368 R.
1157 2325 1385 2367 habbiamo
1419 2328 1442 2367 6
1475 2325 1526 2366 de
1557 2326 1639 2367 13.
1674 2324 1725 2366 de
1747 2323 1956 2377 Maggio.

199 2397 243 2437 et
275 2397 436 2448 quanto
471 2391 537 2447 [ut
568 2408 702 2449 supra
731 2408 774 2448 p.
807 2390 929 2446 262}

317 2466 404 2508 Sua
437 2463 610 2507 Santitzi
653 2463 810 2505 manda
850 2463 895 2504 in
927 2462 1086 2511 Scotia,
1129 2476 1207 2516 per
1247 2476 1324 2503 suo
1363 2460 1545 2511 Nuncio,
1587 2460 1617 2501 il
1649 2459 1847 2501 Vescouo
1889 2458 1957 2500 del

198 2530 443 2580 Mondeui1‚
477 2533 521 2572 et,
553 2543 630 2583 per
662 2528 848 2571 aiutarlo
880 2528 993 2569 nelle
1027 2541 1125 2569 cose
1158 2527 1272 2568 della
1303 2526 1541 2579 Religione,
1580 2528 1625 2566 et.
1657 2524 1749 2565 del‘*
1779 2523 1958 2566 seruitio

199 2595 355 2645 diuino,
390 2595 575 2636 secondo
607 2594 637 2635 il
659 2597 809 2636 nostro
831 2592 1045 2642 instituto,
1078 2592 1236 2634 manda
1268 2591 1337 2633 doi
1370 2591 1421 2632 de
1453 2589 1602 2639 nostri,
1636 2603 1719 2630 uno
1748 2587 1777 2628 il
1800 2589 1959 2631 Dottor

198 2660 395 2702 Emundo
428 2660 554 2712 Hayo
588 2659 781 2708 Scosese‚
817 2660 1097 2711 quantunque
1130 2656 1194 2698 sia
1216 2657 1373 2698 Rettor
1406 2656 1474 2697 del
1507 2653 1687 2706 collegio
1721 2653 1772 2693 de
1795 2652 1953 2706 Parigi,

316 2752 344 2783 a)
365 2753 424 2776 Hoc
444 2760 467 2776 ν.
488 2759 579 2783 snpra
601 2759 713 2775 versam
734 2751 877 2782 scriptam
896 2753 945 2775 est.

321 2870 330 2888 ¹
356 2869 442 2903 Pius
454 2869 496 2903 V.
508 2869 737 2903 Vincentium
756 2867 893 2902 Laureo
913 2867 1193 2911 (1523-1592),
1220 2866 1426 2911 episcopum
1452 2864 1586 2898 Montis
1604 2862 1751 2906 Regalis
1771 2862 1955 2906 (Mondovi

198 2919 235 2953 in
253 2920 450 2955 Sabaudiae
468 2922 629 2965 ducatu),
655 2921 820 2955 nuntium
839 2920 1075 2965 apostolicum
1101 2921 1137 2953 in
1156 2919 1312 2954 Scotiam
1331 2917 1536 2958 destinavit,
1555 2916 1615 2960 qui
1632 2915 1769 2949 Mariae
1788 2915 1955 2949 Stuartae

198 2973 343 3015 reginae
378 2975 548 3018 pecunias
583 2974 726 3008 afferret
753 2985 902 3017 eamque
936 2973 973 3007 in
1006 2973 1196 3016 angustiis,
1231 2973 1267 3006 in
1293 2983 1382 3016 quas
1416 2982 1480 3015 per
1504 2968 1666 3003 homines
1699 2968 1893 3002 sediciosos
1919 2971 1956 3002 et

199 3025 398 3059 catholicae
423 3027 587 3069 religioni
612 3027 777 3061 inimicos
806 3027 960 3061 adducta
988 3029 1075 3067 erat,
1101 3025 1233 3059 solacio
1253 3027 1289 3058 et
1306 3024 1452 3059 consilio
1470 3023 1612 3056 iuvaret
1632 3021 1870 3064 (Laderchius
1886 3020 1909 3055 1.
1924 3032 1953 3055 c.

199 3078 236 3110 in
261 3088 293 3111 a.
314 3078 404 3112 1566
429 3091 463 3113 n.
483 3080 688 3120 371—372;
721 3081 896 3114 Gabatias
921 3081 943 3113 l.
963 3091 992 3114 c.
1017 3079 1104 3119 657;
1132 3079 1239 3121 Alph.
1258 3077 1472 3119 Bellesheim
1500 3074 1715 3109 Geschichte
1741 3074 1803 3107 der
1829 3073 1953 3107 katho-

199 3130 336 3164 lischen
362 3130 493 3164 Kirche
531 3131 567 3165 in
599 3131 810 3166 Schottland
836 3133 880 3169 ΙΙ.
913 3132 1032 3166 Mainz
1060 3132 1160 3172 1883,
1188 3130 1346 3170 59-6Ο;
1382 3131 1417 3163 J.
1443 3129 1679 3171 Hanyerford
1704 3129 1825 3161 Pollen
1851 3126 1884 3160 S.
1908 3126 1953 3168 J.,

200 3182 314 3228 Papal
338 3182 589 3225 Negotiations
614 3184 702 3218 with
727 3185 832 3228 Mary
851 3184 972 3226 Queen
998 3184 1036 3218 of
1052 3184 1165 3225 Scots,
1184 3182 1392 3225 Edinburgh
1413 3181 1514 3221 1901,
1531 3180 1719 3215 263—264
1736 3179 1952 3222 496—497).
