2045 3471
191 183 294 218 1458.
320 183 452 218 Petrus
478 183 648 217 Aretinus
675 182 828 218 Canisio.
870 183 972 218 1459.
999 183 1032 218 S.
1051 182 1264 218 Franciscus
1291 183 1333 217 de
1360 182 1490 227 Borgia
1519 182 1673 217 Canisio.
1754 185 1838 227 499

200 300 256 334 Ex
280 299 338 334 his
372 300 504 334 litteris
539 299 771 344 intellegitur,
799 299 1013 335 Germaniae
1048 299 1243 345 superioris
1277 302 1436 334 rectores
1470 311 1491 334 a
1517 298 1660 334 Canisio
1687 300 1840 335 monitos

81 365 171 394 esse,
198 355 247 394 ut,
275 364 380 397 quem
407 353 579 387 vestitum
606 353 719 387 Sociis
746 353 936 387 convenire
962 355 1159 394 censerent,
1185 353 1229 387 ad
1257 353 1425 395 Borgiam
1450 352 1715 398 perscriberent
1742 353 1840 395 (vide

79 417 190 451 supra
207 418 239 451 p.
254 406 324 440 422
341 406 440 449 441).
468 406 698 440 Consultores
717 418 858 450 quoque
876 406 1033 440 scribere
1051 418 1072 440 a
1087 405 1218 450 Borgia
1236 406 1324 440 iussi
1342 408 1427 440 sunt
1441 405 1546 450 (Epp.
1562 406 1684 439 Nadal
1702 406 1752 440 III
1769 407 1838 441 477

81 461 117 494 et
141 471 251 504 supra
284 471 318 504 p.
345 459 443 502 463).
494 459 585 501 Quid
619 460 801 504 praecipui
836 472 881 494 ex
911 459 1023 494 Sociis
1056 459 1398 502 ingolstadiensibus
1433 459 1533 493 initio
1568 470 1613 493 m.
1641 459 1722 493 Iulii
1749 460 1839 495 1567

79 512 340 557 responderint,
366 511 425 546 hic
450 512 610 547 breviter
634 513 797 547 narrabo.
833 512 872 547 P.
892 514 1071 546 Henrz'cus
1088 513 1272 546 Arboreus
1296 512 1488 557 *scripsit:
1519 512 1694 554 „Habitus
1718 515 1841 548 noster

81 565 274 600 conformis
299 565 438 599 habitui
464 564 615 599 aliorum
640 566 867 600 sacerdotum
893 566 1019 599 miram
1044 565 1147 599 nobis
1173 565 1385 610 praesertim
1411 565 1447 598 in
1473 565 1657 608 germania
1674 566 1840 600 conciliat

81 617 381 659 beneuolentiam,
415 620 456 651 ut
482 621 624 652 constat
649 618 860 662 quotidiana
885 617 1139 663 experientia.⁴‘
1199 617 1237 652 P.
1266 619 1508 662 Hieronymus
1530 619 1716 653 Tot-rensis
1741 620 1839 654 *aitz

85 670 194 713 „Mihi
229 671 338 705 etiam
373 671 555 715 probatur,
593 674 633 705 ut
668 671 782 706 nostri
817 671 852 705 in
878 672 1061 705 moderato
1096 672 1132 705 et
1166 670 1315 704 honesto
1351 670 1486 704 uestitu
1519 671 1734 706 conueniant
1759 684 1840 707 cum

81 724 211 759 ceteris
236 723 483 758 sacerdotibus
509 724 724 769 prouinciae,
751 724 787 758 in
813 735 884 768 qua
910 724 1129 758 versamur.⁴‘
1168 723 1207 758 P.
1234 725 1417 758 Martinus
1434 724 1672 758 Lezcbenstain
1698 724 1841 769 collegii

80 780 217 812 rector:
259 776 499 820 „Sententia“,
535 778 690 821 *inquit,
731 777 901 819 „aliorum
937 779 1079 822 patrum
1114 777 1157 811 de
1195 776 1495 811 accommodando
1529 777 1666 811 uestitu
1692 777 1839 813 Clericis

80 830 344 865 honestioribus
370 830 457 864 mihi
483 830 590 864 etiam
617 830 813 875 perplacet.
863 830 940 865 Nisi
967 830 1142 874 quaedam
1169 830 1402 869 incommoda,
1428 829 1564 864 leuiora
1589 832 1710 864 tamen
1735 831 1839 873 forte,

81 895 187 928 quam
214 886 256 918 vt
280 883 347 918 hoc
372 883 544 928 impedire
562 884 724 925 debeant,
752 885 998 918 occurrerent:
1025 895 1152 928 nempe
1176 883 1270 927 quod
1296 883 1447 917 tentatis
1472 883 1616 917 liberior
1634 883 1839 919 discedendi

80 936 236 971 facultas
262 937 512 980 praeberetur:
540 939 576 971 et
602 949 682 971 culn
709 937 916 971 sacerdotes
942 937 1152 982 plerumque
1177 936 1250 971 sint
1275 937 1452 981 pessimae
1477 936 1583 978 uitae,
1610 937 1752 972 facilius
1779 938 1840 972 ali-

81 990 183 1025 cuius
209 990 368 1024 criminis
394 989 595 1024 insimulari
621 1001 818 1035 possemus,
845 1001 952 1034 quam
978 1001 1058 1024 cum
1085 989 1234 1024 honeste
1260 990 1303 1023 ab
1329 989 1401 1024 illis
1427 989 1710 1033 distinguamur:
1749 991 1840 1025 diffi-

80 1043 149 1078 cile
175 1044 284 1077 etiam
310 1044 378 1077 erit
404 1043 538 1086 eligere
563 1043 803 1077 honestiorem
823 1043 1005 1084 uestitum,
1033 1054 1113 1077 cum
1139 1042 1363 1077 honestiores
1380 1054 1635 1088 nonnunquam
1653 1055 1717 1078 nos
1742 1044 1841 1089 ipsos

78 1096 274 1130 imitentur.
324 1096 393 1131 Sed
420 1095 518 1136 haec,
555 1099 590 1130 et
615 1096 758 1137 similia,
795 1098 837 1130 vt
863 1096 948 1135 dixi,
987 1095 1123 1130 leuiora
1148 1096 1241 1130 forte
1267 1098 1361 1137 sunt,
1389 1107 1496 1140 quam
1523 1098 1564 1130 vt
1589 1096 1718 1131 bonum
1745 1099 1840 1142 quod

81 1149 162 1183 inde
198 1151 363 1194 speratur
397 1149 644 1194 impediatur.·‘
698 1150 738 1184 P.
770 1150 974 1183 Uzeodorus
1008 1150 1177 1184 Pelcanus
1210 1148 1299 1183 haec
1331 1149 1514 1183 *addidist
1557 1149 1664 1192 „Mihi
1701 1162 1839 1195 quoque

80 1201 252 1247 probatur
276 1202 456 1236 sententia
474 1202 676 1236 Venerandi
703 1202 823 1236 Patris
850 1202 1020 1236 rectoris“
1052 1202 1113 1245 (ex
1140 1201 1385 1247 autographis.
1421 1201 1482 1244 „G.
1502 1201 1682 1247 Ep.V111“
1706 1204 1730 1238 f.
1750 1203 1839 1238 20:3³

80 1255 196 1296 21112).
246 1256 365 1299 Atque
399 1256 450 1289 ita
485 1267 564 1289 cum
593 1255 661 1289 PP.
688 1255 818 1289 Natale
845 1258 881 1289 et
907 1255 1050 1290 Canisio
1075 1255 1236 1300 plerique
1271 1255 1306 1288 in
1333 1254 1546 1289 Germaniae
1572 1256 1768 1301 superioris
1803 1259 1840 1291 et

81 1308 195 1342 Rheni
233 1308 427 1353 provinciis
465 1309 686 1343 sentiebant:
726 1308 909 1343 Vestitum
948 1308 1130 1342 Sociorum
1169 1308 1319 1342 vestitui
1361 1308 1592 1343 honestorum
1629 1309 1839 1344 clericorum

80 1373 331 1405 germanorum
366 1361 703 1396 accommodandum
740 1373 819 1395 esse
847 1362 981 1405 (Dulzr,
1007 1362 1080 1396 Jes.
1108 1361 1122 1395 1
1150 1361 1367 1404 564-566).
1417 1360 1539 1405 Aliqui
1565 1364 1685 1396 tamen
1716 1364 1840 1397 contra

81 1415 263 1455 dicebant;
300 1416 340 1448 ut
365 1414 405 1449 P.
434 1416 604 1459 „Hermes
630 1413 880 1458 Halpazcerus“
909 1415 1044 1459 primus
1079 1414 1241 1458 superior
1276 1417 1310 1448 et
1336 1416 1453 1448 rector
1479 1413 1621 1458 collegii
1646 1415 1838 1460 spirensis;

80 1467 141 1512 qui
177 1468 280 1513 Spira
309 1468 362 1503 10.
390 1467 556 1502 Octobris
586 1468 674 1502 1567
701 1467 800 1509 haec,
836 1470 979 1512 praeter
1013 1467 1094 1509 alia,
1120 1466 1304 1501 *monuit:
1344 1467 1497 1510 „Magna
1529 1470 1585 1501 est
1611 1468 1768 1502 varietas
1802 1468 1839 1502 in

79 1520 204 1555 habitu
230 1521 337 1555 etiam
363 1521 595 1555 honestorum
621 1521 858 1562 sacerdotum,
885 1520 1097 1565 praesertim
1124 1520 1154 1554 si
1180 1522 1322 1565 spectes
1350 1519 1536 1554 materiam
1562 1519 1718 1562 habitus,
1755 1533 1839 1556 nam

81 1574 173 1608 alius
198 1575 260 1615 sic,
288 1573 380 1608 alius
407 1576 527 1608 autem
553 1575 636 1608 sic.“
684 1574 856 1608 Similiter
881 1573 1060 1608 sentiebat
1086 1574 1125 1607 P.
1153 1574 1354 1607 Matthaeus
1372 1574 1505 1616 Zerer;
1531 1573 1591 1617 qui
1618 1573 1653 1608 in
1679 1574 1839 1609 *litteris

80 1628 203 1662 eodem
238 1629 293 1663 die
329 1627 431 1673 Spira
465 1628 509 1662 ad
536 1627 704 1670 Borgiam
731 1627 825 1661 datis
852 1627 940 1661 haec
966 1638 1107 1671 quoque
1140 1627 1362 1671 proferebat:
1403 1626 1591 1668 „Nescitur
1616 1626 1683 1661 hoc
1708 1628 1839 1662 misero

80 1683 240 1726 tempore
267 1681 347 1726 quis
382 1681 430 1715 sit
465 1681 695 1714 honestorum
732 1680 940 1714 clericorum
967 1680 1123 1722 habitus,
1159 1679 1218 1724 qui
1254 1679 1346 1713 enim
1373 1679 1619 1713 honestissimi
1654 1680 1777 1715 haberi
1803 1683 1839 1714 et

79 1734 255 1779 nominarj
282 1734 419 1775 uolunt,
454 1734 566 1778 uarijs
593 1733 700 1767 etiam
727 1733 904 1768 coloribus
939 1735 975 1767 et
999 1733 1161 1778 materiJ's
1187 1732 1359 1778 preciosis
1384 1734 1545 1767 utuntur.
1597 1733 1694 1767 Jtem
1724 1734 1838 1768 nostri

81 1787 273 1832 aliquando
307 1799 377 1822 non
412 1787 546 1821 habent
572 1787 659 1821 adeo
693 1786 881 1821 interiores
907 1789 1029 1821 uestes
1055 1786 1235 1828 honestas,
1272 1785 1355 1830 quia
1382 1786 1440 1820 uel
1467 1786 1630 1828 detritae,
1665 1786 1723 1820 uel
1748 1786 1839 1821 lace-

80 1843 191 1882 ratae,
226 1841 285 1875 uel
320 1841 389 1875 alio
415 1840 518 1874 modo
545 1840 637 1874 male
664 1840 825 1881 affectae,
853 1840 935 1874 Jam
970 1839 1098 1883 longae
1132 1842 1254 1874 uestes
1285 1840 1402 1873 omnia
1427 1841 1566 1882 tegunt,
1602 1851 1693 1883 quae
1728 1840 1836 1874 etiam

81 1893 196 1938 magis
222 1905 242 1928 a
268 1893 462 1937 frigoribus
489 1893 704 1927 defendunt“
737 1892 798 1937 (ex
824 1892 1077 1937 autog1·aphis;
1109 1892 1172 1935 „G.
1201 1892 1263 1937 Ep.
1279 1892 1384 1926 VIlI‘
1415 1892 1440 1926 f.
1467 1893 1535 1926 299
1562 1892 1660 1934 300).
1702 1893 1835 1927 Romae

81 1959 221 1991 quoque
246 1948 359 1982 fuisse
385 1947 562 1987 videntur,
590 1946 650 1990 qui
676 1946 712 1980 in
738 1946 887 1980 eandem
914 1946 1130 1981 sententiam
1156 1946 1370 1980 inclinarent
1391 1945 1496 1990 (Epp.
1515 1946 1638 1980 Naclcrl
1662 1946 1712 1980 ΙΙΙ
1735 1947 1828 1989 400)

79 2001 134 2034 Ita
159 2001 295 2034 factum
322 2002 387 2041 est,
413 2002 454 2034 ut
480 2011 500 2034 a
526 1999 657 2042 Borgia
683 1999 771 2033 nihil
798 2002 999 2034 mutaretur
1028 1999 1150 2043 (Duhr
1175 1998 1197 2034 l.
1225 2011 1254 2034 c.
1282 1999 1379 2042 566).

198 2054 349 2097 Borgias
376 2053 517 2088 Canisio
543 2053 727 2098 respoudit
753 2053 809 2087 26.
835 2052 916 2086 Iulii
945 2053 1046 2087 1567.

81 2139 233 2176 1458.
331 2139 602 2176 PETRUS
629 2138 978 2176 ARETINUS
1012 2138 1064 2175 S.
1093 2138 1164 2182 J„
1200 2139 1342 2183 collegii
1376 2139 1604 2184 oeuipoutaui
1640 2139 1835 2174 credentia-

269 2194 354 2233 rius,
383 2193 581 2228 CANISIO.

434 2246 630 2291 Oeuiponte
656 2247 750 2281 inter
776 2248 966 2281 exeuntem
993 2258 1039 2280 m.
1059 2246 1193 2280 Maium
1221 2248 1256 2280 et
1283 2245 1438 2279 medium
1465 2256 1511 2280 m.
1530 2245 1659 2279 Iulium
1686 2246 1786 2280 1567.

198 2312 253 2345 Ex
279 2311 402 2345 Lanoii
429 2311 674 2356 autographis.
721 2310 784 2354 „G.
812 2310 875 2356 Ep.
897 2310 999 2345 V111“
1031 2311 1055 2344 f.
1077 2310 1166 2344 185ξι
1194 2310 1422 2344 19412—19522.

197 2378 417 2411 Focultatem
441 2378 524 2420 petit
549 2377 761 2410 transeundi
786 2388 828 2409 esc
855 2377 1025 2410 Societate
1049 2376 1097 2409 ad
1122 2376 1282 2409 ordinem
1312 2375 1575 2407 Cartase’cmnm.

197 2431 236 2464 P.
263 2431 434 2464 Nic-olaus
459 2431 622 2463 Lanoius
658 2431 693 2463 S.
722 2431 770 2472 J.,
805 2430 940 2472 colleqia·
975 2429 1205 2472 oenz'pontcmc'
1236 2432 1360 2470 rector,
1400 2428 1436 2461 S.
1463 2428 1659 2460 1‹‘›·a›1‹15sc0
1685 2428 1837 2471 Boryiae

72 2485 278 2526 praeposito
313 2484 473 2527 (senerali
508 2485 651 2526 scripsit
689 2483 729 2516 de
763 2483 828 2517 Fr.
855 2483 960 2516 Petro
994 2483 1143 2515 Aretino
1180 2482 1275 2523 (eide.
1308 2492 1421 2524 snpra
1454 2492 1491 2523 l).
1519 2481 1607 2520 489)
1648 2481 1838 2523 Oeniponz‘e

79 2539 135 2571 28.
159 2538 247 2570 lulio·
275 2540 386 2570 1567:
413 2537 478 2580 „L’
494 2539 633 2570 aretino
720 2537 830 2579 questi
853 2537 976 2578 qim-m·
1000 2536 1049 2568 mi
1075 2536 1150 2568 dice
1175 2534 1236 2567 ch«)
1259 2544 1501 2577 perseueraucc
1527 2534 1583 2565 nel
1607 2544 1671 2566 suo
1696 2534 1836 2567 anticho

74 2592 258 2633 proposito
285 2591 322 2622 (ἶί
346 2591 444 2631 farsi
469 2590 687 2632 chartusino,
723 2591 756 2622 εἰ
781 2590 880 2622 crede
915 2589 973 2621 cho
999 2590 1035 2622 la
1061 2599 1127 2620 aaa
1153 2589 1345 2621 tentatione
1369 2587 1470 2619 hebbe
1496 2587 1633 2629 ore'qt'ne
1669 2587 1722 2619 nel
1747 2587 1836 2620 desi-

79 2644 178 2676 derio
203 2644 244 2676 de
268 2643 439 2676 studiare.
488 2643 539 2675 De
565 2642 599 2674 Za
626 2643 746 2675 Zelterct
772 2653 837 2674 sua
865 2642 924 2674 che
949 2643 1074 2674 scrisse
1099 2641 1134 2673 al
1161 2641 1198 2674 P.
1228 2639 1467 2679 I'ronincictle,
1494 2640 1665 2671 nmndata
1691 2650 1710 2671 a
1741 2640 1776 2672 1⁷.
1795 2640 1834 2674 P.

79 2698 110 2729 si
142 2701 247 2738 polrcc
282 2695 406 2738 messlio
441 2706 619 2728 conoscere
657 2695 683 2727 iz
716 2696 848 2736 spirim
882 2692 978 2727 seco.“
1030 2695 1077 2727 Ec
1104 2696 1159 2726 20.
1191 2693 1348 2726 Octobris
1376 2695 1485 2725 1567:
1522 2692 1661 2735 „Pietro
1697 2694 1836 2725 aretino

73 2760 142 2792 per
175 2749 276 2781 molle
310 2749 475 2790 rayaioni
508 2748 684 2780 domando
719 2748 860 2780 licentia
897 2748 932 2779 al
967 2747 1006 2779 P.
1035 2747 1262 2779 proaem-cale
1298 2749 1416 2778 nostro
1451 2749 1479 2777 ct
1506 2756 1569 2777 von
1596 2745 1711 2777 lettere
1741 2749 1771 2777 et
1799 2747 1834 2778 ἰη

72 2803 254 2845 presentia
287 2812 353 2834 sua
388 2811 451 2834 con
483 2801 620 2843 yrctnde
646 2802 817 2832 instantia
850 2811 915 2842 per
942 2810 1096 2842 possm-e
1127 2800 1192 2831 alle?
1223 2799 1431 2839 chartusinj.
1460 2824 1466 2830 .
1496 2824 1502 2830 .
1531 2824 1538 2830 .
1590 2798 1632 2830 L’
1651 2799 1771 2830 animo
1797 2799 1836 2832 cli

82 2855 209 2897 Pietro,
244 2855 380 2887 haustra
412 2858 533 2898 poculo
570 2854 686 2885 vedere
722 2854 759 2885 in
785 2853 900 2895 (locella
934 2864 1001 2884 sna
1035 2853 1157 2885 lettera
1182 2853 1306 2884 scritta
1334 2852 1369 2883 al
1395 2852 1433 2884 P.
1462 2850 1690 2884 Prom'ncc‘ale
1717 2855 1834 2884 nostro

80 2908 219 2951 loquele
236 2909 278 2951 jo
305 2908 462 2949 mandeti,
488 2907 511 2938 l’
530 2909 634 2938 estate
653 2910 802 2948 passam
829 2905 901 2937 alla
928 2906 966 2938 P.
997 2903 1054 2939 1'.“

80 2992 229 3030 1459.
344 2992 646 3029 SANCTUS
683 2990 1107 3028 FRANGISCUS
1146 2990 1237 3026 DE
1277 2988 1571 3033 BORGIA,
1610 2990 1835 3035 praepositus

267 3047 447 3091 generalis
473 3047 663 3082 Societatis
690 3047 781 3087 Iesu,
809 3045 1012 3080 CANISlO.
1361 3044 1472 3077 Roma
1498 3044 1664 3078 28.1unii
1686 3045 1785 3078 1567.

198 3112 251 3145 Ex
286 3111 491 3157 apographo
527 3111 685 3145 eiusdem
720 3110 909 3155 temporis;
954 3110 988 3143 iu
1028 3109 1199 3153 margine,
1242 3109 1366 3143 eadem
1400 3120 1526 3143 mauu:
1570 3109 1628 3151 „P.
1657 3109 1832 3143 Canisio·‘.

82 3163 163 3199 Cod.
194 3165 333 3207 „Germ.
361 3165 424 3198 67‘
455 3164 479 3198 f.
506 3165 688 3199 352-3131'.

1479 3221 1547 3242 οφ*

1478 3238 1496 3253 ι)
1503 3245 1520 3253 -,
