2045 3471
515 192 610 227 Mon.
632 193 700 229 730
725 194 803 228 sive
829 207 940 239 germ.
960 196 982 231 I.
1006 196 1071 240 (5).
1114 198 1167 232 19.
1186 198 1284 244 Sept.
1305 200 1407 235 1565.
1759 207 1843 247 643

81 304 144 347 „G.
170 305 235 351 Ep.
255 306 360 341 VHI‘*
392 309 415 342 f.
444 310 539 352 96³).
583 311 655 355 Ipsi
682 315 801 346 autem
829 314 1097 360 archiepiscopo
1123 316 1157 350 id
1185 317 1352 352 attulisse
1379 319 1521 353 omnino
1548 319 1700 355 videtur.
1751 322 1843 356 Nam

76 358 265 402 Moguntia
286 361 337 394 16.
357 360 572 397 Novembris
593 365 683 399 1565
703 365 932 401 Confluentes
949 368 1144 412 profectus,
1172 369 1303 404 ibidem
1330 383 1410 405 cum
1437 372 1708 419 archiepiscopo
1725 376 1843 409 treve-

76 411 172 445 rensi
190 412 265 455 egit
286 412 335 456 (v,
351 425 460 458 supra
478 427 511 460 p.
530 417 595 450 127
617 417 712 460 134).
745 418 927 454 Coloniam
946 423 1067 455 autern
1085 423 1186 457 venit
1204 425 1259 457 21.
1274 424 1488 460 Novembris
1509 426 1559 468 (v.
1575 427 1669 461 infra
1686 439 1719 472 p.
1735 429 1841 470 650);

77 465 170 498 unde
206 465 376 508 colligere
410 466 506 509 licet,
542 481 622 503 eum
656 470 926 507 Confluentibus
960 475 1055 519 apud
1089 475 1399 522 archiepiscopum
1433 478 1570 522 aliquot
1603 479 1729 515 diebus
1761 481 1842 516 sub-

75 517 216 552 sidisse.
255 519 375 563 Atque
401 520 452 554 ita
479 522 585 555 etiam
613 523 885 568 intelleguntur,
913 539 1004 570 quae
1031 528 1069 562 P.
1089 529 1267 564 Antonius
1280 531 1398 565 Vinck
1425 531 1458 566 S.
1479 532 1511 566 J.
1531 532 1840 578 Aschaffenburgo

75 569 130 604 29.
157 570 371 606 Novembris
402 574 491 608 1565
517 575 561 608 ad
590 576 756 620 Borgiam
783 579 942 614 rettulit:
979 580 1023 614 Se
1054 593 1133 615 cum
1162 582 1304 617 Canisio
1330 584 1540 627 Moguntiae
1566 586 1689 627 fuisse,
1724 599 1840 632 neque

72 625 194 657 tamen
220 624 263 658 ad
290 625 600 672 archiepiscopum
626 631 872 665 treverensem
899 644 938 666 se
965 645 1045 667 cum
1072 646 1112 668 eo
1138 635 1189 669 ire
1216 636 1394 680 potuisse:
1431 649 1512 671 nam
1540 639 1608 672 sibi
1632 640 1839 674 Aschaffen-

72 676 226 720 burgum
262 679 417 712 eundum
452 680 565 714 fuisse
595 682 693 724 (vide
726 684 819 718 infra
854 697 887 730 p.
916 687 1012 729 649).
1064 689 1184 732 Atque
1220 701 1265 723 ex
1300 689 1377 734 ipsa
1414 701 1496 724 arce
1530 691 1839 728 Ehrenbreitstein

72 729 150 763 urbi
177 730 440 766 confluentinae
466 735 655 768 coniuncta
682 738 835 772 loannes
866 739 1159 786 archiepiscopus
1194 754 1239 776 m.
1268 743 1363 777 Maio
1394 744 1483 778 1565
1510 744 1653 779 litteras
1679 746 1838 788 dederat,

72 782 202 825 quibus
228 783 379 828 collegio
398 785 590 821 Societatis
616 791 817 824 treverensi
847 791 894 833 (a.
910 793 999 827 1560
1026 805 1046 827 a
1066 806 1105 828 se
1123 795 1307 840 incohato)
1327 798 1582 832 monasterium
1604 798 1638 832 S.
1657 799 1838 834 Barbarae

71 835 316 870 attribuebat¹
347 839 437 878 sive,
475 843 516 873 ut
555 840 622 874 dici
662 843 764 883 solet,
808 845 1100 890 „incorporabat“
1145 848 1205 890 (ex
1241 860 1363 893 apogr.
1402 850 1559 884 eiusdem
1596 850 1672 885 fere
1706 854 1836 897 temp.;

72 887 155 923 Cod.
183 889 295 924 colon.
328 891 433 933 „Litt.
461 892 592 937 Epistt.
622 897 716 929 var.“
748 896 771 930 f.
796 897 871 931 171.
916 900 1064 933 Hansen
1091 900 1113 934 l.
1133 912 1162 934 c.
1190 902 1258 935 510
1276 902 1313 944 ¹).

189 941 286 977 Satis
312 945 509 979 verisimile
536 950 601 987 est,
630 947 812 983 Canisium
840 951 1109 997 archiepiscopo
1136 956 1244 988 etiam
1272 955 1476 999 exemplum
1504 957 1751 991 authenticum
1779 959 1838 993 de-

69 997 248 1029 cretorum
275 997 550 1033 tridentinorum
570 1000 703 1035 Romae
731 1014 945 1038 excusorum
970 1006 1182 1047 tradidisse;
1209 1007 1291 1041 vide
1317 1020 1427 1053 supra
1453 1021 1484 1053 p.
1507 1010 1574 1044 150
1603 1011 1679 1044 152.
1717 1012 1836 1055 Atque

67 1047 176 1082 etiam
203 1050 392 1084 admodum
420 1052 602 1096 probabile
629 1057 693 1096 est,
721 1059 864 1100 praeter
883 1058 1008 1098 Breve,
1037 1060 1129 1102 quod
1153 1060 1256 1094 modo
1282 1062 1395 1105 posui,
1423 1061 1536 1095 eidem
1563 1063 1834 1109 archiepiscopo

67 1112 131 1145 per
157 1101 336 1137 Canisium
374 1105 483 1138 etiam
519 1105 669 1140 allatum
706 1120 784 1142 esse
823 1111 975 1145 alterum
1016 1111 1103 1146 illud
1139 1113 1274 1154 Breve,
1310 1114 1411 1147 cuius
1445 1117 1740 1150 commentarium
1775 1118 1834 1152 vel

67 1155 332 1200 apographum,
373 1157 428 1191 die
468 1158 522 1192 25.
551 1159 718 1194 Octobris
747 1163 838 1196 1564
874 1165 1050 1209 ascripto,
1089 1165 1207 1200 adhuc
1242 1169 1364 1200 exstat
1399 1167 1532 1202 Romae
1568 1169 1603 1202 in
1634 1170 1829 1213 „registr-o*

67 1207 122 1241 Pii
147 1208 228 1249 IV.;
265 1210 358 1253 quod
385 1211 478 1244 enim
513 1211 646 1247 litteris
681 1216 889 1259 apostolicis
924 1217 967 1251 ad
1004 1217 1190 1263 episcopos
1216 1220 1536 1254 monasteriensem
1573 1224 1609 1255 et
1643 1223 1832 1267 paderbor-

65 1272 212 1295 nensem
239 1262 333 1296 datis
360 1264 536 1298 accidisse
563 1269 716 1307 constat,
751 1268 823 1302 illis
859 1281 1000 1314 quoque
1031 1272 1205 1306 accidisse
1232 1273 1385 1307 dixeris:
1424 1273 1512 1308 Cum
1539 1275 1692 1319 primum
1719 1276 1833 1311 Roma

64 1313 100 1347 in
127 1313 356 1350 Germaniam
392 1317 632 1359 mitterentur,
668 1320 889 1366 interceptae
924 1325 1026 1364 sunt:
1064 1336 1174 1368 quare
1210 1325 1295 1359 Pius
1324 1326 1382 1359 IV.
1415 1338 1476 1360 eas
1503 1327 1632 1361 iterum
1660 1330 1768 1363 scribi
1796 1333 1832 1364 et

66 1378 128 1410 per
146 1365 326 1402 Canisium
347 1369 525 1415 episcopis
544 1372 664 1406 afferri
690 1373 797 1408 iussit
826 1376 924 1418 (vide
949 1388 1058 1421 supra
1085 1389 1117 1422 p.
1140 1379 1206 1413 150
1236 1380 1330 1422 152).
1370 1379 1422 1413 En
1442 1380 1584 1415 litterae
1611 1382 1733 1416 loanni
1761 1395 1831 1417 von

63 1419 126 1453 der
150 1420 272 1465 Leyen
299 1422 465 1464 (,‚Ioanni
492 1425 771 1471 Archiepiscopo
798 1428 1051 1473 Treverensi“)
1081 1432 1299 1466 destinatae:
1337 1433 1585 1474 „Venerabilis
1617 1436 1738 1476 frater,
1774 1448 1829 1470 sa·

65 1472 178 1507 lutem
205 1477 272 1508 etc.
301 1475 400 1509 Sacri
427 1477 615 1512 tridentini
642 1480 783 1514 concilii
810 1481 965 1517 decretis
991 1485 1207 1518 auctoritate
1234 1486 1433 1530 apostolica
1459 1488 1690 1530 confirmatis,
1729 1490 1830 1524 cuius

63 1526 345 1562 confirmationis
371 1533 516 1564 nostrae
542 1531 689 1566 literasa
715 1534 757 1567 ad
785 1536 942 1570 omnium
967 1536 1099 1571 Christi
1127 1538 1286 1572 fidelium
1311 1540 1476 1574 notitiam
1505 1542 1622 1575 editas
1649 1542 1828 1585 divulgari

63 1582 99 1613 et
117 1582 242 1615 extare
260 1581 450 1624 voluimus,
479 1587 619 1628 oportet
645 1586 714 1619 iam
743 1598 835 1630 quae
860 1590 933 1622 tam
961 1589 1018 1634 pie
1045 1601 1086 1624 ac
1111 1592 1185 1624 tam
1212 1592 1361 1636 provide
1387 1594 1432 1627 ad
1452 1595 1698 1638 reprimendas
1717 1597 1827 1630 extir—

60 1634 268 1678 pandasque
294 1634 465 1670 haereses
492 1640 527 1670 et
556 1638 599 1671 ad
626 1639 804 1674 tollendos
830 1642 965 1676 abusus
991 1646 1130 1678 statuta
1149 1645 1306 1684 fuerunt,
1333 1646 1465 1691 ubique
1483 1648 1604 1682 debita
1621 1651 1826 1684 reverentia

58 1687 192 1732 suscipi
229 1689 531 1734 sanctissimeque
569 1693 740 1727 servarib.
794 1694 869 1728 Hoc
909 1696 1001 1730 enim
1039 1700 1095 1731 est
1129 1697 1216 1732 illud
1252 1710 1433 1734 summum
1468 1704 1742 1746 extremumque
1773 1715 1825 1737 re-

60 1740 227 1781 medium,
263 1742 356 1785 quod
393 1746 466 1776 tam
503 1743 563 1777 diu
599 1745 770 1779 bonorum
798 1747 954 1782 omnium
982 1751 1077 1784 votis
1103 1751 1168 1784 ade
1198 1753 1359 1786 sananda
1385 1754 1626 1796 gravissimad
1652 1756 1826 1791 ecclesiae

62 1793 213 1827 vulnera
240 1795 439 1839 expetitum
467 1797 547 1831 fuit.
597 1798 636 1830 Id
663 1802 783 1833 autem
810 1800 946 1836 frustra
972 1805 1026 1836 tot
1054 1808 1194 1848 patrum
1221 1805 1339 1839 studio
1367 1811 1402 1840 et
1429 1807 1617 1851 diligentia
1644 1810 1824 1854 tantisque

59 1848 118 1880 ete
154 1849 228 1881 tam
266 1848 444 1883 diuturnis
480 1850 575 1884 curis
611 1862 652 1884 ac
687 1852 870 1888 laboribus
897 1859 1142 1900 comparatum
1178 1858 1309 1892 fuisset
1335 1859 1403 1893 nisi
1430 1860 1595 1903 fideliter,
1631 1862 1755 1896 sedulo
1782 1875 1823 1897 ac

58 1899 250 1943 diligenter
276 1901 320 1935 ab
347 1903 520 1943 omnibus,
549 1915 697 1947 quorum
725 1906 759 1939 id
787 1918 915 1941 munus
942 1919 983 1943 ac
1002 1910 1159 1944 officium
1178 1913 1243 1951 est,
1271 1912 1416 1947 decreta
1441 1917 1515 1947 tam
1542 1918 1668 1949 sancta
1695 1918 1730 1949 et
1748 1919 1821 1950 tam

59 1953 162 1987 utilia
188 1954 231 1987 ad
261 1955 426 1988 effectum
455 1957 729 1992 adducerentur.
773 1959 899 2004 ltaque
924 1962 1138 1997 mittendum
1166 1964 1336 1999 duximus
1363 1966 1404 1999 ad
1432 1968 1468 2000 te
1495 1969 1529 2000 et
1556 1970 1716 2002 caeteros
1736 1969 1821 2003 Ger—

58 2006 200 2040 maniae
227 2007 408 2051 praelatos
435 2011 620 2054 exemplar
647 2012 894 2047 authenticum
920 2014 1078 2059 ipsorum
1097 2017 1321 2052 decretorum
1348 2019 1383 2052 in
1409 2019 1477 2054 hac
1495 2021 1591 2054 alma
1609 2022 1695 2056 urbe
1721 2023 1820 2057 iussu

54 2062 176 2093 nostro
204 2061 457 2105 impressorum
485 2074 554 2096 una
581 2075 661 2098 cum
681 2066 856 2110 exemplis
881 2067 1067 2102 literarum
1087 2082 1177 2114 quas
1195 2082 1302 2116 super
1325 2073 1376 2106 eis
1396 2073 1571 2107 edidimus
1583 2074 1605 2115 ²,
1633 2074 1819 2110 hortantes

54 2112 319 2147 fraternitatem
346 2116 446 2148 tuam
473 2119 508 2149 et
533 2116 600 2150 sub
626 2117 865 2153 obtestatione
884 2121 996 2155 divini
1022 2123 1143 2156 iudicii
1168 2128 1364 2166 monentes,
1393 2128 1431 2159 ut
1449 2130 1524 2160 tum
1543 2127 1655 2161 divini
1674 2128 1820 2163 honoris

53 2167 129 2199 tum
156 2167 354 2200 animarum
381 2168 511 2202 salutis
538 2181 657 2211 causa,
693 2183 756 2215 pro
790 2173 886 2207 sedis
913 2185 1053 2218 quoque
1080 2177 1299 2220 apostolicae
1335 2182 1371 2212 et
1406 2190 1529 2213 sacrae
1564 2182 1692 2225 synodi
1718 2194 1817 2216 reve-

52 2219 168 2252 rentia
195 2231 236 2253 ea
263 2222 299 2253 et
325 2222 516 2264 exequaris
542 2222 619 2267 ipse
645 2235 687 2258 ac
713 2224 905 2268 diligenter
930 2227 1110 2270 observes,
1138 2234 1174 2264 et
1199 2242 1220 2264 a
1238 2232 1479 2274 suffraganeis
1497 2234 1592 2266 tuis⁸
1611 2245 1714 2268 cures
1740 2247 1817 2270 sus-

52 2271 216 2315 cipienda
243 2276 351 2316 atque
379 2275 577 2315 servanda;
613 2276 708 2311 sicut
742 2280 778 2312 te
805 2291 867 2323 pro
894 2280 1011 2315 officio
1047 2293 1089 2316 ac
1114 2283 1191 2317 loco
1224 2283 1260 2317 in
1287 2296 1355 2327 quo
1383 2287 1600 2320 constitutus
1628 2299 1665 2321 es
1692 2291 1728 2322 et
1753 2301 1816 2333 pro

51 2324 184 2368 insigni
221 2328 283 2359 tua
311 2326 445 2360 virtute
481 2330 589 2372 atque
625 2331 814 2374 prudentia
850 2333 1031 2368 facturum
1067 2347 1146 2370 esse
1173 2337 1396 2372 confidimus.
1448 2338 1539 2380 Quia
1564 2351 1650 2373 vero
1685 2341 1816 2375 dilecto

51 2378 157 2412 etiam
186 2378 259 2412 filio
285 2383 407 2413 nostro
427 2380 553 2415 Carolo
581 2382 676 2416 tituli
702 2386 818 2419 sancti
846 2387 1066 2431 Apollinaris
1093 2390 1305 2434 presbytero
1332 2392 1506 2425 cardinali
1533 2404 1553 2426 a
1582 2393 1814 2438 Lotharingia

50 2435 178 2465 vocato
204 2432 299 2466 sedis
326 2433 546 2478 apostolicae
571 2435 692 2479 legato
720 2439 970 2475 mandavimus
998 2444 1037 2475 ut
1064 2442 1223 2476 eiusdem
1250 2444 1391 2477 concilii
1419 2445 1562 2479 decreta
1588 2448 1751 2482 omnibus
1778 2448 1812 2481 in

49 2484 257 2519 civitatibus
284 2488 320 2519 et
346 2486 445 2528 locis,
481 2499 549 2521 non
584 2489 699 2524 solum
726 2492 931 2535 provinciae
965 2495 1029 2528 sed
1060 2496 1169 2529 etiam
1195 2495 1387 2539 legationis
1413 2510 1499 2532 suae
1513 2501 1536 2539 ⁴,
1572 2501 1811 2545 suscipienda,

168 2562 195 2591 a)
217 2560 324 2586 literae
344 2563 412 2587 libr.
486 2562 516 2594 b)
538 2564 655 2590 servari
677 2567 793 2592 servari
815 2569 880 2593 libr.
962 2570 988 2602 c)
1009 2570 1040 2595 et
1060 2572 1297 2596 commentarium
1319 2574 1482 2604 antiquum.
1563 2574 1591 2605 d)
1611 2576 1812 2607 gravissimae

47 2608 144 2627 comm.
218 2603 245 2633 e)
267 2602 296 2627 in
317 2611 413 2629 comm.

169 2698 177 2717 ¹
204 2698 393 2731 Honckeim
421 2698 486 2733 has
512 2699 654 2735 litteras
681 2713 725 2735 ex
752 2704 926 2748 exemplo,
959 2705 1016 2739 cui
1043 2708 1185 2751 tempus
1211 2707 1406 2752 ascriptum
1434 2720 1502 2743 non
1529 2713 1615 2752 erat,
1644 2711 1808 2755 vulgavit

45 2752 82 2783 et
107 2761 138 2784 a.
160 2750 249 2784 1562
276 2751 380 2785 datas
406 2763 485 2785 esse
511 2753 685 2788 iudicavit
713 2755 750 2797 (l.
770 2768 800 2790 c.
827 2757 859 2790 11
887 2757 984 2801 880).

164 2803 176 2822 ²
206 2803 343 2838 Bullam
370 2805 488 2838 dicere
516 2806 658 2840 videtur
685 2806 818 2843 Romae
836 2810 893 2845 26.
913 2810 1068 2845 Ianuarii
1093 2813 1182 2846 1564
1201 2812 1331 2854 datam,
1360 2825 1430 2857 qua
1449 2815 1636 2850 concilium
1664 2818 1805 2854 sollem-

43 2855 136 2889 niter
162 2857 406 2899 confirmabat,
434 2870 476 2892 ac
502 2859 657 2893 fortasse
684 2860 773 2895 alias
791 2863 965 2906 quasdam
992 2864 1133 2898 litteras
1152 2866 1379 2910 apostolicaS,
1399 2868 1527 2911 quibus
1546 2870 1804 2914 professionem

42 2908 125 2942 fidei
150 2909 380 2944 tridentinam
407 2912 685 2955 praescribebat,
713 2916 854 2959 tempus
880 2916 1036 2950 decretis
1062 2918 1298 2952 observandis
1324 2921 1576 2962 constituebat,
1612 2923 1804 2968 privilegia

41 2960 86 2995 iis
112 2964 290 2996 contraria
316 2964 509 2999 revocabat
536 2967 623 3006 etc.;
651 2977 741 3010 quas
769 2968 850 3001 vide
876 2968 911 3002 in
938 2970 1106 3004 Bullario
1133 2971 1292 3005 Romano
1308 2972 1373 3006 Vll
1401 2973 1588 3009 244—246
1615 2977 1802 3014 523-527

42 3014 230 3050 299—300
255 3016 442 3052 277—279
470 3022 536 3052 etc.

161 3069 174 3089 ³
200 3068 252 3102 De
278 3069 334 3104 his
361 3071 443 3104 vide
470 3082 580 3115 supra
607 3083 639 3115 p.
669 3073 763 3107 135¹.

162 3123 174 3141 ⁴
201 3121 350 3157 Carolus
376 3124 568 3158 cardinalis
595 3124 752 3167 Guisius,
785 3126 1076 3174 archiepiscopus
1101 3129 1301 3165 rhemensis
1331 3132 1507 3177 (Rheims)
1538 3137 1574 3168 et
1599 3136 1694 3171 sedis
1720 3149 1801 3183 apo-

41 3172 189 3208 stolicae
223 3187 287 3220 per
313 3175 466 3210 Galliam
502 3176 656 3220 legatus,
692 3190 737 3213 m.
764 3178 959 3215 Novembri
995 3184 1031 3215 et
1057 3182 1244 3218 Decembri
1271 3196 1302 3219 a.
1326 3186 1414 3220 1564
1441 3185 1588 3222 Rhemis
1623 3192 1799 3234 synodum

1443 3246 1514 3280 41*
