2077 3461
673 183 910 220 Furstenavia
936 182 994 223 28.
1019 182 1104 216 Dec.
1133 181 1233 215 1565.
1744 177 1824 218 155

189 304 372 340 Dioecesis
398 303 675 347 osnaburgensis
701 303 856 347 pessime
882 300 1048 335 habebat.
1085 298 1150 341 Qui
1170 298 1335 332 Ioannem
1364 296 1398 330 in
1426 307 1466 329 ea
1492 294 1648 339 regenda
1667 293 1827 338 proxime

70 361 326 399 antecesserat,
352 356 567 391 Franciscus
590 367 610 389 a
629 355 807 389 lValdeck
834 355 1032 399 episcopus,
1063 351 1290 395 „Agendani“
1321 350 1398 384 sive
1424 349 1598 382 rationem
1625 346 1827 382 divinorum

68 412 266 447 officiorum
295 410 514 454 agendorum
548 408 833 454 praescripserat
868 408 912 441 ab
938 407 1144 440 Hermanno
1170 404 1304 444 Bonno,
1331 402 1617 436 Lutheranorum
1642 400 1827 434 lubeccen-

67 465 161 500 sium
186 463 514 509 superintendente,
541 461 800 506 conscriptam;
834 471 941 504 quam
968 471 1000 494 a.
1028 458 1119 493 1544
1145 458 1181 491 in
1207 457 1286 501 ipsa
1311 455 1399 490 urbe
1426 455 1543 489 clerus
1571 456 1605 488 et
1631 452 1828 487 saecularis

68 518 192 558 omnis,
228 520 372 563 praeter
406 514 601 561 capitulum
639 513 856 554 cathedrale,
893 515 929 547 et-
955 511 1114 555 religiosi
1140 521 1274 550 omnes,
1309 511 1452 554 praeter
1477 506 1740 545 Dominicanos,
1775 516 1828 539 re-

68 573 249 616 ceperant.
300 569 494 605 Catholicis
529 568 619 601 duae
653 569 795 600 tantum
830 566 978 600 relictae
1012 567 1097 599 sunt
1130 562 1332 608 parochiae,
1367 562 1482 596 altera
1509 559 1681 594 ecclesiae
1709 558 1827 593 cathe-

68 624 196 665 dralis,
235 623 349 657 altera
384 621 558 656 ecclesiae
590 619 790 663 collegialis
825 619 858 653 S.
889 618 1032 653 Ioannis
1067 617 1273 662 Baptistae;
1315 615 1487 650 ecclesias
1522 613 1656 647 Beatae
1690 611 1827 645 Mariae

67 676 229 720 Virginis
264 678 299 710 et
325 676 359 710 S.
383 674 599 709 Catharinae
634 674 781 707 senatus
815 672 914 706 urbis
941 670 1224 716 protestantibus
1250 668 1408 703 tradidit.
1460 667 1526 701 His
1553 664 1828 699 difficultatibus

67 730 309 773 iungebantur
333 728 479 774 pessimi
505 726 699 760 multorum
727 726 953 759 sacerdotum
979 735 1107 765 mores,
1134 733 1305 766 magnum
1332 733 1393 756 aes
1419 720 1575 755 alienum
1599 730 1619 753 a
1636 718 1826 752 Francisco

68 783 281 817 Vfaldeckio
308 780 529 827 episcopatui
555 779 759 819 conflatum,
795 777 1052 812 iurisdictionis
1087 779 1164 810 tum
1200 776 1319 810 civilis
1352 777 1430 808 tum
1465 772 1661 808 criminalis
1691 773 1827 816 pertur-

67 836 174 877 batio,
205 836 362 870 militum
387 833 620 874 incursiones,
655 832 769 866 morbi
795 831 994 874 contagiosi
1024 830 1291 873 (Kampschnlte
1325 828 1347 862 l.
1375 840 1405 862 c.
1434 825 1631 860 124—127,
1675 826 1826 867 Detener,

67 889 209 924 Johann
237 888 330 923 Graf
351 899 421 922 von
447 887 562 931 Hoya,
589 886 625 920 in
656 884 899 928 „Allgemeine
926 883 1098 918 deutsche
1124 882 1360 927 Biographie“
1391 879 1487 921 XIV,
1514 877 1733 919 246—2501).

189 960 467 994 Commendonus
490 956 672 992 Bruxellis
702 956 755 990 13.
782 953 998 989 Novembris
1026 953 1114 987 1561
1148 952 1364 986 Borromaeo
1390 948 1584 994 ssscripsit:
1620 947 1665 982 Se
1691 947 1826 991 Hoyae,

65 1012 127 1047 ubi
153 1014 305 1058 primum
332 1024 411 1046 cum
439 1024 479 1045 eo
506 1021 720 1054 congressus
748 1010 855 1049 esset,
891 1007 1170 1045 commendasse,
1197 1007 1237 1039 ut
1263 1003 1468 1047 Osnaburgi
1494 1001 1684 1045 collegium
1712 999 1828 1034 Socie-

65 1066 153 1100 tatis
179 1066 359 1100 conderet.
394 1064 592 1110 Respondit
611 1063 724 1108 Hoya,
751 1073 789 1096 se
816 1061 928 1096 Sociis
955 1060 1136 1094 desertum
1163 1058 1339 1102 quoddam
1368 1055 1623 1091 monasterium
1650 1065 1719 1087 una
1747 1065 1826 1087 cum

66 1120 142 1154 eius
176 1119 361 1160 reditibus,
396 1130 485 1163 quos
521 1116 717 1162 capitulum
746 1114 952 1149 cathedrale
978 1115 1128 1153 teneret,
1163 1112 1379 1145 traditurum
1416 1121 1506 1144 esse.
1557 1109 1588 1142 A
1614 1108 1826 1141 Borromaeo

66 1175 186 1206 autem
213 1172 497 1207 Commendonus
522 1170 679 1216 petebat,
714 1171 755 1202 ut
789 1179 827 1202 se
857 1179 921 1212 per
946 1166 1087 1200 litteras
1114 1165 1301 1199 certiorem
1328 1164 1465 1198 faceret
1490 1161 1650 1207 pontifici
1687 1160 1828 1203 collegii

65 1226 162 1260 illius
196 1226 407 1260 instituendi
441 1224 629 1259 consilium
664 1222 825 1268 placere;
863 1232 902 1255 se
941 1221 984 1254 ad
1011 1220 1152 1264 Hoyam
1188 1230 1229 1252 ea
1264 1217 1462 1251 relaturum
1499 1226 1578 1249 esse
1616 1213 1677 1257 (ex
1704 1224 1826 1258 apogr.

65 1279 212 1323 antiquo
238 1279 440 1313 litterarum
460 1275 726 1315 Commendoni,
754 1274 845 1318 quod
866 1276 922 1307 est
939 1272 1089 1307 Londini
1116 1272 1151 1305 in
1176 1282 1299 1304 museo
1318 1269 1529 1309 britannico,
1560 1267 1617 1310 ,M
1632 1266 1653 1300 S
1670 1265 1827 1309 Egerton

67 1332 178 1367 1077*
207 1333 232 1366 f.
254 1331 500 1375 18311—1852).
538 1330 643 1374 Hoya
669 1329 712 1362 de
739 1327 891 1370 collegio
910 1325 1114 1368 Osnaburgi
1142 1323 1360 1358 instituendo
1388 1333 1467 1356 cum
1487 1320 1599 1356 Sociis
1618 1317 1826 1353 coloniensi-

64 1385 150 1426 bUS,
186 1385 225 1419 P.
254 1386 472 1429 Hieronymo
497 1383 627 1418 Natale
655 1381 846 1416 Societatis
871 1379 1081 1418 visitatore,
1117 1377 1244 1411 Iacobo
1270 1376 1393 1410 Lainio
1420 1373 1623 1420 praeposito
1655 1371 1826 1415 generali,

65 1437 328 1472 Commendono
362 1437 488 1472 nuntio
521 1448 629 1480 agere
656 1435 793 1480 coepit;
829 1433 930 1468 cuius
957 1433 1008 1466 rei
1035 1431 1153 1475 gratia
1180 1429 1384 1473 Osnaburgi
1409 1427 1668 1462 monasterium
1694 1424 1826 1459 ordinis

65 1491 305 1525 Eremitarurn
333 1491 366 1525 S.
386 1490 580 1534 Augustini
606 1489 807 1523 instaurare
835 1489 870 1521 et
897 1485 1068 1520 Societati
1094 1484 1236 1518 tradere
1263 1482 1446 1525 cogitabat
1475 1481 1635 1523 (Hausen
1663 1478 1685 1512 1.
1709 1489 1738 1512 c.
1758 1477 1826 1512 386

65 1545 134 1580 397
169 1545 238 1580 406
272 1545 358 1579 4294
392 1545 478 1579 437³
513 1543 583 1578 440
617 1542 697 1577 448.
743 1541 832 1586 Epp.
859 1541 981 1574 Nadal
1010 1539 1044 1572 H
1083 1537 1267 1572 104—105
1306 1535 1530 1576 110-111);
1571 1531 1825 1575 Augustiniani

66 1598 175 1639 enim,
211 1600 406 1643 praeeunte
442 1597 601 1632 Ger-ardo
628 1595 772 1629 Hecker
808 1593 955 1628 Lutheri
990 1591 1116 1632 amico,
1151 1590 1227 1624 fere
1262 1589 1419 1622 omnium
1455 1586 1560 1632 primi
1595 1586 1639 1619 ab
1675 1584 1827 1618 ecclesia

65 1651 243 1686 catholica
267 1654 492 1686 recesserant
522 1649 790 1693 (Kanzpsclmlte
815 1647 837 1681 l.
858 1659 886 1680 c.
910 1645 1123 1687 122—123).
1164 1643 1329 1677 Canisius
1356 1643 1476 1676 autem
1502 1642 1579 1673 tum
1606 1639 1648 1672 de
1675 1637 1825 1680 collegio

64 1704 124 1738 illo
150 1707 227 1739 tum
254 1705 296 1739 de
322 1705 403 1739 aliis
429 1704 537 1738 rebus
563 1703 629 1737 sub
656 1714 687 1736 a.
718 1701 807 1736 1563
834 1701 960 1744 Hoyae
986 1698 1132 1743 scripsit
1161 1696 1266 1739 (Can.
1293 1695 1345 1730 III
1373 1694 1470 1738 551).

183 1776 338 1811 Dubium
363 1787 433 1810 non
459 1780 525 1816 est,
561 1773 647 1817 quin
675 1771 839 1806 Canisius
866 1770 932 1804 hoc
958 1772 1119 1813 tempore
1148 1767 1194 1808 id,
1230 1766 1323 1811 quod
1350 1764 1527 1809 episcopis
1553 1760 1827 1796 monasteriensi

65 1832 101 1864 et
126 1829 406 1875 paderbornensi
431 1840 494 1874 per
519 1827 661 1861 litteras
687 1824 879 1870 praestitit,
907 1834 987 1857 cum
1015 1820 1274 1864 osnaburgensi
1300 1830 1419 1853 coram
1446 1816 1579 1861 egerit:
1606 1814 1768 1849 Tradidit
1795 1813 1827 1847 ei

64 1884 310 1918 authenticum
347 1882 486 1917 concilii
521 1879 706 1915 tridentini
743 1877 947 1922 exemplum
982 1879 1090 1919 atque
1125 1875 1235 1909 breve
1269 1871 1502 1918 pontificium,
1538 1881 1607 1914 quo
1642 1868 1728 1902 Pius
1764 1867 1825 1901 IV.

65 1936 246 1972 Canisium
272 1936 341 1982 ipsi
367 1934 640 1970 commendabat
663 1931 851 1975 simulque,
879 1933 919 1964 ut
936 1930 1079 1963 decreta
1096 1927 1292 1962 tridentina
1313 1925 1582 1969 exsequeretur,
1609 1933 1689 1956 eum
1708 1921 1825 1954 horta-

64 1990 179 2032 batur,
216 1990 347 2024 additis
380 1990 535 2023 fortasse
570 1985 814 2030 singularibus
846 1984 982 2027 aliquot
1015 1985 1092 2016 tum
1126 1980 1393 2015 laudationibus
1425 1980 1501 2012 tum
1529 1975 1698 2010 consiliis.
1750 1974 1826 2007 Has

62 2046 184 2078 tamen
210 2044 352 2078 litteras
378 2053 554 2086 nusquam
581 2040 731 2085 repperi.

184 2120 349 2154 Canisius
375 2130 424 2158 se,
451 2119 535 2152 dum
562 2118 596 2150 in
623 2116 705 2150 aula
731 2112 1009 2148 furstenaviensi
1038 2113 1214 2150 versetur,
1249 2110 1458 2153 frequentes
1484 2106 1615 2140 habere
1643 2104 1826 2138 contiones

63 2174 200 2208 scribit.
250 2173 375 2217 Neque
401 2172 436 2206 id
461 2172 589 2205 mirum
618 2171 681 2204 est.
733 2168 821 2202 Erat
855 2167 948 2201 enim
979 2177 1123 2200 sacrum
1158 2167 1301 2208 tempus
1328 2161 1516 2195 Adventus
1552 2160 1587 2192 et
1612 2157 1826 2191 Nativitatis

64 2227 216 2268 Domini,
245 2228 280 2261 et
299 2225 433 2261 Canisii
459 2224 642 2259 contiones
661 2221 920 2256 Furstenaviae
940 2221 1042 2253 tanto
1060 2217 1238 2261 gratiores
1257 2217 1379 2250 essent
1405 2224 1552 2248 necesse
1579 2213 1665 2251 erat,
1693 2212 1825 2254 quanto

64 2281 180 2324 magis
207 2291 248 2314 ea
274 2282 393 2314 aetate
412 2277 604 2312 Germania
621 2276 825 2310 idoneorum
845 2273 1129 2308 contionatorum
1156 2270 1305 2315 penuria
1330 2267 1528 2302 laborabat.
1567 2264 1651 2299 Arci
1670 2264 1826 2297 fursten-

65 2334 202 2368 aviensi
229 2334 439 2367 coniunctus
466 2334 543 2365 erat
568 2340 684 2374 pagus
710 2329 788 2363 sive
806 2327 973 2372 oppidum
1000 2337 1080 2360 cum
1099 2335 1164 2358 sua
1184 2322 1336 2357 ecclesia
1358 2321 1445 2364 (qua
1463 2329 1556 2353 nunc
1583 2318 1825 2361 protestantes

64 2389 215 2422 utuntur
249 2386 411 2431 [Mithoff
442 2385 465 2419 l.
492 2396 521 2418 c.
548 2383 598 2417 VI
634 2381 723 2426 50]).
774 2382 893 2425 Atque
929 2380 1037 2413 etiam
1072 2390 1118 2412 m.
1150 2378 1313 2420 Augusto
1351 2373 1440 2408 1562
1476 2370 1711 2405 l'.Henricus
1747 2369 1825 2402 Dio-

63 2440 190 2485 nysius
210 2440 243 2474 S.
259 2441 291 2474 J.
309 2437 579 2475 Furstenaviae,
598 2438 638 2470 ut
656 2435 732 2479 ipse
750 2434 856 2479 Hoya
874 2435 1030 2467 testatus
1049 2433 1115 2471 est,
1143 2429 1351 2472 ,conciones
1369 2426 1502 2460 multas
1521 2423 1613 2468 apud
1633 2421 1821 2467 populum“

64 2492 239 2528 habuerat
267 2492 371 2537 (Epp.
395 2492 516 2526 Nadal
551 2490 583 2523 H
622 2489 717 2531 105).
769 2487 904 2522 Censeo
939 2485 1060 2529 igitur,
1096 2483 1279 2518 Canisium
1314 2478 1572 2514 Furstenaviae
1607 2476 1641 2509 in
1677 2475 1828 2509 ecclesia

64 2546 261 2591 parochiali
287 2546 423 2580 dixisse
448 2547 607 2588 tempore
626 2542 768 2586 quidem
788 2540 978 2574 Adventus
1005 2537 1129 2572 diebus
1159 2536 1211 2570 16.
1231 2538 1266 2569 et
1285 2535 1340 2568 23.
1360 2530 1578 2570 Decembris,
1606 2540 1698 2573 quae
1725 2529 1827 2561 erant

64 2600 270 2634 Dominicae
288 2599 348 2633 ΙΙΙ.
369 2601 403 2632 et
430 2597 490 2632 IV.
511 2596 708 2635 Adventus,
735 2605 777 2627 ac
803 2593 860 2627 die
885 2593 942 2626 21.
960 2589 1179 2630 Decembris,
1207 2588 1267 2632 qui
1292 2589 1369 2621 erat
1391 2586 1467 2619 dies
1486 2584 1601 2617 festus
1620 2582 1653 2616 S.
1669 2581 1826 2615 Thomae

64 2653 239 2698 Apostoli,
266 2655 302 2687 et
327 2652 465 2696 aliquot
491 2650 571 2685 aliis
597 2648 722 2682 diebus
743 2647 913 2690 (fortasse
942 2645 1007 2686 17„
1037 2644 1101 2684 19.,
1128 2643 1184 2677 24.
1203 2639 1430 2676 Decembris:
1459 2637 1519 2681 qui
1547 2638 1649 2669 erant
1674 2634 1764 2668 feria
1783 2634 1825 2667 ll.

66 2710 102 2740 et
127 2706 188 2740 lv.
215 2706 343 2740 tertiae
369 2702 611 2739 hebdomadae
637 2701 827 2735 Adventus
854 2702 889 2732 et
908 2697 1034 2741 vigilia
1052 2694 1298 2737 Nativitatis).
1341 2691 1440 2734 Quod
1468 2692 1588 2724 autem
1615 2688 1657 2722 ad
1684 2690 1826 2731 tempus

65 2759 272 2793 natalicium
299 2759 439 2797 attinet,
475 2757 551 2801 ipse
578 2753 744 2789 Canisius
771 2752 806 2787 S.
826 2751 1017 2786 Francisco
1045 2750 1197 2792 Borgiae
1232 2746 1380 2790 scripsit
1414 2744 1470 2778 29.
1489 2741 1698 2776 Decembris
1727 2741 1825 2779 1565,

65 2824 104 2846 se
135 2813 188 2854 „in
215 2824 255 2847 eo
282 2814 435 2856 quatuor
460 2811 530 2844 iam
558 2808 682 2843 diebus
708 2817 858 2851 pergere
885 2802 1130 2842 concionari“;
1165 2803 1201 2834 et
1227 2801 1283 2834 27.
1311 2797 1465 2832 Ianuarii
1488 2796 1596 2830 1566:
1628 2793 1700 2836 ,Ad
1721 2794 1824 2827 finem

65 2865 231 2900 Decemb.
258 2864 611 2899 Reuerendissimum
638 2859 951 2902 Osnaburgensem
989 2856 1024 2890 in
1051 2853 1279 2899 lVestplialia
1315 2851 1454 2894 reliqui.
1476 2877 1481 2883 .
1503 2877 1509 2883 .
1531 2876 1538 2883 .
1566 2847 1680 2892 Ferijs
1707 2849 1826 2880 autem

66 2918 200 2953 Christi
226 2918 411 2963 natalitijs,
439 2928 518 2951 cum
545 2915 640 2960 apud
666 2913 801 2947 dictum
827 2908 1179 2946 Reuerendissimum
1206 2916 1362 2948 agerem,
1397 2914 1475 2937 sum
1503 2901 1662 2946 quotidie
1689 2901 1824 2934 concio-

65 2974 172 3006 natus
191 2972 232 3006 de
258 2971 315 3006 his
332 2971 449 3012 rebus,
476 2981 567 3014 quae
594 2967 686 3012 apud
712 2966 802 2999 istos
828 2965 862 2998 in
889 2964 1022 2997 maiore
1049 2963 1133 2995 sunt
1159 2957 1436 2994 controuersia&
1479 2955 1571 2989 Num
1590 2954 1700 2998 igitur
1718 2953 1825 2987 etiam

68 3024 122 3059 30.
142 3024 362 3065 Decembris,
397 3034 487 3068 quae
523 3022 599 3056 dies
626 3018 811 3053 Dominica
847 3019 934 3056 erat,
970 3017 1006 3049 et
1031 3015 1099 3053 531„
1135 3013 1195 3057 qui
1230 3012 1313 3046 olim
1349 3013 1385 3044 et
1420 3010 1495 3054 ipse
1530 3007 1710 3042 nonnullis
1740 3006 1826 3040 locis

67 3080 182 3114 festus
222 3078 284 3120 ,de
319 3076 530 3122 praeceptou
570 3077 658 3114 erat,
693 3072 920 3106 contionatus
954 3069 1011 3107 sit,
1049 3066 1195 3101 definire
1231 3076 1299 3099 non
1336 3063 1466 3102 audeo,
1499 3060 1709 3107 praesertim
1746 3070 1826 3093 cum

67 3132 124 3167 29.
142 3131 349 3166 Decembris
375 3129 528 3172 Borgiae
562 3125 768 3170 scripserit:
809 3123 907 3165 ,Non
933 3121 1047 3155 sinam
1084 3121 1148 3153 boc
1175 3119 1251 3152 loco
1279 3129 1333 3151 me
1361 3117 1494 3151 diutius
1521 3114 1693 3149 retineri.
1715 3113 1824 3146 Recta

67 3185 207 3229 petam⁴⁴
237 3187 305 3218 etc.
333 3183 431 3226 (vide
458 3182 551 3215 infra
580 3192 610 3225 p.
641 3179 736 3221 157).
