2045 3471
193 187 278 228 570
618 185 712 220 Mon.
733 185 801 220 660
827 187 904 221 sive
930 198 1012 230 aug.
1035 187 1070 227 (b
1092 187 1165 232 17).
1208 187 1264 221 21.
1288 187 1407 222 Martii
1429 188 1529 223 1566.

189 303 383 336 orationem
420 302 576 336 ueniant.
628 302 789 337 Secundo
826 304 951 345 dicam,
987 304 1078 348 quod
1114 304 1195 338 boni
1224 303 1417 338 Christiani
1456 316 1500 338 ex
1531 304 1598 339 hoc
1623 305 1746 339 ordine
1773 305 1956 340 Ecclesiae

188 355 325 389 nullum
361 355 520 389 sentiant
554 355 734 397 damnum,
769 356 832 390 sed
865 356 1101 401 multiplicem
1136 357 1293 391 fructum
1328 357 1411 391 inde
1446 369 1573 402 capere
1607 358 1747 402 possint
1780 358 1810 392 si
1841 358 1955 392 ordini

190 408 371 442 Ecclesiae
397 419 436 442 se
462 408 570 453 probe
589 409 822 444 conforment.
857 410 978 444 Tertio
1005 421 1132 444 causas
1158 410 1345 444 ostendam
1372 422 1435 444 cur
1461 411 1574 445 oratio
1601 411 1644 445 ab
1662 411 1825 445 omnibus
1851 411 1956 445 hodie

188 461 354 495 laudetur
388 461 483 495 sicut
517 461 663 505 dignum
699 464 755 496 est
790 465 825 497 et
859 465 980 497 tamen
1016 463 1121 508 pauci
1155 475 1281 497 uerum
1316 475 1420 497 usum
1455 465 1492 497 et
1516 464 1673 498 fructum
1699 464 1870 498 orationis
1896 476 1955 498 ex-

188 514 373 559 periantur
407 515 458 548 ita
491 517 532 549 ut
566 526 681 559 neque
716 516 859 560 priuata
885 528 999 560 neque
1035 516 1177 561 publica
1203 516 1316 550 oratio
1342 528 1436 551 nunc
1463 519 1675 551 exerceatur
1706 519 1742 551 et
1767 520 1956 562 propterea

188 567 341 601 mundus
376 578 445 611 quo
480 567 623 612 longius
658 580 698 602 eo
732 569 836 614 peius
870 569 1001 603 habeat
1036 571 1071 603 et
1098 570 1133 602 in
1166 569 1330 603 omnibus
1356 569 1513 604 statibus
1539 570 1670 604 misera
1695 571 1743 604 sit
1768 570 1951 614 perditio.“

189 620 227 654 ln
253 620 332 665 ipsa
357 621 517 655 oratione
536 621 701 656 Canisius
728 622 835 656 etiam
864 622 951 656 dicit
972 622 1035 665 „de
1061 622 1175 656 abusu
1201 622 1373 656 orationis
1399 623 1434 656 in
1453 622 1679 657 Lutheranis.
1721 623 1837 656 Pudet
1862 634 1955 666 genu

187 674 342 715 flectere,
371 685 498 708 manus
524 674 658 715 leuare,
684 686 828 709 mouere
854 677 972 720 caput,
999 677 1186 720 percutere
1213 677 1339 720 pectus
1365 675 1457 719 quod
1484 678 1590 710 antea
1616 679 1694 710 erat
1719 676 1894 710 usitatum
1920 678 1956 710 et

189 726 379 761 laudabile.
431 727 468 761 20
494 727 666 762 Riserunt
701 730 736 762 et
771 729 987 763 damnarunt
1022 729 1084 763 der
1110 729 1268 763 Priester
1293 729 1394 763 siben
1420 729 1501 769 zeit,
1539 729 1611 763 Der
1635 729 1730 764 laien
1755 728 1955 770 betbiicheL

189 782 253 823 got
277 779 399 823 fraget
423 780 478 814 nit
502 780 593 815 nach
621 781 688 814 den
714 782 961 825 mundtgebet,
988 782 1036 816 ist
1061 783 1117 816 ein
1143 781 1276 816 minich
1302 782 1438 823 werkh,
1471 783 1527 816 ein
1553 782 1760 827 Papistisch
1784 782 1891 826 Ding.
1917 793 1956 816 es

188 833 316 876 gehert
341 845 384 867 zu
410 834 476 867 den
504 833 694 878 heylichen
713 834 870 869 fressern
891 834 949 878 [?]‚
977 846 1104 879 ergern
1123 835 1201 869 sich
1226 835 1269 869 ob
1295 835 1418 869 betten
1445 835 1516 869 vnd
1543 835 1670 870 diii-fen
1695 836 1749 870 nit
1773 835 1954 869 offentlich

186 886 312 920 bitten.
365 886 496 920 ...ita
530 887 592 920 uix
628 898 750 921 mense
785 890 860 922 toto
897 888 1019 921 dicunt
1053 890 1157 932 pater
1188 890 1311 923 noster
1346 891 1380 922 et
1414 889 1527 923 multo
1561 889 1679 923 minus
1713 889 1791 922 Aue
1817 888 1950 922 Maria“

189 938 228 982 (l.
256 951 285 973 c.
312 940 335 974 f.
366 940 611 983 nan-123³).

306 992 471 1027 Canisius
498 993 680 1027 Dominica
716 995 940 1038 promiserat,
975 1006 1014 1028 se
1049 995 1156 1028 etiarn
1197 994 1449 1038 „sequentibus
1485 995 1630 1029 diebus“
1668 995 1952 1029 contionaturum

187 1056 285 1085 esse;
322 1057 431 1089 quare
463 1046 619 1080 dubitari
655 1058 721 1080 non
759 1049 887 1091 potest,
926 1047 1011 1091 quin
1047 1048 1155 1081 etiam
1186 1047 1287 1082 feriis
1313 1047 1374 1082 III.
1403 1050 1439 1082 et
1464 1048 1524 1082 IV.
1551 1048 1790 1091 Rogationum
1819 1048 1891 1091 (21.
1919 1050 1955 1081 et

186 1098 242 1132 22.
270 1098 370 1141 Maii)
400 1099 516 1133 dicere
543 1099 715 1139 voluerit;
753 1099 788 1133 id
815 1100 906 1144 quod
936 1100 1043 1134 etiam
1071 1112 1101 1134 a.
1133 1101 1224 1135 1564
1261 1101 1307 1143 (a.
1338 1101 1438 1141 1562,
1477 1101 1578 1142 1563,
1617 1101 1707 1136 1565
1733 1101 1954 1135 hebdomade

187 1151 425 1194 Rogationum
461 1152 627 1195 Augusta
662 1152 793 1195 abfuit)
831 1153 1063 1198 praestiterat
1100 1152 1206 1196 (Can.
1233 1153 1283 1187 IV
1309 1153 1407 1197 834).
1466 1153 1591 1198 Neque
1625 1157 1745 1188 tamen
1780 1154 1954 1188 eiusmodi

188 1204 371 1238 contiones
406 1205 441 1238 in
478 1205 598 1239 codice
625 1209 843 1250 comparent.
897 1205 1062 1240 Canisius
1089 1208 1185 1240 certe
1211 1206 1277 1240 hoc
1304 1209 1462 1251 tempore
1489 1207 1788 1252 occupatissimus
1814 1209 1892 1241 erat
1917 1206 1954 1240 in

187 1257 293 1291 rebus
328 1258 551 1292 comitiorum
587 1258 726 1303 imperii
761 1259 840 1293 sive
873 1259 1066 1293 cardinalis
1093 1259 1356 1300 Commendoni,
1392 1260 1564 1304 pontificii
1590 1260 1626 1294 in
1651 1260 1805 1294 comitiis
1830 1259 1954 1303 legati.

189 1309 305 1351 Quare
332 1313 393 1344 aut
413 1311 636 1346 contionibus
654 1311 753 1346 hisce
771 1312 946 1347 habendis
963 1312 1168 1357 supersedit
1188 1312 1399 1355 (substituto
1420 1313 1454 1346 in
1474 1325 1577 1348 suum
1595 1313 1711 1348 locum
1730 1314 1769 1347 P.
1787 1313 1955 1347 Hermete

189 1363 433 1408 Halbpaur?)‚
460 1367 523 1398 aut
547 1364 677 1398 saltem
703 1365 886 1399 contiones
912 1377 981 1399 non
1007 1365 1163 1409 scripsit.

308 1417 361 1451 Ex
388 1418 442 1457 iis,
470 1429 561 1461 quae
587 1418 629 1451 de
655 1418 879 1452 contionibus
905 1431 925 1452 a
944 1418 1086 1453 Canisio
1106 1430 1135 1452 a.
1154 1419 1245 1453 1566
1271 1421 1430 1464 tempore
1456 1419 1618 1464 paschali
1643 1419 1775 1454 habitis
1803 1419 1953 1464 (paucae

189 1472 292 1504 era-nt
316 1470 414 1511 illae)
435 1471 539 1505 modo
558 1471 698 1516 protuli,
726 1472 803 1506 sive
822 1472 992 1516 corrigas,
1019 1472 1096 1506 sive
1115 1473 1363 1517 interpreteris
1382 1475 1523 1517 oportet
1541 1484 1592 1514 ea,
1620 1484 1711 1517 quae
1731 1473 1768 1507 P.
1790 1474 1952 1517 „Wende-

189 1522 307 1558 linus“
336 1525 498 1558 Volckius
524 1524 557 1559 S.
586 1525 619 1559 J.
646 1525 680 1558 in
714 1526 838 1559 domus
865 1525 898 1560 S.
926 1526 958 1560 J.
985 1528 1209 1569 augustanae
1235 1525 1394 1560 *litteris
1428 1526 1575 1567 annuis,
1612 1526 1776 1570 Augusta
1814 1527 1844 1561 1.
1870 1526 1954 1571 Sep-

189 1577 338 1610 tembris
368 1578 456 1612 1566
483 1577 587 1618 datis,
615 1579 656 1612 de
676 1578 745 1612 PP.
765 1578 1011 1619 Stevordiano,
1038 1579 1232 1623 Halbpaur,
1261 1578 1402 1613 Canisio
1428 1582 1570 1614 narrat:
1601 1579 1861 1621 „Concionatus
1887 1582 1952 1621 est,

190 1629 320 1674 partim
357 1630 395 1664 P.
422 1630 619 1671 Martinus,
655 1632 785 1676 partim
823 1632 861 1666 P.
888 1633 1059 1672 Hermes,
1095 1634 1131 1666 et
1164 1634 1315 1675 uterque
1350 1633 1465 1666 uicem
1501 1632 1541 1666 P.
1567 1633 1681 1667 nostri
1716 1632 1953 1667 Prouincialis

191 1682 312 1723 obiuit,
349 1685 388 1716 ut
423 1683 483 1726 qui
519 1684 642 1718 multis
678 1685 860 1719 mensibus
887 1685 1012 1725 abfuit,
1048 1696 1089 1719 ac
1115 1688 1255 1718 tantum
1283 1697 1346 1729 per
1372 1685 1684 1729 quadragesimam
1712 1686 1747 1720 in
1773 1686 1953 1720 Cathedra

191 1735 309 1769 docuit
335 1736 567 1778 Augustana“
601 1737 659 1773 (ex
687 1737 902 1782 archetypo:
935 1738 997 1779 „Gn
1025 1738 1088 1782 Ep.
1116 1738 1202 1771 VIP'
1234 1738 1258 1772 f.
1289 1738 1385 1780 189).

192 1846 301 1882 660
329 1848 406 1882 sive
434 1856 556 1892 aug·-
577 1846 632 1892 (Ι)
653 1847 756 1891 17).
832 1847 879 1883 21.
898 1847 1021 1883 Martii
1049 1847 1142 1883 1566.

310 1917 365 1952 Ex
391 1918 565 1952 contionis
591 1919 845 1952 commentario
872 1919 916 1953 ab
942 1919 1018 1963 ipso
1046 1918 1188 1952 Canisio
1214 1919 1409 1962 recognito.
1464 1919 1569 1960 „Cam
1596 1919 1660 1952 27²
1692 1919 1716 1953 f.
1743 1919 1816 1954 38¹1

314 1989 480 2022 Cani-sius
507 1990 688 2031 Angues-tae
714 1990 748 2022 in
777 1990 901 2032 templo
936 1991 1143 2022 monialium
1171 1990 1481 2023 dominic-anarum
1509 1991 1556 2022 ad
1580 1991 1734 2032 feminas
1759 1992 1863 2023 aulae
1888 1991 1952 2023 im-

185 2042 380 2083 peratricis
405 2042 524 2075 dicens
548 2042 773 2085 reprehendit
803 2046 1036 2085 protestantes
1070 2044 1132 2085 qni
1156 2043 1192 2075 in
1219 2043 1294 2076 sola
1321 2043 1398 2084 fide,
1435 2043 1623 2076 catholicos
1648 2044 1710 2086 qui
1735 2044 1770 2076 in
1798 2045 1953 2076 externis

190 2099 325 2127 tantum
353 2096 590 2136 caerimoniis,
628 2095 817 2138 relifflosos,
852 2097 913 2139 qui
937 2100 1073 2128 tantum
1100 2096 1136 2128 in
1165 2097 1285 2128 restitit
1306 2097 1572 2139 privileyiisque
1598 2097 1738 2129 ordinis
1762 2098 1950 2138 confidant.

309 2167 521 2220 Canisius,
555 2172 599 2208 ut
622 2167 794 2208 blaviae
825 2168 1107 2221 imperatricis
1141 2168 1348 2209 desiderio
1380 2168 1658 2221 satisfaceret,
1691 2169 1735 2209 in
1765 2170 1949 2222 qratiam

185 2231 447 2284 feminarum
479 2232 682 2273 nobilium
716 2246 806 2273 cum
840 2233 934 2286 ipsa
967 2233 1202 2287 Au‘qastam
1235 2233 1504 2274 advectarum
1535 2235 1594 2284 (v.
1616 2247 1749 2288 supra
1776 2248 1820 2288 p.
1844 2234 1951 2285 559)

185 2296 299 2348 feria
332 2297 378 2338 V.
410 2302 502 2352 post
534 2297 800 2338 Dominicam
834 2297 917 2339 III.
953 2298 1315 2352 chadrayesimae
1355 2299 1438 2339 sive
1468 2299 1539 2341 21.
1574 2298 1726 2339 Martii
1760 2300 1874 2340 1566
1906 2300 1947 2339 io?

187 2362 334 2416 templo
376 2362 419 2404 S.
456 2362 737 2414 Catlzare'nae,
787 2363 897 2417 quod
937 2363 1150 2416 virqinmn
1190 2377 1415 2404 sacrarum
1458 2363 1625 2404 ordinis
1662 2363 1704 2404 S.
1739 2363 1952 2404 Dominici

191 2431 301 2478 erat,
344 2428 569 2468 contionem
615 2426 762 2468 babuit
803 2428 853 2468 de
893 2427 1031 2468 verbis
1075 2428 1156 2468 illis
1195 2427 1457 2482 „Epistolae“
1498 2428 1614 2468 illius
1656 2428 1763 2468 diei:
1807 2428 1951 2479 „Haec

192 2492 292 2532 dicit
337 2491 531 2533 dominus
576 2493 830 2533 exercituum
874 2492 989 2533 Deus
1027 2492 1187 2533 Israel:
1231 2493 1375 2533 Bonas
1417 2492 1546 2545 facite
1586 2493 1676 2533 vias
1715 2497 1873 2534 vestras
1917 2497 1951 2534 et

190 2556 330 2597 studia
372 2561 522 2610 vestra,
567 2561 602 2597 et
645 2556 840 2598 habitabo
881 2557 1088 2598 vobisezmz
1129 2558 1173 2598 in
1215 2559 1298 2599 loco
1340 2558 1429 2599 isto.
1493 2557 1630 2598 Nolite
1670 2557 1873 2608 confidere
1905 2559 1947 2598 ire

190 2621 325 2662 verbis
356 2621 577 2673 mendacii,
612 2622 814 2662 dicentes:
852 2622 1065 2676 Templum
1100 2622 1288 2672 Domini,
1321 2623 1513 2676 templum
1537 2622 1723 2674 Domini,
1756 2623 1949 2676 templum

191 2685 365 2726 Domini
397 2685 480 2726 est“
515 2684 585 2736 (Ir
607 2687 646 2736 ²7,
680 2688 707 2727 3
736 2687 796 2738 4).
860 2686 910 2727 In
945 2700 1027 2741 qua
1061 2688 1247 2727 contione
1278 2687 1390 2739 haec,
1430 2691 1601 2740 praeter
1632 2686 1732 2739 alia,
1767 2688 1950 2727 momcit:

194 2748 360 2790 Similes
393 2749 518 2791 hodie
550 2750 727 2791 Judaeis
759 2752 860 2792 sunt
892 2750 1123 2793 Christiani
1155 2750 1224 2803 qui
1258 2750 1371 2791 fide
1408 2749 1755 2792 iustificari1
1787 2754 1830 2792 et
1863 2751 1948 2792 sal-

195 2813 285 2853 uari
324 2814 475 2856 uolunt
515 2828 593 2867 per
625 2814 841 2857 Christum
882 2815 1012 2857 etiam
1055 2815 1173 2856 sine
1214 2814 1380 2857 meritis
1421 2817 1465 2856 et
1506 2813 1804 2868 operibus‘2,
1847 2815 1949 2856 licet

194 2890 275 2918 non
317 2877 505 2920 habeant
545 2878 766 2921 fructus
807 2879 1088 2933 spiritus3,
1132 2879 1330 2921 Clamant
1370 2879 1475 2920 fides
1516 2878 1642 2927 fides,
1685 2877 1780 2919 Etsi
1820 2880 1947 2920 fidem

193 2953 321 2993 opere
353 2943 560 2994 negent4:
605 2945 649 2984 2?
682 2943 751 2996 qui
784 2944 950 2986 iactant
983 2944 1266 2996 Euangelium
1307 2945 1350 2985 et
1382 2943 1623 2985 confidunt³
1654 2955 1700 2983 se
1732 2942 1846 2984 solos
1878 2957 1949 2985 sa-

311 3018 338 3049 a)
360 3021 525 3051 Soqmmtur
544 3030 587 3047 vv.
607 3022 682 3047 satis
702 3029 780 3053 esse,
799 3032 816 3048 a
836 3024 903 3048 libr.
923 3024 1011 3048 omitt.

316 3111 324 3130 ¹
350 3110 436 3144 Rom
464 3113 495 3152 3,
523 3113 585 3152 283
613 3114 645 3148 5.
676 3115 704 3147 l.
757 3114 820 3148 Gal
850 3115 881 3153 2,
911 3115 952 3148 16
981 3119 1047 3147 etc.
1194 3115 1205 3133 2
1235 3115 1292 3147 lac
1319 3114 1350 3155 ⁶2,
1381 3113 1441 3148 18:
1469 3113 1513 3147 20
1539 3113 1594 3147 26,

314 3163 326 3182 ³
352 3162 419 3196 Gal
445 3164 475 3200 5,
503 3165 557 3198 22.
703 3167 714 3185 ⁴
743 3165 795 3198 Cf.
822 3166 881 3200 Tit
910 3168 938 3207 l,
968 3167 1020 3200 16.
