<?xml version="1.0" encoding="UTF-8"?>
<!DOCTYPE html PUBLIC "-//W3C//DTD XHTML 1.0 Transitional//EN"
    "http://www.w3.org/TR/xhtml1/DTD/xhtml1-transitional.dtd">
<html xmlns="http://www.w3.org/1999/xhtml" xml:lang="en" lang="en">
 <head>
  <title>
</title>
<meta http-equiv="Content-Type" content="text/html;charset=utf-8" />
  <meta name='ocr-system' content='tesseract 3.04.00' />
  <meta name='ocr-capabilities' content='ocr_page ocr_carea ocr_par ocr_line ocrx_word'/>
</head>
<body>
  <div class='ocr_page' id='page_1' title='image "beatipetricanisi05cani_0239.png"; bbox 0 0 2077 3461; ppageno 0'>
   <div class='ocr_carea' id='block_1_1' title="bbox 115 187 1825 238">
    <p class='ocr_par' dir='ltr' id='par_1_1' title="bbox 115 187 1825 238">
     <span class='ocr_line' id='line_1_1' title="bbox 115 187 1825 238; baseline -0.008 -6"><span class='ocrx_word' id='word_1_1' title='bbox 115 197 217 232; x_wconf 85' lang='lat'>1271.</span> <span class='ocrx_word' id='word_1_2' title='bbox 244 195 331 231; x_wconf 87' lang='lat' dir='ltr'>Can.</span> <span class='ocrx_word' id='word_1_3' title='bbox 347 195 501 238; x_wconf 82' lang='lat' dir='ltr'>Georgio</span> <span class='ocrx_word' id='word_1_4' title='bbox 519 193 610 228; x_wconf 89' lang='lat' dir='ltr'>Duci</span> <span class='ocrx_word' id='word_1_5' title='bbox 627 190 1126 234; x_wconf 84' lang='lat' dir='ltr'>Brunsvico—Luneburgensi.</span> <span class='ocrx_word' id='word_1_6' title='bbox 1154 188 1392 223; x_wconf 83' lang='lat' dir='ltr'>Furstenavia</span> <span class='ocrx_word' id='word_1_7' title='bbox 1411 199 1455 222; x_wconf 88' lang='lat' dir='ltr'>m.</span> <span class='ocrx_word' id='word_1_8' title='bbox 1470 187 1556 222; x_wconf 85' lang='lat' dir='ltr'>Dec.</span> <span class='ocrx_word' id='word_1_9' title='bbox 1573 187 1673 221; x_wconf 78' lang='grc'><strong>1565.</strong></span> <span class='ocrx_word' id='word_1_10' title='bbox 1743 189 1825 229; x_wconf 82' lang='grc'>153</span> 
     </span>
    </p>
   </div>
   <div class='ocr_carea' id='block_1_2' title="bbox 68 303 1830 460">
    <p class='ocr_par' dir='ltr' id='par_1_2' title="bbox 68 303 1830 460">
     <span class='ocr_line' id='line_1_2' title="bbox 185 303 1829 360; baseline -0.007 -12"><span class='ocrx_word' id='word_1_11' title='bbox 185 313 361 360; x_wconf 72' lang='lat' dir='ltr'>Epistula,</span> <span class='ocrx_word' id='word_1_12' title='bbox 397 324 503 356; x_wconf 85' lang='lat' dir='ltr'>quam</span> <span class='ocrx_word' id='word_1_13' title='bbox 530 312 643 357; x_wconf 87' lang='lat' dir='ltr'>posui,</span> <span class='ocrx_word' id='word_1_14' title='bbox 678 322 759 345; x_wconf 88' lang='lat' dir='ltr'>cum</span> <span class='ocrx_word' id='word_1_15' title='bbox 785 309 968 344; x_wconf 70' lang='lat' dir='ltr'>historicis</span> <span class='ocrx_word' id='word_1_16' title='bbox 993 306 1353 353; x_wconf 85' lang='lat' dir='ltr'>paderbornensibus,</span> <span class='ocrx_word' id='word_1_17' title='bbox 1385 316 1474 349; x_wconf 82' lang='lat' dir='ltr'>quos</span> <span class='ocrx_word' id='word_1_18' title='bbox 1501 316 1610 350; x_wconf 86' lang='lat' dir='ltr'>supra</span> <span class='ocrx_word' id='word_1_19' title='bbox 1636 303 1829 344; x_wconf 85' lang='lat' dir='ltr'>nominavi,</span> 
     </span>
     <span class='ocr_line' id='line_1_3' title="bbox 68 357 1830 413; baseline -0.007 -11"><span class='ocrx_word' id='word_1_20' title='bbox 68 370 192 413; x_wconf 84' lang='lat' dir='ltr'>ignota</span> <span class='ocrx_word' id='word_1_21' title='bbox 217 369 305 407; x_wconf 86' lang='lat' dir='ltr'>erat,</span> <span class='ocrx_word' id='word_1_22' title='bbox 331 370 408 400; x_wconf 88' lang='lat' dir='ltr'>tum</span> <span class='ocrx_word' id='word_1_23' title='bbox 434 366 541 400; x_wconf 85' lang='lat' dir='ltr'>etiam</span> <span class='ocrx_word' id='word_1_24' title='bbox 565 366 716 408; x_wconf 73' lang='lat' dir='ltr'>Georyio</span> <span class='ocrx_word' id='word_1_25' title='bbox 735 364 880 407; x_wconf 79' lang='lat' dir='ltr'>[oseplco</span> <span class='ocrx_word' id='word_1_26' title='bbox 897 365 1049 404; x_wconf 84' lang='lat' dir='ltr'>Bessen‚·</span> <span class='ocrx_word' id='word_1_27' title='bbox 1074 361 1156 394; x_wconf 89' lang='lat' dir='ltr'>vide</span> <span class='ocrx_word' id='word_1_28' title='bbox 1183 360 1260 394; x_wconf 87' lang='lat' dir='ltr'>eius</span> <span class='ocrx_word' id='word_1_29' title='bbox 1290 358 1528 401; x_wconf 79' lang='lat' dir='ltr'>„Geschichte</span> <span class='ocrx_word' id='word_1_30' title='bbox 1555 358 1617 392; x_wconf 82' lang='lat' dir='ltr'>des</span> <span class='ocrx_word' id='word_1_31' title='bbox 1643 357 1830 392; x_wconf 88' lang='lat' dir='ltr'>Bisthums</span> 
     </span>
     <span class='ocr_line' id='line_1_4' title="bbox 71 417 907 460; baseline -0.007 -5"><span class='ocrx_word' id='word_1_32' title='bbox 71 421 293 455; x_wconf 70' lang='lat' dir='ltr'>Paderborn‘</span> <span class='ocrx_word' id='word_1_33' title='bbox 324 420 367 460; x_wconf 87' lang='lat' dir='ltr'>ll,</span> <span class='ocrx_word' id='word_1_34' title='bbox 394 418 600 453; x_wconf 85' lang='lat' dir='ltr'>Paderborn</span> <span class='ocrx_word' id='word_1_35' title='bbox 631 418 729 458; x_wconf 76' lang='lat'>1820,</span> <span class='ocrx_word' id='word_1_36' title='bbox 757 417 907 452; x_wconf 78' lang='lat'>49—63.</span> 
     </span>
    </p>
   </div>
   <div class='ocr_carea' id='block_1_3' title="bbox 72 524 1834 675">
    <p class='ocr_par' dir='ltr' id='par_1_3' title="bbox 72 524 1834 675">
     <span class='ocr_line' id='line_1_5' title="bbox 72 524 1831 572; baseline -0.006 -1"><span class='ocrx_word' id='word_1_37' title='bbox 72 535 214 572; x_wconf 78' lang='grc'><strong>1271.</strong></span> <span class='ocrx_word' id='word_1_38' title='bbox 337 533 551 569; x_wconf 78' lang='lat' dir='ltr'>CANISIUS</span> <span class='ocrx_word' id='word_1_39' title='bbox 610 530 923 567; x_wconf 73' lang='lat' dir='ltr'><strong>GEORGIO</strong></span> <span class='ocrx_word' id='word_1_40' title='bbox 982 528 1147 565; x_wconf 77' lang='lat' dir='ltr'>DUGI</span> <span class='ocrx_word' id='word_1_41' title='bbox 1200 524 1831 563; x_wconf 71' lang='lat' dir='ltr'>BRUNSVlco-LUNE-</span> 
     </span>
     <span class='ocr_line' id='line_1_6' title="bbox 261 579 1834 630; baseline -0.008 -6"><span class='ocrx_word' id='word_1_42' title='bbox 261 585 637 628; x_wconf 71' lang='lat' dir='ltr'>BURGENSI,</span> <span class='ocrx_word' id='word_1_43' title='bbox 688 585 956 630; x_wconf 80' lang='lat' dir='ltr'>archiepiscopo</span> <span class='ocrx_word' id='word_1_44' title='bbox 1007 582 1204 623; x_wconf 84' lang='lat' dir='ltr'>bremensi,</span> <span class='ocrx_word' id='word_1_45' title='bbox 1255 582 1421 626; x_wconf 89' lang='lat' dir='ltr'>episcopo</span> <span class='ocrx_word' id='word_1_46' title='bbox 1472 584 1507 613; x_wconf 81' lang='lat' dir='ltr'>et</span> <span class='ocrx_word' id='word_1_47' title='bbox 1551 579 1834 613; x_wconf 78' lang='lat' dir='ltr'>administratori</span> 
     </span>
     <span class='ocr_line' id='line_1_7' title="bbox 263 639 793 675; baseline -0.008 0"><span class='ocrx_word' id='word_1_48' title='bbox 263 641 431 675; x_wconf 84' lang='lat' dir='ltr'>verdensi</span> <span class='ocrx_word' id='word_1_49' title='bbox 457 642 494 674; x_wconf 90' lang='lat' dir='ltr'>et</span> <span class='ocrx_word' id='word_1_50' title='bbox 518 639 695 673; x_wconf 80' lang='lat' dir='ltr'>mindensi</span> <span class='ocrx_word' id='word_1_51' title='bbox 726 641 793 672; x_wconf 86' lang='lat' dir='ltr'>etc.</span> 
     </span>
    </p>
   </div>
   <div class='ocr_carea' id='block_1_4' title="bbox 837 684 1787 725">
    <p class='ocr_par' dir='ltr' id='par_1_4' title="bbox 837 684 1787 725">
     <span class='ocr_line' id='line_1_8' title="bbox 837 684 1787 725; baseline -0.007 0"><span class='ocrx_word' id='word_1_52' title='bbox 837 691 1076 725; x_wconf 82' lang='lat' dir='ltr'>Furstenavia</span> <span class='ocrx_word' id='word_1_53' title='bbox 1101 689 1195 723; x_wconf 89' lang='lat' dir='ltr'>inter</span> <span class='ocrx_word' id='word_1_54' title='bbox 1222 688 1276 722; x_wconf 83' lang='lat'>15.</span> <span class='ocrx_word' id='word_1_55' title='bbox 1304 689 1340 721; x_wconf 86' lang='lat' dir='ltr'>et</span> <span class='ocrx_word' id='word_1_56' title='bbox 1367 687 1423 720; x_wconf 76' lang='lat'>31.</span> <span class='ocrx_word' id='word_1_57' title='bbox 1449 684 1657 719; x_wconf 85' lang='lat' dir='ltr'>Decembris</span> <span class='ocrx_word' id='word_1_58' title='bbox 1685 685 1787 719; x_wconf 85' lang='grc'><strong>1565.</strong></span> 
     </span>
    </p>
   </div>
   <div class='ocr_carea' id='block_1_5' title="bbox 77 756 1848 1662">
    <p class='ocr_par' dir='ltr' id='par_1_5' title="bbox 77 756 1848 1662">
     <span class='ocr_line' id='line_1_9' title="bbox 198 756 1836 803; baseline -0.008 -4"><span class='ocrx_word' id='word_1_59' title='bbox 198 768 284 800; x_wconf 81' lang='lat' dir='ltr'>Cam</span> <span class='ocrx_word' id='word_1_60' title='bbox 313 766 498 799; x_wconf 82' lang='lat' dir='ltr'>Canisiam</span> <span class='ocrx_word' id='word_1_61' title='bbox 533 775 565 798; x_wconf 86' lang='lat' dir='ltr'>a.</span> <span class='ocrx_word' id='word_1_62' title='bbox 596 766 686 797; x_wconf 71' lang='lat'><strong><em>1565</em></strong></span> <span class='ocrx_word' id='word_1_63' title='bbox 722 764 768 795; x_wconf 82' lang='lat' dir='ltr'>ad</span> <span class='ocrx_word' id='word_1_64' title='bbox 807 763 1023 795; x_wconf 77' lang='lat' dir='ltr'>Germaniae</span> <span class='ocrx_word' id='word_1_65' title='bbox 1058 761 1338 803; x_wconf 75' lang='lat' dir='ltr'>archiepiscopos</span> <span class='ocrx_word' id='word_1_66' title='bbox 1373 759 1616 801; x_wconf 70' lang='lat' dir='ltr'>episcoposque</span> <span class='ocrx_word' id='word_1_67' title='bbox 1650 767 1692 788; x_wconf 81' lang='lat' dir='ltr'>ac</span> <span class='ocrx_word' id='word_1_68' title='bbox 1728 756 1836 788; x_wconf 87' lang='lat' dir='ltr'>nomi-</span> 
     </span>
     <span class='ocr_line' id='line_1_10' title="bbox 78 810 1838 862; baseline -0.007 -9"><span class='ocrx_word' id='word_1_69' title='bbox 78 823 188 853; x_wconf 80' lang='lat' dir='ltr'>natim</span> <span class='ocrx_word' id='word_1_70' title='bbox 220 821 268 852; x_wconf 83' lang='lat' dir='ltr'>ad</span> <span class='ocrx_word' id='word_1_71' title='bbox 299 821 475 862; x_wconf 77' lang='lat' dir='ltr'>episcopos</span> <span class='ocrx_word' id='word_1_72' title='bbox 500 818 735 860; x_wconf 70' lang='lat' dir='ltr'>Westphaliae</span> <span class='ocrx_word' id='word_1_73' title='bbox 761 827 783 848; x_wconf 83' lang='lat' dir='ltr'>a</span> <span class='ocrx_word' id='word_1_74' title='bbox 808 816 873 849; x_wconf 85' lang='lat' dir='ltr'>Pio</span> <span class='ocrx_word' id='word_1_75' title='bbox 900 817 960 849; x_wconf 69' lang='lat'>11⁷.</span> <span class='ocrx_word' id='word_1_76' title='bbox 996 816 1145 858; x_wconf 68' lang='lat' dir='ltr'>lequtum</span> <span class='ocrx_word' id='word_1_77' title='bbox 1181 824 1249 847; x_wconf 85' lang='lat' dir='ltr'>esse</span> <span class='ocrx_word' id='word_1_78' title='bbox 1275 815 1413 853; x_wconf 79' lang='lat' dir='ltr'>constet,</span> <span class='ocrx_word' id='word_1_79' title='bbox 1448 810 1610 843; x_wconf 79' lang='lat' dir='ltr'>dubitari</span> <span class='ocrx_word' id='word_1_80' title='bbox 1634 810 1694 841; x_wconf 51' lang='grc' dir='ltr'>τίω·</span> <span class='ocrx_word' id='word_1_81' title='bbox 1715 813 1838 851; x_wconf 80' lang='lat' dir='ltr'>potest,</span> 
     </span>
     <span class='ocr_line' id='line_1_11' title="bbox 78 862 1839 917; baseline -0.007 -11"><span class='ocrx_word' id='word_1_82' title='bbox 78 875 164 917; x_wconf 67' lang='lat' dir='ltr'>«plin</span> <span class='ocrx_word' id='word_1_83' title='bbox 199 874 303 906; x_wconf 81' lang='lat' dir='ltr'>etiam</span> <span class='ocrx_word' id='word_1_84' title='bbox 338 873 385 904; x_wconf 83' lang='lat' dir='ltr'>ad</span> <span class='ocrx_word' id='word_1_85' title='bbox 415 872 606 913; x_wconf 73' lang='lat' dir='ltr'>Georyium</span> <span class='ocrx_word' id='word_1_86' title='bbox 641 871 761 903; x_wconf 72' lang='lat' dir='ltr'>ducem</span> <span class='ocrx_word' id='word_1_87' title='bbox 787 868 1313 910; x_wconf 61' lang='lat' dir='ltr'>Bra›eserico-Luneburqensem</span> <span class='ocrx_word' id='word_1_88' title='bbox 1348 866 1480 908; x_wconf 69' lang='lat' dir='ltr'>leyatus</span> <span class='ocrx_word' id='word_1_89' title='bbox 1514 865 1578 904; x_wconf 79' lang='lat' dir='ltr'>sit‚·</span> <span class='ocrx_word' id='word_1_90' title='bbox 1612 864 1642 895; x_wconf 85' lang='lat' dir='ltr'>is</span> <span class='ocrx_word' id='word_1_91' title='bbox 1677 863 1769 895; x_wconf 81' lang='lat' dir='ltr'>enim</span> <span class='ocrx_word' id='word_1_92' title='bbox 1795 862 1839 893; x_wconf 85' lang='lat' dir='ltr'>ab</span> 
     </span>
     <span class='ocr_line' id='line_1_12' title="bbox 77 915 1839 968; baseline -0.007 -9"><span class='ocrx_word' id='word_1_93' title='bbox 77 938 110 961; x_wconf 84' lang='lat' dir='ltr'>a.</span> <span class='ocrx_word' id='word_1_94' title='bbox 139 928 230 960; x_wconf 69' lang='lat'><strong><em>1554</em></strong></span> <span class='ocrx_word' id='word_1_95' title='bbox 256 927 493 968; x_wconf 82' lang='lat' dir='ltr'>episcopatum</span> <span class='ocrx_word' id='word_1_96' title='bbox 518 925 733 957; x_wconf 81' lang='lat' dir='ltr'>mindensem</span> <span class='ocrx_word' id='word_1_97' title='bbox 760 923 962 965; x_wconf 43' lang='lat' dir='ltr'>(Mindenh</span> <span class='ocrx_word' id='word_1_98' title='bbox 996 922 1102 955; x_wconf 81' lang='lat' dir='ltr'>simul</span> <span class='ocrx_word' id='word_1_99' title='bbox 1137 922 1180 953; x_wconf 85' lang='lat' dir='ltr'>ab</span> <span class='ocrx_word' id='word_1_100' title='bbox 1215 932 1248 954; x_wconf 80' lang='lat' dir='ltr'>a.</span> <span class='ocrx_word' id='word_1_101' title='bbox 1277 922 1368 952; x_wconf 58' lang='lat'>1555</span> <span class='ocrx_word' id='word_1_102' title='bbox 1399 918 1740 960; x_wconf 77' lang='lat' dir='ltr'>archiepiscopatum</span> <span class='ocrx_word' id='word_1_103' title='bbox 1767 915 1839 947; x_wconf 84' lang='lat' dir='ltr'>bre-</span> 
     </span>
     <span class='ocr_line' id='line_1_13' title="bbox 80 968 1840 1020; baseline -0.007 -8"><span class='ocrx_word' id='word_1_104' title='bbox 80 991 227 1012; x_wconf 86' lang='lat' dir='ltr'>mensem</span> <span class='ocrx_word' id='word_1_105' title='bbox 263 978 452 1020; x_wconf 83' lang='lat' dir='ltr'>(Bremen)</span> <span class='ocrx_word' id='word_1_106' title='bbox 487 981 518 1009; x_wconf 86' lang='lat' dir='ltr'>et</span> <span class='ocrx_word' id='word_1_107' title='bbox 550 978 787 1020; x_wconf 76' lang='lat' dir='ltr'>episcopatum</span> <span class='ocrx_word' id='word_1_108' title='bbox 824 976 1020 1008; x_wconf 64' lang='lat' dir='ltr'>verdensem</span> <span class='ocrx_word' id='word_1_109' title='bbox 1053 974 1228 1015; x_wconf 81' lang='lat' dir='ltr'>(Verden)</span> <span class='ocrx_word' id='word_1_110' title='bbox 1266 971 1542 1005; x_wconf 81' lang='lat' dir='ltr'>administrabat</span> <span class='ocrx_word' id='word_1_111' title='bbox 1558 971 1578 1004; x_wconf 86' lang='lat'>¹.</span> <span class='ocrx_word' id='word_1_112' title='bbox 1634 969 1694 1002; x_wconf 69' lang='lat' dir='ltr'>Ea·</span> <span class='ocrx_word' id='word_1_113' title='bbox 1725 968 1840 1000; x_wconf 83' lang='lat' dir='ltr'>altera</span> 
     </span>
     <span class='ocr_line' id='line_1_14' title="bbox 79 1022 1842 1075; baseline -0.006 -10"><span class='ocrx_word' id='word_1_114' title='bbox 79 1038 195 1066; x_wconf 76' lang='lat' dir='ltr'>aectem</span> <span class='ocrx_word' id='word_1_115' title='bbox 216 1036 321 1075; x_wconf 84' lang='lat' dir='ltr'>parte</span> <span class='ocrx_word' id='word_1_116' title='bbox 347 1036 479 1064; x_wconf 77' lang='lat' dir='ltr'>certum</span> <span class='ocrx_word' id='word_1_117' title='bbox 505 1035 562 1073; x_wconf 86' lang='lat' dir='ltr'>est,</span> <span class='ocrx_word' id='word_1_118' title='bbox 593 1030 777 1063; x_wconf 82' lang='lat' dir='ltr'>Canisium</span> <span class='ocrx_word' id='word_1_119' title='bbox 805 1030 841 1062; x_wconf 83' lang='lat' dir='ltr'>in</span> <span class='ocrx_word' id='word_1_120' title='bbox 872 1029 1083 1071; x_wconf 65' lang='lat' dir='ltr'>lr&#39;estplzalia</span> <span class='ocrx_word' id='word_1_121' title='bbox 1110 1038 1187 1060; x_wconf 78' lang='lat' dir='ltr'>cnm</span> <span class='ocrx_word' id='word_1_122' title='bbox 1212 1027 1285 1060; x_wconf 82' lang='lat' dir='ltr'>solo</span> <span class='ocrx_word' id='word_1_123' title='bbox 1312 1027 1448 1059; x_wconf 78' lang='lat' dir='ltr'>Ioanne</span> <span class='ocrx_word' id='word_1_124' title='bbox 1481 1024 1524 1057; x_wconf 87' lang='lat' dir='ltr'>ab</span> <span class='ocrx_word' id='word_1_125' title='bbox 1551 1024 1657 1066; x_wconf 73' lang='lat' dir='ltr'>Hoya</span> <span class='ocrx_word' id='word_1_126' title='bbox 1683 1022 1842 1064; x_wconf 81' lang='lat' dir='ltr'>episcopo</span> 
     </span>
     <span class='ocr_line' id='line_1_15' title="bbox 81 1075 1843 1128; baseline -0.007 -9"><span class='ocrx_word' id='word_1_127' title='bbox 81 1085 335 1128; x_wconf 73' lang='lat' dir='ltr'>osnaburyensi</span> <span class='ocrx_word' id='word_1_128' title='bbox 376 1095 497 1117; x_wconf 80' lang='lat' dir='ltr'>eoram</span> <span class='ocrx_word' id='word_1_129' title='bbox 535 1085 660 1127; x_wconf 62' lang='lat' dir='ltr'>egisse,</span> <span class='ocrx_word' id='word_1_130' title='bbox 698 1084 847 1126; x_wconf 66' lang='lat' dir='ltr'>reliquis</span> <span class='ocrx_word' id='word_1_131' title='bbox 885 1083 1054 1125; x_wconf 80' lang='lat' dir='ltr'>episcopis</span> <span class='ocrx_word' id='word_1_132' title='bbox 1092 1081 1267 1113; x_wconf 78' lang='lat' dir='ltr'>adeundis</span> <span class='ocrx_word' id='word_1_133' title='bbox 1302 1079 1426 1122; x_wconf 73' lang='lat' dir='ltr'>Hoyae</span> <span class='ocrx_word' id='word_1_134' title='bbox 1459 1088 1568 1110; x_wconf 76' lang='lat' dir='ltr'>suasu</span> <span class='ocrx_word' id='word_1_135' title='bbox 1606 1075 1843 1118; x_wconf 80' lang='lat' dir='ltr'>supersedisse</span> 
     </span>
     <span class='ocr_line' id='line_1_16' title="bbox 83 1128 1842 1181; baseline -0.007 -9"><span class='ocrx_word' id='word_1_136' title='bbox 83 1140 130 1181; x_wconf 71' lang='lat' dir='ltr'>(c.</span> <span class='ocrx_word' id='word_1_137' title='bbox 158 1139 260 1181; x_wconf 80' lang='lat' dir='ltr'>infra</span> <span class='ocrx_word' id='word_1_138' title='bbox 286 1150 336 1181; x_wconf 82' lang='lat' dir='ltr'>ep.</span> <span class='ocrx_word' id='word_1_139' title='bbox 362 1149 398 1171; x_wconf 84' lang='lat' dir='ltr'>n.</span> <span class='ocrx_word' id='word_1_140' title='bbox 420 1138 541 1177; x_wconf 55' lang='lat'><em>1274).</em></span> <span class='ocrx_word' id='word_1_141' title='bbox 574 1138 693 1178; x_wconf 73' lang='lat' dir='ltr'>Quare</span> <span class='ocrx_word' id='word_1_142' title='bbox 718 1136 908 1169; x_wconf 80' lang='lat' dir='ltr'>verisimile</span> <span class='ocrx_word' id='word_1_143' title='bbox 933 1141 992 1178; x_wconf 80' lang='lat' dir='ltr'>est,</span> <span class='ocrx_word' id='word_1_144' title='bbox 1019 1145 1096 1167; x_wconf 82' lang='lat' dir='ltr'>eum</span> <span class='ocrx_word' id='word_1_145' title='bbox 1122 1136 1225 1167; x_wconf 81' lang='lat' dir='ltr'>etiam</span> <span class='ocrx_word' id='word_1_146' title='bbox 1258 1133 1409 1175; x_wconf 68' lang='lat' dir='ltr'>Georqio</span> <span class='ocrx_word' id='word_1_147' title='bbox 1435 1130 1675 1164; x_wconf 69' lang='lat' dir='ltr'>ciectleenticum</span> <span class='ocrx_word' id='word_1_148' title='bbox 1700 1128 1842 1161; x_wconf 77' lang='lat' dir='ltr'>concilii</span> 
     </span>
     <span class='ocr_line' id='line_1_17' title="bbox 81 1183 1843 1234; baseline -0.007 -9"><span class='ocrx_word' id='word_1_149' title='bbox 81 1192 269 1225; x_wconf 71' lang='lat' dir='ltr'>tridentini</span> <span class='ocrx_word' id='word_1_150' title='bbox 294 1192 490 1234; x_wconf 76' lang='lat' dir='ltr'>exemplum</span> <span class='ocrx_word' id='word_1_151' title='bbox 516 1195 545 1223; x_wconf 88' lang='lat' dir='ltr'>et</span> <span class='ocrx_word' id='word_1_152' title='bbox 571 1191 681 1223; x_wconf 67' lang='lat' dir='ltr'>Breve</span> <span class='ocrx_word' id='word_1_153' title='bbox 707 1190 767 1222; x_wconf 82' lang='lat' dir='ltr'>Pii</span> <span class='ocrx_word' id='word_1_154' title='bbox 785 1190 846 1222; x_wconf 74' lang='lat' dir='ltr'>[V.</span> <span class='ocrx_word' id='word_1_155' title='bbox 875 1190 1008 1221; x_wconf 75' lang='lat' dir='ltr'>misisse</span> <span class='ocrx_word' id='word_1_156' title='bbox 1036 1199 1108 1220; x_wconf 87' lang='lat' dir='ltr'>una</span> <span class='ocrx_word' id='word_1_157' title='bbox 1134 1198 1213 1220; x_wconf 75' lang='lat' dir='ltr'>cnm</span> <span class='ocrx_word' id='word_1_158' title='bbox 1238 1186 1366 1219; x_wconf 82' lang='lat' dir='ltr'>litteris</span> <span class='ocrx_word' id='word_1_159' title='bbox 1392 1195 1516 1218; x_wconf 75' lang='lat' dir='ltr'>earnm</span> <span class='ocrx_word' id='word_1_160' title='bbox 1541 1183 1727 1225; x_wconf 74' lang='lat' dir='ltr'>similibus,</span> <span class='ocrx_word' id='word_1_161' title='bbox 1754 1192 1843 1224; x_wconf 67' lang='lat' dir='ltr'>&lt;litas</span> 
     </span>
     <span class='ocr_line' id='line_1_18' title="bbox 84 1235 1843 1288; baseline -0.007 -10"><span class='ocrx_word' id='word_1_162' title='bbox 84 1247 131 1278; x_wconf 85' lang='lat' dir='ltr'>ad</span> <span class='ocrx_word' id='word_1_163' title='bbox 157 1246 332 1288; x_wconf 78' lang='lat' dir='ltr'>episcopos</span> <span class='ocrx_word' id='word_1_164' title='bbox 357 1244 663 1276; x_wconf 77' lang='lat' dir='ltr'>monasteriensem</span> <span class='ocrx_word' id='word_1_165' title='bbox 690 1248 719 1276; x_wconf 90' lang='lat' dir='ltr'>et</span> <span class='ocrx_word' id='word_1_166' title='bbox 742 1242 1059 1285; x_wconf 71' lang='lat' dir='ltr'>paderbornensem</span> <span class='ocrx_word' id='word_1_167' title='bbox 1088 1241 1182 1273; x_wconf 80' lang='lat' dir='ltr'>dedit</span> <span class='ocrx_word' id='word_1_168' title='bbox 1202 1240 1334 1282; x_wconf 85' lang='lat' dir='ltr'>(snpra</span> <span class='ocrx_word' id='word_1_169' title='bbox 1355 1250 1392 1281; x_wconf 86' lang='lat' dir='ltr'>p.</span> <span class='ocrx_word' id='word_1_170' title='bbox 1417 1240 1483 1271; x_wconf 68' lang='lat'>149</span> <span class='ocrx_word' id='word_1_171' title='bbox 1512 1237 1610 1276; x_wconf 70' lang='lat'><em>152).</em></span> <span class='ocrx_word' id='word_1_172' title='bbox 1651 1239 1728 1276; x_wconf 55' lang='lat' dir='ltr'>(gna</span> <span class='ocrx_word' id='word_1_173' title='bbox 1747 1235 1788 1267; x_wconf 82' lang='lat' dir='ltr'>de</span> <span class='ocrx_word' id='word_1_174' title='bbox 1806 1245 1843 1267; x_wconf 83' lang='lat' dir='ltr'>re</span> 
     </span>
     <span class='ocr_line' id='line_1_19' title="bbox 84 1289 1844 1334; baseline -0.007 -3"><span class='ocrx_word' id='word_1_175' title='bbox 84 1299 147 1333; x_wconf 77' lang='lat' dir='ltr'>hoc</span> <span class='ocrx_word' id='word_1_176' title='bbox 174 1299 371 1331; x_wconf 82' lang='lat' dir='ltr'>notandum</span> <span class='ocrx_word' id='word_1_177' title='bbox 397 1302 465 1330; x_wconf 87' lang='lat' dir='ltr'>est:</span> <span class='ocrx_word' id='word_1_178' title='bbox 490 1297 693 1330; x_wconf 70' lang='lat' dir='ltr'>Natlzcmael</span> <span class='ocrx_word' id='word_1_179' title='bbox 721 1296 890 1329; x_wconf 72' lang='lat' dir='ltr'>Son-ellus</span> <span class='ocrx_word' id='word_1_180' title='bbox 917 1297 953 1329; x_wconf 80' lang='lat' dir='ltr'>S.</span> <span class='ocrx_word' id='word_1_181' title='bbox 972 1296 1008 1328; x_wconf 84' lang='lat' dir='ltr'>J.</span> <span class='ocrx_word' id='word_1_182' title='bbox 1035 1296 1172 1327; x_wconf 74' lang='lat' dir='ltr'>litteras</span> <span class='ocrx_word' id='word_1_183' title='bbox 1198 1298 1336 1326; x_wconf 71' lang='lat' dir='ltr'>exstare</span> <span class='ocrx_word' id='word_1_184' title='bbox 1362 1292 1536 1334; x_wconf 79' lang='lat' dir='ltr'>affirmat,</span> <span class='ocrx_word' id='word_1_185' title='bbox 1563 1300 1651 1332; x_wconf 77' lang='lat' dir='ltr'>quas</span> <span class='ocrx_word' id='word_1_186' title='bbox 1677 1289 1844 1322; x_wconf 77' lang='lat' dir='ltr'>Canisias</span> 
     </span>
     <span class='ocr_line' id='line_1_20' title="bbox 88 1341 1844 1396; baseline -0.007 -11"><span class='ocrx_word' id='word_1_187' title='bbox 88 1353 157 1396; x_wconf 79' lang='lat' dir='ltr'>„ad</span> <span class='ocrx_word' id='word_1_188' title='bbox 197 1351 411 1394; x_wconf 70' lang='lat' dir='ltr'>Episcopum</span> <span class='ocrx_word' id='word_1_189' title='bbox 455 1351 673 1384; x_wconf 83' lang='lat' dir='ltr'>Mindensem</span> <span class='ocrx_word' id='word_1_190' title='bbox 715 1360 857 1392; x_wconf 80' lang='lat' dir='ltr'>unaque</span> <span class='ocrx_word' id='word_1_191' title='bbox 899 1349 1032 1382; x_wconf 75' lang='lat' dir='ltr'>Ducem</span> <span class='ocrx_word' id='word_1_192' title='bbox 1074 1343 1386 1381; x_wconf 72' lang='lat' dir='ltr'>Brnnseieensem“</span> <span class='ocrx_word' id='word_1_193' title='bbox 1430 1345 1564 1377; x_wconf 77' lang='lat' dir='ltr'>dederit</span> <span class='ocrx_word' id='word_1_194' title='bbox 1608 1341 1844 1383; x_wconf 75' lang='lat' dir='ltr'>(Bibliotheca</span> 
     </span>
     <span class='ocr_line' id='line_1_21' title="bbox 89 1395 1845 1448; baseline -0.007 -10"><span class='ocrx_word' id='word_1_195' title='bbox 89 1406 312 1448; x_wconf 75' lang='lat' dir='ltr'>Scriptorum</span> <span class='ocrx_word' id='word_1_196' title='bbox 340 1404 524 1438; x_wconf 80' lang='lat' dir='ltr'>Societatis</span> <span class='ocrx_word' id='word_1_197' title='bbox 549 1405 642 1447; x_wconf 82' lang='lat' dir='ltr'>Iesu,</span> <span class='ocrx_word' id='word_1_198' title='bbox 667 1404 801 1436; x_wconf 82' lang='lat' dir='ltr'>Romae</span> <span class='ocrx_word' id='word_1_199' title='bbox 822 1405 922 1445; x_wconf 66' lang='lat'>1676,</span> <span class='ocrx_word' id='word_1_200' title='bbox 951 1403 1050 1441; x_wconf 69' lang='lat'><strong><em>663).</em></strong></span> <span class='ocrx_word' id='word_1_201' title='bbox 1097 1401 1184 1435; x_wconf 81' lang='lat' dir='ltr'>Cam</span> <span class='ocrx_word' id='word_1_202' title='bbox 1211 1403 1326 1432; x_wconf 84' lang='lat' dir='ltr'>autem</span> <span class='ocrx_word' id='word_1_203' title='bbox 1349 1397 1533 1441; x_wconf 83' lang='lat' dir='ltr'>probabile</span> <span class='ocrx_word' id='word_1_204' title='bbox 1559 1407 1628 1429; x_wconf 86' lang='lat' dir='ltr'>non</span> <span class='ocrx_word' id='word_1_205' title='bbox 1653 1396 1709 1437; x_wconf 80' lang='lat' dir='ltr'>sit,</span> <span class='ocrx_word' id='word_1_206' title='bbox 1739 1395 1845 1428; x_wconf 86' lang='lat' dir='ltr'>Cani-</span> 
     </span>
     <span class='ocr_line' id='line_1_22' title="bbox 86 1448 1846 1500; baseline -0.007 -9"><span class='ocrx_word' id='word_1_207' title='bbox 86 1461 178 1492; x_wconf 81' lang='lat' dir='ltr'>sium</span> <span class='ocrx_word' id='word_1_208' title='bbox 205 1458 299 1491; x_wconf 84' lang='lat' dir='ltr'>Iulio</span> <span class='ocrx_word' id='word_1_209' title='bbox 325 1459 408 1491; x_wconf 78' lang='lat' dir='ltr'>duci</span> <span class='ocrx_word' id='word_1_210' title='bbox 433 1457 686 1499; x_wconf 66' lang='lat' dir='ltr'>bmcnsvtcensi,</span> <span class='ocrx_word' id='word_1_211' title='bbox 722 1458 783 1500; x_wconf 73' lang='lat' dir='ltr'>qni</span> <span class='ocrx_word' id='word_1_212' title='bbox 812 1458 1044 1489; x_wconf 63' lang='lat'><strong><em>1553—1554</em></strong></span> <span class='ocrx_word' id='word_1_213' title='bbox 1074 1455 1310 1497; x_wconf 78' lang='lat' dir='ltr'>episcopatum</span> <span class='ocrx_word' id='word_1_214' title='bbox 1337 1453 1550 1484; x_wconf 77' lang='lat' dir='ltr'>mindensem</span> <span class='ocrx_word' id='word_1_215' title='bbox 1579 1449 1701 1490; x_wconf 77' lang='lat' dir='ltr'>tenuit,</span> <span class='ocrx_word' id='word_1_216' title='bbox 1735 1448 1846 1489; x_wconf 78' lang='lat' dir='ltr'>serip-</span> 
     </span>
     <span class='ocr_line' id='line_1_23' title="bbox 87 1503 1848 1555; baseline -0.008 -10"><span class='ocrx_word' id='word_1_217' title='bbox 87 1513 182 1555; x_wconf 83' lang='lat' dir='ltr'>sisse,</span> <span class='ocrx_word' id='word_1_218' title='bbox 209 1512 257 1544; x_wconf 80' lang='lat' dir='ltr'>ad</span> <span class='ocrx_word' id='word_1_219' title='bbox 281 1512 395 1544; x_wconf 83' lang='lat' dir='ltr'>solnm</span> <span class='ocrx_word' id='word_1_220' title='bbox 426 1512 616 1554; x_wconf 73' lang='lat' dir='ltr'>Georyinm</span> <span class='ocrx_word' id='word_1_221' title='bbox 645 1511 788 1543; x_wconf 81' lang='lat' dir='ltr'>Sotvelli</span> <span class='ocrx_word' id='word_1_222' title='bbox 814 1510 917 1542; x_wconf 77' lang='lat' dir='ltr'>rerba</span> <span class='ocrx_word' id='word_1_223' title='bbox 942 1513 1099 1551; x_wconf 78' lang='lat' dir='ltr'>spectare</span> <span class='ocrx_word' id='word_1_224' title='bbox 1118 1511 1278 1550; x_wconf 85' lang='lat' dir='ltr'>possunt.</span> <span class='ocrx_word' id='word_1_225' title='bbox 1318 1507 1371 1538; x_wconf 69' lang='lat' dir='ltr'>Ac</span> <span class='ocrx_word' id='word_1_226' title='bbox 1395 1505 1547 1547; x_wconf 85' lang='lat' dir='ltr'>fortasse</span> <span class='ocrx_word' id='word_1_227' title='bbox 1577 1503 1744 1536; x_wconf 76' lang='lat' dir='ltr'>Canis-ius</span> <span class='ocrx_word' id='word_1_228' title='bbox 1770 1511 1848 1533; x_wconf 84' lang='lat' dir='ltr'>cum</span> 
     </span>
     <span class='ocr_line' id='line_1_24' title="bbox 93 1555 1848 1608; baseline -0.008 -9"><span class='ocrx_word' id='word_1_229' title='bbox 93 1567 245 1608; x_wconf 71' lang='lat' dir='ltr'>Georyio</span> <span class='ocrx_word' id='word_1_230' title='bbox 281 1565 419 1608; x_wconf 75' lang='lat' dir='ltr'>aliquid</span> <span class='ocrx_word' id='word_1_231' title='bbox 454 1565 653 1598; x_wconf 77' lang='lat' dir='ltr'>commercii</span> <span class='ocrx_word' id='word_1_232' title='bbox 688 1565 789 1595; x_wconf 81' lang='lat' dir='ltr'>etiam</span> <span class='ocrx_word' id='word_1_233' title='bbox 825 1567 928 1595; x_wconf 75' lang='lat' dir='ltr'>antea</span> <span class='ocrx_word' id='word_1_234' title='bbox 963 1562 1160 1601; x_wconf 72' lang='lat' dir='ltr'>liabzterat,·</span> <span class='ocrx_word' id='word_1_235' title='bbox 1196 1561 1252 1593; x_wconf 80' lang='lat' dir='ltr'>ille</span> <span class='ocrx_word' id='word_1_236' title='bbox 1287 1560 1381 1592; x_wconf 88' lang='lat' dir='ltr'>enim</span> <span class='ocrx_word' id='word_1_237' title='bbox 1416 1558 1459 1590; x_wconf 87' lang='lat' dir='ltr'>ab</span> <span class='ocrx_word' id='word_1_238' title='bbox 1495 1568 1528 1589; x_wconf 87' lang='lat' dir='ltr'>a.</span> <span class='ocrx_word' id='word_1_239' title='bbox 1558 1558 1648 1589; x_wconf 73' lang='lat'><em>1530</em></span> <span class='ocrx_word' id='word_1_240' title='bbox 1684 1555 1848 1587; x_wconf 79' lang='lat' dir='ltr'>Coloniae</span> 
     </span>
     <span class='ocr_line' id='line_1_25' title="bbox 82 1611 1477 1662; baseline -0.006 -10"><span class='ocrx_word' id='word_1_241' title='bbox 82 1620 375 1662; x_wconf 73' lang='lat' dir='ltr'>praeposituram</span> <span class='ocrx_word' id='word_1_242' title='bbox 402 1619 562 1651; x_wconf 76' lang='lat' dir='ltr'>ecelesiae</span> <span class='ocrx_word' id='word_1_243' title='bbox 587 1617 878 1659; x_wconf 83' lang='lat' dir='ltr'>metropolitanae</span> <span class='ocrx_word' id='word_1_244' title='bbox 903 1616 1037 1648; x_wconf 85' lang='lat' dir='ltr'>tenebat</span> <span class='ocrx_word' id='word_1_245' title='bbox 1064 1615 1230 1656; x_wconf 73' lang='lat' dir='ltr'>(Hansen</span> <span class='ocrx_word' id='word_1_246' title='bbox 1257 1613 1279 1646; x_wconf 89' lang='lat' dir='ltr'>l.</span> <span class='ocrx_word' id='word_1_247' title='bbox 1307 1624 1333 1646; x_wconf 87' lang='lat' dir='ltr'>e.</span> <span class='ocrx_word' id='word_1_248' title='bbox 1360 1611 1477 1651; x_wconf 80' lang='lat'><em>290¹).</em></span> 
     </span>
    </p>
   </div>
   <div class='ocr_carea' id='block_1_6' title="bbox 90 1677 1861 2419">
    <p class='ocr_par' dir='ltr' id='par_1_6' title="bbox 90 1677 1852 1995">
     <span class='ocr_line' id='line_1_26' title="bbox 209 1677 1849 1730; baseline -0.008 -8"><span class='ocrx_word' id='word_1_249' title='bbox 209 1688 249 1721; x_wconf 90' lang='lat' dir='ltr'>In</span> <span class='ocrx_word' id='word_1_250' title='bbox 284 1688 399 1722; x_wconf 89' lang='lat' dir='ltr'>tribus</span> <span class='ocrx_word' id='word_1_251' title='bbox 434 1687 533 1722; x_wconf 89' lang='lat' dir='ltr'>hisce</span> <span class='ocrx_word' id='word_1_252' title='bbox 568 1686 790 1720; x_wconf 83' lang='lat' dir='ltr'>dioecesibus</span> <span class='ocrx_word' id='word_1_253' title='bbox 824 1696 960 1730; x_wconf 83' lang='lat' dir='ltr'>paucae</span> <span class='ocrx_word' id='word_1_254' title='bbox 997 1683 1190 1718; x_wconf 80' lang='lat' dir='ltr'>exstabant</span> <span class='ocrx_word' id='word_1_255' title='bbox 1225 1681 1424 1716; x_wconf 87' lang='lat' dir='ltr'>catholicae</span> <span class='ocrx_word' id='word_1_256' title='bbox 1456 1678 1638 1723; x_wconf 85' lang='lat' dir='ltr'>religionis</span> <span class='ocrx_word' id='word_1_257' title='bbox 1664 1677 1849 1721; x_wconf 82' lang='lat' dir='ltr'>reliquiae.</span> 
     </span>
     <span class='ocr_line' id='line_1_27' title="bbox 90 1730 1851 1786; baseline -0.007 -10"><span class='ocrx_word' id='word_1_258' title='bbox 90 1742 171 1786; x_wconf 86' lang='lat' dir='ltr'>Ipse</span> <span class='ocrx_word' id='word_1_259' title='bbox 199 1741 375 1784; x_wconf 83' lang='lat' dir='ltr'>Georgius</span> <span class='ocrx_word' id='word_1_260' title='bbox 410 1744 560 1775; x_wconf 86' lang='lat' dir='ltr'>externa</span> <span class='ocrx_word' id='word_1_261' title='bbox 594 1740 713 1785; x_wconf 88' lang='lat' dir='ltr'>specie</span> <span class='ocrx_word' id='word_1_262' title='bbox 749 1739 964 1779; x_wconf 85' lang='lat' dir='ltr'>catholicus,</span> <span class='ocrx_word' id='word_1_263' title='bbox 1002 1737 1118 1772; x_wconf 89' lang='lat' dir='ltr'>animo</span> <span class='ocrx_word' id='word_1_264' title='bbox 1153 1736 1273 1782; x_wconf 85' lang='lat' dir='ltr'>potius</span> <span class='ocrx_word' id='word_1_265' title='bbox 1307 1735 1512 1780; x_wconf 87' lang='lat' dir='ltr'>protestans</span> <span class='ocrx_word' id='word_1_266' title='bbox 1548 1732 1661 1766; x_wconf 84' lang='lat' dir='ltr'>fuisse</span> <span class='ocrx_word' id='word_1_267' title='bbox 1697 1730 1851 1764; x_wconf 85' lang='lat' dir='ltr'>videtur.</span> 
     </span>
     <span class='ocr_line' id='line_1_28' title="bbox 92 1783 1852 1835; baseline -0.007 -6"><span class='ocrx_word' id='word_1_268' title='bbox 92 1796 131 1829; x_wconf 89' lang='lat' dir='ltr'>P.</span> <span class='ocrx_word' id='word_1_269' title='bbox 158 1796 200 1829; x_wconf 88' lang='lat' dir='ltr'>B.</span> <span class='ocrx_word' id='word_1_270' title='bbox 231 1796 339 1828; x_wconf 86' lang='lat' dir='ltr'>Gams</span> <span class='ocrx_word' id='word_1_271' title='bbox 373 1794 415 1829; x_wconf 93' lang='grc' dir='ltr'>Ο.</span> <span class='ocrx_word' id='word_1_272' title='bbox 442 1794 476 1828; x_wconf 78' lang='lat' dir='ltr'>S.</span> <span class='ocrx_word' id='word_1_273' title='bbox 504 1794 543 1828; x_wconf 91' lang='lat' dir='ltr'>B.</span> <span class='ocrx_word' id='word_1_274' title='bbox 580 1805 660 1827; x_wconf 89' lang='lat' dir='ltr'>eum</span> <span class='ocrx_word' id='word_1_275' title='bbox 701 1794 784 1835; x_wconf 78' lang='lat' dir='ltr'>„vix</span> <span class='ocrx_word' id='word_1_276' title='bbox 818 1791 1054 1827; x_wconf 78' lang='lat' dir='ltr'>catholicum⁴⁴</span> <span class='ocrx_word' id='word_1_277' title='bbox 1093 1790 1186 1824; x_wconf 86' lang='lat' dir='ltr'>dixit</span> <span class='ocrx_word' id='word_1_278' title='bbox 1222 1788 1356 1832; x_wconf 82' lang='lat' dir='ltr'>(Series</span> <span class='ocrx_word' id='word_1_279' title='bbox 1381 1787 1641 1832; x_wconf 83' lang='lat' dir='ltr'>Episcoporum</span> <span class='ocrx_word' id='word_1_280' title='bbox 1668 1783 1852 1818; x_wconf 84' lang='lat' dir='ltr'>Ecclesiae</span> 
     </span>
     <span class='ocr_line' id='line_1_29' title="bbox 93 1837 1852 1889; baseline -0.007 -7"><span class='ocrx_word' id='word_1_281' title='bbox 93 1847 310 1889; x_wconf 81' lang='lat' dir='ltr'>Catholicae,</span> <span class='ocrx_word' id='word_1_282' title='bbox 336 1847 554 1882; x_wconf 86' lang='lat' dir='ltr'>Ratisbonae</span> <span class='ocrx_word' id='word_1_283' title='bbox 582 1847 682 1887; x_wconf 81' lang='lat'>1873,</span> <span class='ocrx_word' id='word_1_284' title='bbox 709 1846 808 1889; x_wconf 86' lang='lat'>321).</span> <span class='ocrx_word' id='word_1_285' title='bbox 860 1845 931 1879; x_wconf 91' lang='lat' dir='ltr'>Alii</span> <span class='ocrx_word' id='word_1_286' title='bbox 965 1844 1088 1878; x_wconf 85' lang='lat' dir='ltr'>mitius</span> <span class='ocrx_word' id='word_1_287' title='bbox 1123 1843 1166 1877; x_wconf 89' lang='lat' dir='ltr'>de</span> <span class='ocrx_word' id='word_1_288' title='bbox 1201 1854 1241 1877; x_wconf 88' lang='lat' dir='ltr'>eo</span> <span class='ocrx_word' id='word_1_289' title='bbox 1277 1843 1487 1881; x_wconf 87' lang='lat' dir='ltr'>senserunt;</span> <span class='ocrx_word' id='word_1_290' title='bbox 1523 1850 1608 1882; x_wconf 82' lang='lat' dir='ltr'>erga</span> <span class='ocrx_word' id='word_1_291' title='bbox 1636 1837 1852 1871; x_wconf 79' lang='lat' dir='ltr'>Societatem</span> 
     </span>
     <span class='ocr_line' id='line_1_30' title="bbox 92 1890 1852 1944; baseline -0.007 -9"><span class='ocrx_word' id='word_1_292' title='bbox 92 1901 174 1935; x_wconf 84' lang='lat' dir='ltr'>Iesu</span> <span class='ocrx_word' id='word_1_293' title='bbox 200 1901 358 1935; x_wconf 85' lang='lat' dir='ltr'>animum</span> <span class='ocrx_word' id='word_1_294' title='bbox 384 1900 596 1935; x_wconf 87' lang='lat' dir='ltr'>benevolum</span> <span class='ocrx_word' id='word_1_295' title='bbox 623 1911 708 1944; x_wconf 87' lang='lat' dir='ltr'>prae</span> <span class='ocrx_word' id='word_1_296' title='bbox 739 1910 777 1932; x_wconf 91' lang='lat' dir='ltr'>se</span> <span class='ocrx_word' id='word_1_297' title='bbox 803 1898 942 1932; x_wconf 88' lang='lat' dir='ltr'>ferebat</span> <span class='ocrx_word' id='word_1_298' title='bbox 970 1898 1144 1941; x_wconf 68' lang='lat' dir='ltr'>(So-unck</span> <span class='ocrx_word' id='word_1_299' title='bbox 1178 1896 1200 1930; x_wconf 92' lang='lat'>1.</span> <span class='ocrx_word' id='word_1_300' title='bbox 1228 1908 1257 1930; x_wconf 89' lang='lat' dir='ltr'>c.</span> <span class='ocrx_word' id='word_1_301' title='bbox 1284 1895 1336 1929; x_wconf 87' lang='lat'>111</span> <span class='ocrx_word' id='word_1_302' title='bbox 1362 1893 1441 1928; x_wconf 80' lang='lat'><strong>323.</strong></span> <span class='ocrx_word' id='word_1_303' title='bbox 1486 1891 1738 1935; x_wconf 77' lang='lat' dir='ltr'>Kampselndte</span> <span class='ocrx_word' id='word_1_304' title='bbox 1773 1890 1796 1923; x_wconf 93' lang='lat' dir='ltr'>l.</span> <span class='ocrx_word' id='word_1_305' title='bbox 1823 1901 1852 1924; x_wconf 88' lang='lat' dir='ltr'>c.</span> 
     </span>
     <span class='ocr_line' id='line_1_31' title="bbox 94 1947 1509 1995; baseline -0.006 -6"><span class='ocrx_word' id='word_1_306' title='bbox 94 1955 173 1989; x_wconf 76' lang='lat'>260.</span> <span class='ocrx_word' id='word_1_307' title='bbox 210 1955 358 1988; x_wconf 87' lang='lat' dir='ltr'>Hansen</span> <span class='ocrx_word' id='word_1_308' title='bbox 384 1954 407 1988; x_wconf 89' lang='lat' dir='ltr'>l.</span> <span class='ocrx_word' id='word_1_309' title='bbox 435 1965 463 1988; x_wconf 90' lang='lat' dir='ltr'>c.</span> <span class='ocrx_word' id='word_1_310' title='bbox 492 1953 561 1987; x_wconf 81' lang='lat'>290</span> <span class='ocrx_word' id='word_1_311' title='bbox 588 1953 672 1987; x_wconf 70' lang='lat'>386⁴</span> <span class='ocrx_word' id='word_1_312' title='bbox 697 1951 811 1995; x_wconf 73' lang='lat'>4952).</span> <span class='ocrx_word' id='word_1_313' title='bbox 862 1951 948 1985; x_wconf 90' lang='lat' dir='ltr'>Vita</span> <span class='ocrx_word' id='word_1_314' title='bbox 974 1951 1084 1985; x_wconf 85' lang='lat' dir='ltr'>cessit</span> <span class='ocrx_word' id='word_1_315' title='bbox 1108 1952 1142 1985; x_wconf 88' lang='lat'>4.</span> <span class='ocrx_word' id='word_1_316' title='bbox 1168 1947 1379 1984; x_wconf 86' lang='lat' dir='ltr'>Decembris</span> <span class='ocrx_word' id='word_1_317' title='bbox 1408 1947 1509 1981; x_wconf 82' lang='lat'>1566.</span> 
     </span>
    </p>

    <p class='ocr_par' dir='ltr' id='par_1_7' title="bbox 95 1996 1861 2419">
     <span class='ocr_line' id='line_1_32' title="bbox 213 1996 1854 2051; baseline -0.008 -10"><span class='ocrx_word' id='word_1_318' title='bbox 213 2007 400 2041; x_wconf 88' lang='lat' dir='ltr'>Mindense</span> <span class='ocrx_word' id='word_1_319' title='bbox 426 2005 622 2051; x_wconf 84' lang='lat' dir='ltr'>capitulum</span> <span class='ocrx_word' id='word_1_320' title='bbox 649 2005 776 2039; x_wconf 88' lang='lat' dir='ltr'>deinde</span> <span class='ocrx_word' id='word_1_321' title='bbox 802 2004 1009 2050; x_wconf 85' lang='lat' dir='ltr'>episcopum</span> <span class='ocrx_word' id='word_1_322' title='bbox 1037 2003 1148 2046; x_wconf 87' lang='lat' dir='ltr'>elegit</span> <span class='ocrx_word' id='word_1_323' title='bbox 1173 2002 1419 2036; x_wconf 88' lang='lat' dir='ltr'>Hermannum</span> <span class='ocrx_word' id='word_1_324' title='bbox 1446 1999 1612 2034; x_wconf 85' lang='lat' dir='ltr'>comitem</span> <span class='ocrx_word' id='word_1_325' title='bbox 1639 2008 1659 2031; x_wconf 88' lang='lat' dir='ltr'>a</span> <span class='ocrx_word' id='word_1_326' title='bbox 1677 1996 1854 2030; x_wconf 78' lang='lat' dir='ltr'>Schauen-</span> 
     </span>
     <span class='ocr_line' id='line_1_33' title="bbox 95 2050 1855 2105; baseline -0.008 -10"><span class='ocrx_word' id='word_1_327' title='bbox 95 2061 196 2104; x_wconf 86' lang='lat' dir='ltr'>burg,</span> <span class='ocrx_word' id='word_1_328' title='bbox 232 2060 333 2095; x_wconf 85' lang='lat' dir='ltr'>cuius</span> <span class='ocrx_word' id='word_1_329' title='bbox 368 2060 487 2105; x_wconf 87' lang='lat' dir='ltr'>patrui</span> <span class='ocrx_word' id='word_1_330' title='bbox 523 2059 601 2097; x_wconf 87' lang='lat' dir='ltr'>duo,</span> <span class='ocrx_word' id='word_1_331' title='bbox 637 2058 823 2103; x_wconf 89' lang='lat' dir='ltr'>Adolphus</span> <span class='ocrx_word' id='word_1_332' title='bbox 858 2060 894 2092; x_wconf 90' lang='lat' dir='ltr'>et</span> <span class='ocrx_word' id='word_1_333' title='bbox 926 2057 1113 2098; x_wconf 83' lang='lat' dir='ltr'>Antonius,</span> <span class='ocrx_word' id='word_1_334' title='bbox 1149 2054 1408 2100; x_wconf 85' lang='lat' dir='ltr'>archiepiscopi</span> <span class='ocrx_word' id='word_1_335' title='bbox 1443 2052 1666 2087; x_wconf 88' lang='lat' dir='ltr'>colonienses</span> <span class='ocrx_word' id='word_1_336' title='bbox 1702 2050 1855 2088; x_wconf 81' lang='lat' dir='ltr'>fuerant,</span> 
     </span>
     <span class='ocr_line' id='line_1_34' title="bbox 97 2102 1859 2159; baseline -0.008 -11"><span class='ocrx_word' id='word_1_337' title='bbox 97 2117 200 2159; x_wconf 85' lang='lat' dir='ltr'>pater</span> <span class='ocrx_word' id='word_1_338' title='bbox 225 2125 310 2147; x_wconf 88' lang='lat' dir='ltr'>vero</span> <span class='ocrx_word' id='word_1_339' title='bbox 338 2113 423 2147; x_wconf 88' lang='lat' dir='ltr'>Otto</span> <span class='ocrx_word' id='word_1_340' title='bbox 449 2113 493 2147; x_wconf 86' lang='lat' dir='ltr'>ad</span> <span class='ocrx_word' id='word_1_341' title='bbox 520 2112 798 2157; x_wconf 84' lang='lat' dir='ltr'>protestantium</span> <span class='ocrx_word' id='word_1_342' title='bbox 825 2113 946 2146; x_wconf 84' lang='lat' dir='ltr'>castra</span> <span class='ocrx_word' id='word_1_343' title='bbox 980 2111 1193 2150; x_wconf 80' lang='lat' dir='ltr'>transierat3</span> <span class='ocrx_word' id='word_1_344' title='bbox 1229 2111 1338 2152; x_wconf 88' lang='lat' dir='ltr'>atque</span> <span class='ocrx_word' id='word_1_345' title='bbox 1373 2106 1479 2140; x_wconf 89' lang='lat' dir='ltr'>huius</span> <span class='ocrx_word' id='word_1_346' title='bbox 1514 2103 1700 2139; x_wconf 83' lang='lat' dir='ltr'>electionis</span> <span class='ocrx_word' id='word_1_347' title='bbox 1735 2102 1859 2136; x_wconf 91' lang='lat' dir='ltr'>confir-</span> 
     </span>
     <span class='ocr_line' id='line_1_35' title="bbox 101 2155 1861 2209; baseline -0.008 -8"><span class='ocrx_word' id='word_1_348' title='bbox 101 2167 293 2201; x_wconf 84' lang='lat' dir='ltr'>mationem</span> <span class='ocrx_word' id='word_1_349' title='bbox 321 2178 340 2200; x_wconf 91' lang='lat' dir='ltr'>a</span> <span class='ocrx_word' id='word_1_350' title='bbox 367 2166 401 2200; x_wconf 82' lang='lat' dir='ltr'>S.</span> <span class='ocrx_word' id='word_1_351' title='bbox 428 2165 492 2199; x_wconf 89' lang='lat' dir='ltr'>Pio</span> <span class='ocrx_word' id='word_1_352' title='bbox 518 2165 561 2199; x_wconf 94' lang='lat' dir='ltr'>V.</span> <span class='ocrx_word' id='word_1_353' title='bbox 588 2164 856 2199; x_wconf 86' lang='lat' dir='ltr'>Maximilianus</span> <span class='ocrx_word' id='word_1_354' title='bbox 883 2165 927 2199; x_wconf 89' lang='lat' dir='ltr'>II.</span> <span class='ocrx_word' id='word_1_355' title='bbox 955 2165 1148 2209; x_wconf 84' lang='lat' dir='ltr'>imperator</span> <span class='ocrx_word' id='word_1_356' title='bbox 1179 2162 1344 2208; x_wconf 85' lang='lat' dir='ltr'>petebat:</span> <span class='ocrx_word' id='word_1_357' title='bbox 1381 2160 1508 2194; x_wconf 84' lang='lat' dir='ltr'>Ericus</span> <span class='ocrx_word' id='word_1_358' title='bbox 1545 2169 1628 2191; x_wconf 88' lang='lat' dir='ltr'>vero</span> <span class='ocrx_word' id='word_1_359' title='bbox 1664 2166 1781 2190; x_wconf 90' lang='lat' dir='ltr'>comes</span> <span class='ocrx_word' id='word_1_360' title='bbox 1817 2155 1861 2188; x_wconf 84' lang='lat' dir='ltr'>ab</span> 
     </span>
     <span class='ocr_line' id='line_1_36' title="bbox 100 2207 1860 2265; baseline -0.008 -11"><span class='ocrx_word' id='word_1_361' title='bbox 100 2221 214 2265; x_wconf 76' lang='lat' dir='ltr'>Hoya,</span> <span class='ocrx_word' id='word_1_362' title='bbox 242 2220 302 2264; x_wconf 89' lang='lat' dir='ltr'>qui</span> <span class='ocrx_word' id='word_1_363' title='bbox 329 2222 365 2254; x_wconf 85' lang='lat' dir='ltr'>et</span> <span class='ocrx_word' id='word_1_364' title='bbox 390 2219 467 2264; x_wconf 89' lang='lat' dir='ltr'>ipse</span> <span class='ocrx_word' id='word_1_365' title='bbox 494 2219 739 2264; x_wconf 87' lang='lat' dir='ltr'>episcopatum</span> <span class='ocrx_word' id='word_1_366' title='bbox 758 2218 978 2252; x_wconf 82' lang='lat' dir='ltr'>mindensem</span> <span class='ocrx_word' id='word_1_367' title='bbox 998 2217 1189 2256; x_wconf 84' lang='lat' dir='ltr'>ambiebat,</span> <span class='ocrx_word' id='word_1_368' title='bbox 1217 2227 1280 2260; x_wconf 85' lang='lat' dir='ltr'>per</span> <span class='ocrx_word' id='word_1_369' title='bbox 1305 2215 1446 2258; x_wconf 86' lang='lat' dir='ltr'>legatos</span> <span class='ocrx_word' id='word_1_370' title='bbox 1472 2224 1492 2246; x_wconf 87' lang='lat' dir='ltr'>a</span> <span class='ocrx_word' id='word_1_371' title='bbox 1518 2210 1686 2257; x_wconf 87' lang='lat' dir='ltr'>pontifice</span> <span class='ocrx_word' id='word_1_372' title='bbox 1706 2207 1860 2253; x_wconf 86' lang='lat' dir='ltr'>petebat,</span> 
     </span>
     <span class='ocr_line' id='line_1_37' title="bbox 100 2261 1860 2310; baseline -0.008 -3"><span class='ocrx_word' id='word_1_373' title='bbox 100 2279 139 2308; x_wconf 87' lang='lat' dir='ltr'>ut</span> <span class='ocrx_word' id='word_1_374' title='bbox 174 2273 385 2307; x_wconf 87' lang='lat' dir='ltr'>electionem</span> <span class='ocrx_word' id='word_1_375' title='bbox 420 2272 641 2307; x_wconf 87' lang='lat' dir='ltr'>mindensem</span> <span class='ocrx_word' id='word_1_376' title='bbox 676 2271 815 2305; x_wconf 84' lang='lat' dir='ltr'>irritam</span> <span class='ocrx_word' id='word_1_377' title='bbox 850 2283 929 2305; x_wconf 90' lang='lat' dir='ltr'>esse</span> <span class='ocrx_word' id='word_1_378' title='bbox 964 2271 1114 2305; x_wconf 90' lang='lat' dir='ltr'>iuberet.</span> <span class='ocrx_word' id='word_1_379' title='bbox 1165 2269 1231 2302; x_wconf 89' lang='lat' dir='ltr'>His</span> <span class='ocrx_word' id='word_1_380' title='bbox 1266 2268 1302 2302; x_wconf 91' lang='lat' dir='ltr'>in</span> <span class='ocrx_word' id='word_1_381' title='bbox 1337 2266 1515 2310; x_wconf 86' lang='lat' dir='ltr'>angustiis</span> <span class='ocrx_word' id='word_1_382' title='bbox 1541 2262 1734 2298; x_wconf 84' lang='lat' dir='ltr'>cardinalis</span> <span class='ocrx_word' id='word_1_383' title='bbox 1761 2261 1860 2294; x_wconf 90' lang='lat' dir='ltr'>Com-</span> 
     </span>
     <span class='ocr_line' id='line_1_38' title="bbox 99 2314 1860 2369; baseline -0.009 -8"><span class='ocrx_word' id='word_1_384' title='bbox 99 2327 298 2361; x_wconf 82' lang='lat' dir='ltr'>mendonus</span> <span class='ocrx_word' id='word_1_385' title='bbox 323 2326 387 2360; x_wconf 86' lang='lat' dir='ltr'>Pio</span> <span class='ocrx_word' id='word_1_386' title='bbox 414 2325 456 2359; x_wconf 88' lang='lat' dir='ltr'>V.</span> <span class='ocrx_word' id='word_1_387' title='bbox 490 2325 615 2365; x_wconf 85' lang='lat' dir='ltr'>suasit,</span> <span class='ocrx_word' id='word_1_388' title='bbox 650 2326 699 2365; x_wconf 86' lang='lat' dir='ltr'>ut,</span> <span class='ocrx_word' id='word_1_389' title='bbox 735 2326 879 2369; x_wconf 85' lang='lat' dir='ltr'>praeter</span> <span class='ocrx_word' id='word_1_390' title='bbox 910 2324 1011 2365; x_wconf 83' lang='lat' dir='ltr'>alios,</span> <span class='ocrx_word' id='word_1_391' title='bbox 1048 2322 1215 2358; x_wconf 84' lang='lat' dir='ltr'>Canisius</span> <span class='ocrx_word' id='word_1_392' title='bbox 1250 2332 1324 2355; x_wconf 87' lang='lat' dir='ltr'>rem</span> <span class='ocrx_word' id='word_1_393' title='bbox 1360 2329 1576 2363; x_wconf 83' lang='lat' dir='ltr'>cognoscere</span> <span class='ocrx_word' id='word_1_394' title='bbox 1609 2317 1651 2349; x_wconf 88' lang='lat' dir='ltr'>de</span> <span class='ocrx_word' id='word_1_395' title='bbox 1678 2326 1790 2358; x_wconf 84' lang='lat' dir='ltr'>eaque</span> <span class='ocrx_word' id='word_1_396' title='bbox 1817 2314 1860 2347; x_wconf 81' lang='lat' dir='ltr'>ad</span> 
     </span>
     <span class='ocr_line' id='line_1_39' title="bbox 103 2369 1673 2419; baseline -0.008 -5"><span class='ocrx_word' id='word_1_397' title='bbox 103 2380 238 2414; x_wconf 82' lang='lat' dir='ltr'>curiam</span> <span class='ocrx_word' id='word_1_398' title='bbox 266 2390 450 2414; x_wconf 84' lang='lat' dir='ltr'>romanam</span> <span class='ocrx_word' id='word_1_399' title='bbox 476 2378 610 2412; x_wconf 85' lang='lat' dir='ltr'>referre</span> <span class='ocrx_word' id='word_1_400' title='bbox 638 2377 838 2418; x_wconf 79' lang='lat' dir='ltr'>iuberetur3</span> <span class='ocrx_word' id='word_1_401' title='bbox 866 2377 949 2411; x_wconf 89' lang='lat' dir='ltr'>vide</span> <span class='ocrx_word' id='word_1_402' title='bbox 977 2378 1158 2419; x_wconf 64' lang='lat' dir='ltr'>Seleecarz,</span> <span class='ocrx_word' id='word_1_403' title='bbox 1184 2375 1304 2409; x_wconf 87' lang='lat' dir='ltr'>Briefe</span> <span class='ocrx_word' id='word_1_404' title='bbox 1330 2373 1402 2407; x_wconf 84' lang='lat' dir='ltr'>und</span> <span class='ocrx_word' id='word_1_405' title='bbox 1429 2372 1549 2406; x_wconf 84' lang='lat' dir='ltr'>Akten</span> <span class='ocrx_word' id='word_1_406' title='bbox 1576 2370 1591 2403; x_wconf 88' lang='grc' dir='ltr'>Ι</span> <span class='ocrx_word' id='word_1_407' title='bbox 1617 2369 1673 2403; x_wconf 74' lang='lat'>92.</span> 
     </span>
    </p>
   </div>
   <div class='ocr_carea' id='block_1_7' title="bbox 104 2483 1865 2530">
    <p class='ocr_par' dir='ltr' id='par_1_8' title="bbox 104 2483 1865 2530">
     <span class='ocr_line' id='line_1_40' title="bbox 104 2483 1865 2530; baseline -0.007 0"><span class='ocrx_word' id='word_1_408' title='bbox 104 2494 255 2530; x_wconf 75' lang='grc'><strong>1272.</strong></span> <span class='ocrx_word' id='word_1_409' title='bbox 355 2494 570 2529; x_wconf 82' lang='lat' dir='ltr'><strong>CANISIUS</strong></span> <span class='ocrx_word' id='word_1_410' title='bbox 602 2493 662 2529; x_wconf 82' lang='grc' dir='ltr'><strong>Ρ.</strong></span> <span class='ocrx_word' id='word_1_411' title='bbox 689 2490 1052 2529; x_wconf 72' lang='lat' dir='ltr'><strong>LEONARIM)</strong></span> <span class='ocrx_word' id='word_1_412' title='bbox 1082 2487 1351 2526; x_wconf 75' lang='lat' dir='ltr'>KESSEL</span> <span class='ocrx_word' id='word_1_413' title='bbox 1379 2488 1432 2523; x_wconf 83' lang='lat' dir='ltr'>S.</span> <span class='ocrx_word' id='word_1_414' title='bbox 1461 2486 1531 2529; x_wconf 65' lang='lat' dir='ltr'>J„</span> <span class='ocrx_word' id='word_1_415' title='bbox 1567 2485 1696 2520; x_wconf 85' lang='lat' dir='ltr'>rectori</span> <span class='ocrx_word' id='word_1_416' title='bbox 1723 2483 1865 2527; x_wconf 85' lang='lat' dir='ltr'>collegii</span> 
     </span>
    </p>
   </div>
   <div class='ocr_carea' id='block_1_8' title="bbox 295 2538 1818 2583">
    <p class='ocr_par' dir='ltr' id='par_1_9' title="bbox 295 2538 1818 2583">
     <span class='ocr_line' id='line_1_41' title="bbox 295 2538 1818 2583; baseline -0.008 -1"><span class='ocrx_word' id='word_1_417' title='bbox 295 2548 520 2583; x_wconf 89' lang='lat' dir='ltr'>coloniensis.</span> <span class='ocrx_word' id='word_1_418' title='bbox 1132 2543 1371 2577; x_wconf 73' lang='lat' dir='ltr'>Fur-stenavia</span> <span class='ocrx_word' id='word_1_419' title='bbox 1397 2542 1453 2575; x_wconf 77' lang='lat'>28.</span> <span class='ocrx_word' id='word_1_420' title='bbox 1480 2539 1687 2574; x_wconf 86' lang='lat' dir='ltr'>Decembris</span> <span class='ocrx_word' id='word_1_421' title='bbox 1716 2538 1818 2572; x_wconf 82' lang='lat'>1565.</span> 
     </span>
    </p>
   </div>
   <div class='ocr_carea' id='block_1_9' title="bbox 108 2607 1868 2716">
    <p class='ocr_par' dir='ltr' id='par_1_10' title="bbox 108 2607 1868 2716">
     <span class='ocr_line' id='line_1_42' title="bbox 225 2607 1867 2664; baseline -0.007 -11"><span class='ocrx_word' id='word_1_422' title='bbox 225 2618 281 2653; x_wconf 82' lang='lat' dir='ltr'>Ex</span> <span class='ocrx_word' id='word_1_423' title='bbox 315 2618 520 2664; x_wconf 84' lang='lat' dir='ltr'>apographo</span> <span class='ocrx_word' id='word_1_424' title='bbox 556 2617 661 2651; x_wconf 84' lang='lat' dir='ltr'>huius</span> <span class='ocrx_word' id='word_1_425' title='bbox 695 2616 896 2650; x_wconf 82' lang='lat' dir='ltr'>litterarum</span> <span class='ocrx_word' id='word_1_426' title='bbox 932 2615 1056 2661; x_wconf 87' lang='lat' dir='ltr'>partis,</span> <span class='ocrx_word' id='word_1_427' title='bbox 1092 2626 1203 2658; x_wconf 87' lang='lat' dir='ltr'>eoque</span> <span class='ocrx_word' id='word_1_428' title='bbox 1231 2612 1397 2647; x_wconf 88' lang='lat' dir='ltr'>Coloniae</span> <span class='ocrx_word' id='word_1_429' title='bbox 1433 2611 1466 2644; x_wconf 90' lang='lat' dir='ltr'>in</span> <span class='ocrx_word' id='word_1_430' title='bbox 1495 2609 1685 2644; x_wconf 77' lang='lat' dir='ltr'>Societatis</span> <span class='ocrx_word' id='word_1_431' title='bbox 1716 2607 1867 2650; x_wconf 84' lang='lat' dir='ltr'>collegio</span> 
     </span>
     <span class='ocr_line' id='line_1_43' title="bbox 108 2660 1868 2716; baseline -0.008 -9"><span class='ocrx_word' id='word_1_432' title='bbox 108 2673 230 2707; x_wconf 87' lang='lat' dir='ltr'>eodem</span> <span class='ocrx_word' id='word_1_433' title='bbox 266 2673 341 2706; x_wconf 83' lang='lat' dir='ltr'>fere</span> <span class='ocrx_word' id='word_1_434' title='bbox 376 2675 536 2716; x_wconf 78' lang='lat' dir='ltr'>tempore</span> <span class='ocrx_word' id='word_1_435' title='bbox 571 2670 715 2715; x_wconf 74' lang='lat' dir='ltr'>scripto.</span> <span class='ocrx_word' id='word_1_436' title='bbox 767 2670 849 2704; x_wconf 84' lang='lat' dir='ltr'>Cod.</span> <span class='ocrx_word' id='word_1_437' title='bbox 886 2669 998 2703; x_wconf 84' lang='lat' dir='ltr'>colon.</span> <span class='ocrx_word' id='word_1_438' title='bbox 1030 2668 1087 2710; x_wconf 80' lang='lat' dir='ltr'>„L.</span> <span class='ocrx_word' id='word_1_439' title='bbox 1116 2668 1200 2709; x_wconf 74' lang='lat' dir='ltr'>Qu.“</span> <span class='ocrx_word' id='word_1_440' title='bbox 1241 2667 1265 2700; x_wconf 89' lang='lat' dir='ltr'>f.</span> <span class='ocrx_word' id='word_1_441' title='bbox 1293 2666 1364 2699; x_wconf 66' lang='lat'>87¹².</span> <span class='ocrx_word' id='word_1_442' title='bbox 1417 2664 1471 2697; x_wconf 80' lang='lat' dir='ltr'>Ex</span> <span class='ocrx_word' id='word_1_443' title='bbox 1506 2662 1629 2696; x_wconf 78' lang='lat' dir='ltr'>eodem</span> <span class='ocrx_word' id='word_1_444' title='bbox 1661 2660 1868 2706; x_wconf 78' lang='lat' dir='ltr'>apographo</span> 
     </span>
    </p>
   </div>
   <div class='ocr_carea' id='block_1_10' title="bbox 108 2714 1867 2823">
    <p class='ocr_par' dir='ltr' id='par_1_11' title="bbox 108 2714 1867 2823">
     <span class='ocr_line' id='line_1_44' title="bbox 108 2714 1867 2770; baseline -0.007 -10"><span class='ocrx_word' id='word_1_445' title='bbox 108 2726 197 2760; x_wconf 84' lang='lat' dir='ltr'>haec</span> <span class='ocrx_word' id='word_1_446' title='bbox 223 2726 377 2770; x_wconf 90' lang='lat' dir='ltr'>primum</span> <span class='ocrx_word' id='word_1_447' title='bbox 403 2726 502 2770; x_wconf 75' lang='lat' dir='ltr'>typis</span> <span class='ocrx_word' id='word_1_448' title='bbox 529 2724 680 2767; x_wconf 78' lang='lat' dir='ltr'>vulgata</span> <span class='ocrx_word' id='word_1_449' title='bbox 706 2728 790 2756; x_wconf 82' lang='lat' dir='ltr'>sunt</span> <span class='ocrx_word' id='word_1_450' title='bbox 817 2723 860 2756; x_wconf 81' lang='lat' dir='ltr'>ab</span> <span class='ocrx_word' id='word_1_451' title='bbox 887 2724 1035 2756; x_wconf 75' lang='lat' dir='ltr'>Han-sen</span> <span class='ocrx_word' id='word_1_452' title='bbox 1063 2721 1085 2755; x_wconf 89' lang='lat' dir='ltr'>l.</span> <span class='ocrx_word' id='word_1_453' title='bbox 1105 2732 1133 2754; x_wconf 90' lang='lat' dir='ltr'>c.</span> <span class='ocrx_word' id='word_1_454' title='bbox 1154 2720 1249 2754; x_wconf 71' lang='lat'>519⁴.</span> <span class='ocrx_word' id='word_1_455' title='bbox 1289 2717 1508 2752; x_wconf 82' lang='lat' dir='ltr'>l&#39;articulam</span> <span class='ocrx_word' id='word_1_456' title='bbox 1536 2716 1739 2758; x_wconf 78' lang='lat' dir='ltr'>germanice</span> <span class='ocrx_word' id='word_1_457' title='bbox 1766 2714 1867 2759; x_wconf 87' lang='lat' dir='ltr'>posui</span> 
     </span>
     <span class='ocr_line' id='line_1_45' title="bbox 110 2776 851 2823; baseline -0.004 -11"><span class='ocrx_word' id='word_1_458' title='bbox 110 2779 145 2813; x_wconf 86' lang='lat' dir='ltr'>in</span> <span class='ocrx_word' id='word_1_459' title='bbox 174 2777 388 2823; x_wconf 80' lang='lat' dir='ltr'>„Stimmen“</span> <span class='ocrx_word' id='word_1_460' title='bbox 418 2782 484 2812; x_wconf 79' lang='lat' dir='ltr'>etc.</span> <span class='ocrx_word' id='word_1_461' title='bbox 514 2777 625 2810; x_wconf 82' lang='lat' dir='ltr'>LXXI</span> <span class='ocrx_word' id='word_1_462' title='bbox 655 2776 851 2811; x_wconf 81' lang='grc'><strong>180-181.</strong></span> 
     </span>
    </p>
   </div>
   <div class='ocr_carea' id='block_1_11' title="bbox 114 2838 1872 2946">
    <p class='ocr_par' dir='ltr' id='par_1_12' title="bbox 114 2838 1872 2946">
     <span class='ocr_line' id='line_1_46' title="bbox 233 2838 1872 2886; baseline -0.009 -2"><span class='ocrx_word' id='word_1_463' title='bbox 233 2850 400 2886; x_wconf 57' lang='lat' dir='ltr'>(anisius</span> <span class='ocrx_word' id='word_1_464' title='bbox 426 2849 686 2881; x_wconf 74' lang='lat' dir='ltr'>Farstenariae</span> <span class='ocrx_word' id='word_1_465' title='bbox 712 2847 949 2879; x_wconf 72' lang='lat' dir='ltr'>contionatur.</span> <span class='ocrx_word' id='word_1_466' title='bbox 988 2844 1148 2878; x_wconf 55' lang='lat' dir='ltr'>Paron-lio</span> <span class='ocrx_word' id='word_1_467' title='bbox 1176 2843 1315 2875; x_wconf 66' lang='lat' dir='ltr'>&lt;midam</span> <span class='ocrx_word' id='word_1_468' title='bbox 1342 2844 1601 2874; x_wconf 74' lang='lat' dir='ltr'>saeramentmn</span> <span class='ocrx_word' id='word_1_469' title='bbox 1627 2838 1872 2881; x_wconf 66' lang='lat' dir='ltr'>poenitentiae,</span> 
     </span>
     <span class='ocr_line' id='line_1_47' title="bbox 114 2899 990 2946; baseline -0.006 -11"><span class='ocrx_word' id='word_1_470' title='bbox 114 2905 270 2946; x_wconf 79' lang='lat' dir='ltr'>episeopo</span> <span class='ocrx_word' id='word_1_471' title='bbox 296 2902 547 2935; x_wconf 77' lang='lat' dir='ltr'>eucharistiam</span> <span class='ocrx_word' id='word_1_472' title='bbox 569 2901 747 2943; x_wconf 77' lang='lat' dir='ltr'>praebuit.</span> <span class='ocrx_word' id='word_1_473' title='bbox 790 2899 990 2941; x_wconf 44' lang='lat' dir='ltr'>Colle-qiam.</span> 
     </span>
    </p>
   </div>
   <div class='ocr_carea' id='block_1_12' title="bbox 253 2982 335 2984">
    <p class='ocr_par' dir='ltr' id='par_1_13' title="bbox 253 2982 335 2984">
     <span class='ocr_line' id='line_1_48' title="bbox 253 2982 335 2984; baseline 0 0"><span class='ocrx_word' id='word_1_474' title='bbox 253 2982 335 2984; x_wconf 95' lang='lat' dir='ltr'> </span> 
     </span>
    </p>
   </div>
   <div class='ocr_carea' id='block_1_13' title="bbox 116 3007 1871 3108">
    <p class='ocr_par' dir='ltr' id='par_1_14' title="bbox 116 3007 1871 3108">
     <span class='ocr_line' id='line_1_49' title="bbox 236 3007 1871 3064; baseline -0.009 -9"><span class='ocrx_word' id='word_1_475' title='bbox 236 3023 243 3041; x_wconf 89' lang='lat'>¹</span> <span class='ocrx_word' id='word_1_476' title='bbox 281 3021 321 3054; x_wconf 91' lang='lat' dir='ltr'>In</span> <span class='ocrx_word' id='word_1_477' title='bbox 355 3018 617 3064; x_wconf 84' lang='lat' dir='ltr'>subscriptione</span> <span class='ocrx_word' id='word_1_478' title='bbox 651 3028 816 3050; x_wconf 86' lang='lat' dir='ltr'>recessus</span> <span class='ocrx_word' id='word_1_479' title='bbox 843 3015 1065 3049; x_wconf 82' lang='lat' dir='ltr'>comitiorum</span> <span class='ocrx_word' id='word_1_480' title='bbox 1101 3025 1132 3047; x_wconf 86' lang='lat' dir='ltr'>a.</span> <span class='ocrx_word' id='word_1_481' title='bbox 1163 3012 1251 3046; x_wconf 68' lang='lat'>1:366</span> <span class='ocrx_word' id='word_1_482' title='bbox 1279 3012 1465 3054; x_wconf 77' lang='lat' dir='ltr'>Augustae</span> <span class='ocrx_word' id='word_1_483' title='bbox 1495 3009 1696 3043; x_wconf 81' lang='lat' dir='ltr'>habitorum</span> <span class='ocrx_word' id='word_1_484' title='bbox 1727 3007 1871 3050; x_wconf 77' lang='lat' dir='ltr'>„confir-</span> 
     </span>
     <span class='ocr_line' id='line_1_50' title="bbox 116 3061 1871 3108; baseline -0.009 1"><span class='ocrx_word' id='word_1_485' title='bbox 116 3074 262 3108; x_wconf 85' lang='lat' dir='ltr'>mierter</span> <span class='ocrx_word' id='word_1_486' title='bbox 300 3074 362 3107; x_wconf 89' lang='lat' dir='ltr'>der</span> <span class='ocrx_word' id='word_1_487' title='bbox 400 3073 498 3107; x_wconf 77' lang='lat' dir='ltr'>Ertz-</span> <span class='ocrx_word' id='word_1_488' title='bbox 538 3071 609 3105; x_wconf 81' lang='lat' dir='ltr'>vnd</span> <span class='ocrx_word' id='word_1_489' title='bbox 646 3069 763 3104; x_wconf 80' lang='lat' dir='ltr'>Stiffts</span> <span class='ocrx_word' id='word_1_490' title='bbox 805 3069 954 3102; x_wconf 75' lang='lat' dir='ltr'>Bremen</span> <span class='ocrx_word' id='word_1_491' title='bbox 993 3067 1088 3100; x_wconf 88' lang='lat' dir='ltr'>vund</span> <span class='ocrx_word' id='word_1_492' title='bbox 1128 3066 1290 3105; x_wconf 69' lang='lat' dir='ltr'>verdon,</span> <span class='ocrx_word' id='word_1_493' title='bbox 1330 3063 1610 3098; x_wconf 82' lang='lat' dir='ltr'>Administrator</span> <span class='ocrx_word' id='word_1_494' title='bbox 1648 3062 1715 3095; x_wconf 63' lang='lat' dir='ltr'>deli</span> <span class='ocrx_word' id='word_1_495' title='bbox 1756 3061 1871 3094; x_wconf 56' lang='lat' dir='ltr'>Stiffts</span> 
     </span>
    </p>
   </div>
   <div class='ocr_carea' id='block_1_14' title="bbox 117 3114 1871 3223">
    <p class='ocr_par' dir='ltr' id='par_1_15' title="bbox 117 3114 1871 3223">
     <span class='ocr_line' id='line_1_51' title="bbox 117 3114 1871 3165; baseline -0.009 -4"><span class='ocrx_word' id='word_1_496' title='bbox 117 3127 292 3160; x_wconf 78' lang='lat' dir='ltr'>Miinden“</span> <span class='ocrx_word' id='word_1_497' title='bbox 331 3129 481 3160; x_wconf 82' lang='lat' dir='ltr'>vocatur</span> <span class='ocrx_word' id='word_1_498' title='bbox 519 3124 633 3165; x_wconf 81' lang='lat' dir='ltr'>(Aller</span> <span class='ocrx_word' id='word_1_499' title='bbox 669 3122 738 3156; x_wconf 58' lang='lat' dir='ltr'>del}</span> <span class='ocrx_word' id='word_1_500' title='bbox 771 3121 933 3164; x_wconf 80' lang='lat' dir='ltr'>Heiligen</span> <span class='ocrx_word' id='word_1_501' title='bbox 962 3118 1175 3153; x_wconf 64' lang='lat' dir='ltr'>Homischen</span> <span class='ocrx_word' id='word_1_502' title='bbox 1202 3117 1333 3151; x_wconf 81' lang='lat' dir='ltr'>Heichs</span> <span class='ocrx_word' id='word_1_503' title='bbox 1368 3116 1579 3160; x_wconf 83' lang='lat' dir='ltr'>gehaltener</span> <span class='ocrx_word' id='word_1_504' title='bbox 1606 3114 1801 3156; x_wconf 72' lang='lat' dir='ltr'>Reiclistiig</span> <span class='ocrx_word' id='word_1_505' title='bbox 1830 3140 1835 3146; x_wconf 96' lang='lat'>.</span> <span class='ocrx_word' id='word_1_506' title='bbox 1865 3140 1871 3145; x_wconf 94' lang='lat'>.</span> 
     </span>
     <span class='ocr_line' id='line_1_52' title="bbox 118 3175 727 3223; baseline -0.007 -10"><span class='ocrx_word' id='word_1_507' title='bbox 118 3180 301 3223; x_wconf 73' lang='lat' dir='ltr'>Abseleied,</span> <span class='ocrx_word' id='word_1_508' title='bbox 327 3179 473 3222; x_wconf 81' lang='lat' dir='ltr'>Meyntz</span> <span class='ocrx_word' id='word_1_509' title='bbox 501 3178 602 3217; x_wconf 76' lang='lat'>1621,</span> <span class='ocrx_word' id='word_1_510' title='bbox 629 3175 727 3218; x_wconf 71' lang='lat'>578).</span> 
     </span>
    </p>
   </div>
  </div>
 </body>
</html>
