2045 3471
177 203 262 245 808
485 199 580 233 Mon.
599 198 666 233 867
694 197 771 232 sive
797 196 866 233 litt.
889 197 978 243 (16).
1022 197 1052 231 A
1078 208 1124 231 m.
1143 196 1274 231 Martio
1300 196 1345 231 ad
1371 195 1499 230 Iulium
1529 196 1630 231 1566.

176 321 292 362 tutte
324 319 364 360 16
396 318 554 360 lettere
578 317 616 359 d’
632 317 776 368 Jndia,
810 320 854 360 et
875 319 1000 360 tanto
1023 316 1096 371 piu
1119 315 1299 358 uedemo
1327 317 1458 357 esser’
1482 313 1741 364 necessario,
1775 316 1938 367 quanto

178 384 256 426 che
298 383 397 437 quel
437 386 554 425 tomo
597 396 677 424 con
716 382 829 425 tanti
871 382 1044 436 errorj³,
1088 384 1111 423 6
1142 394 1294 435 sparso
1328 379 1400 433 gia
1437 394 1513 434 per
1543 383 1662 422 tutta
1693 377 1939 432 Alamagna

178 463 257 491 con
290 462 399 501 gran
422 447 682 489 detrimento
716 447 829 488 della
851 447 993 489 verita
1016 449 1060 489 et
1082 446 1195 488 della
1224 444 1473 487 estimation
1496 444 1610 486 della
1631 444 1935 498 Compagnia.“

178 514 237 556 Et
268 513 470 566 Augusta
504 513 573 555 25.
597 511 700 553 Maii
736 513 874 554 1566:
923 511 991 561 „Jl
1023 511 1164 553 Padre
1197 509 1367 552 Canisio
1409 511 1454 552 et
1493 509 1534 551 io
1568 509 1684 551 altra
1723 508 1845 550 uolta
1876 507 1940 550 di-

178 578 424 620 mandiamo
467 576 809 619 instantemente
850 577 968 619 dalla
1008 576 1054 619 P.
1079 576 1147 626 V.‚
1190 589 1268 629 per
1308 576 1443 616 amor’
1467 574 1519 616 de
1556 573 1637 616 Dio
1679 573 1758 615 che
1798 573 1941 616 subito

181 642 319 686 Gioan
352 642 499 685 Pietro
532 643 671 684 metta
703 656 831 683 mano
865 641 950 683 alle
982 642 1140 683 lettere
1163 640 1202 682 d'
1221 639 1354 682 Jndia
1384 653 1463 693 per
1494 638 1636 692 quello
1670 638 1942 692 ch'importa

180 711 206 751 a
226 710 345 750 tutta
368 707 410 749 la
432 706 699 761 Compagnia
721 706 1030 760 specialmente
1052 706 1096 747 in
1120 703 1390 747 Germania.“
1443 704 1501 746 Et
1521 702 1723 757 Augusta
1746 705 1814 746 29.
1838 701 1942 744 Maii

183 774 317 815 1566:
348 772 529 822 „Mando
553 771 640 813 alla
663 771 890 813 Pater-nita
907 770 959 813 V.
978 785 1056 825 per
1072 770 1327 823 Monsignor
1342 768 1584 811 Lancilloto
1599 770 1627 818 ¹,
1651 782 1707 810 un
1730 767 1942 821 essempio

181 837 291 880 delle
329 838 487 879 lettere
520 837 558 878 d’
582 836 714 878 Jndia
747 836 824 878 che
865 850 971 878 sono
1013 838 1129 878 state
1160 835 1357 877 tradotte
1389 837 1433 876 et
1465 835 1683 887 stampate
1716 846 1835 874 come
1867 845 1945 887 per

181 903 294 946 altre
326 903 380 944 ho
413 902 580 952 scritto,
621 901 662 943 le
695 900 813 955 quali
853 901 988 943 molto
1021 900 1279 954 despiaceno
1312 899 1353 941 al
1386 899 1528 941 Padre
1560 898 1744 949 Canisio,
1787 899 1832 940 et
1863 911 1944 939 con

181 968 332 1021 grand’
358 966 523 1010 auidita
554 966 741 1008 secondo
774 965 1039 1008 intendiamo
1073 979 1178 1006 sono
1210 964 1436 1014 ricercate‚
1471 963 1543 1017 qui
1573 963 1613 1005 le
1636 964 1834 1005 vendono
1866 975 1944 1016 per

180 1036 249 1076 tre
289 1032 426 1086 Julij2
467 1031 558 1073 cosi
597 1031 641 1072 in
683 1031 835 1073 carta3
877 1031 986 1072 doue
1028 1044 1133 1072 sono
1176 1031 1504 1072 comunemente
1544 1029 1657 1070 buon
1698 1027 1942 1074 mercato43

180 1098 266 1140 Per
306 1111 428 1140 amor
469 1097 520 1138 (16
553 1096 633 1137 Dio
666 1096 717 1138 V.
754 1096 797 1138 P.
832 1095 943 1138 facci
984 1095 1061 1137 che
1102 1095 1145 1137 la
1186 1094 1359 1136 uersion
1401 1094 1479 1136 che
1520 1107 1647 1148 spero
1687 1093 1851 1135 hauera
1881 1092 1944 1133 in-

184 1163 441 1205 cominciato
472 1162 501 1203 il
534 1161 725 1203 Fratello
760 1160 1038 1215 Gioanpietro
1071 1160 1172 1202 uadi
1203 1159 1345 1202 inanzi
1378 1162 1423 1202 et
1455 1173 1534 1200 con
1567 1158 1793 1212 diligentia
1830 1159 1940 1200 etc.“

183 1229 242 1271 Et
263 1227 438 1281 Dilinga
471 1229 538 1270 20.
563 1226 660 1268 Iulii
696 1227 830 1268 1566:
869 1226 1049 1276 „Mucho
1082 1226 1203 1279 plaze
1237 1226 1278 1267 al
1311 1225 1445 1279 padre
1478 1223 1640 1266 canisio
1672 1238 1702 1278 y
1724 1237 1750 1265 a
1772 1223 1828 1277 mj
1863 1236 1945 1275 que

184 1294 224 1336 61
261 1293 467 1335 hermano
499 1293 612 1334 ι10611
654 1291 794 1346 pietro
838 1305 922 1344 aya
963 1290 1223 1332 comencado
1264 1291 1308 1331 la
1348 1289 1596 1332 traduction
1639 1289 1758 1330 delas
1800 1290 1946 1330 cartas

185 1358 253 1401 del
286 1358 448 1412 jappou
473 1391 481 1400 .
506 1355 796 1411 supplicamos
830 1370 855 1397 a
878 1357 929 1398 V.
954 1356 1000 1397 P.
1034 1369 1116 1408 que
1148 1369 1264 1409 vaya
1306 1354 1521 1396 adelante.
1558 1388 1566 1396 .
1593 1388 1600 1396 .
1627 1388 1635 1398 .
1677 1352 1945 1395 Nominatim

185 1423 453 1476 querriamos
486 1422 524 1464 61
557 1421 692 1476 padre
725 1420 886 1462 canisio
919 1434 947 1473 y
979 1435 1035 1474 yo
1068 1434 1139 1462 ser
1171 1419 1516 1462 encomendados
1549 1419 1592 1461 al
1632 1418 1807 1460 fratello
1840 1418 1946 1472 juan

185 1489 325 1543 pietro
358 1488 397 1529 el
430 1487 530 1540 qual
572 1500 619 1528 es
660 1486 886 1539 coadjutor
918 1487 1095 1527 nuestro
1136 1485 1180 1526 in
1212 1485 1395 1527 Domino
1436 1498 1516 1538 por
1556 1483 1810 1538 germania5
1840 1496 1947 1537 pues

185 1553 291 1595 haze
322 1551 482 1594 latinas
514 1552 579 1593 las
612 1553 757 1593 cartas
791 1551 842 1592 de
874 1551 917 1592 la
948 1550 1079 1592 Jndia
1110 1564 1219 1604 para
1252 1549 1399 1592 ellabf‘

304 1638 437 1673 Exstat
463 1638 571 1673 liber:
611 1638 900 1681 „EPISTOLAE
923 1637 1145 1680 INDICAE}
1168 1637 1230 1671 DE
1258 1635 1521 1671 STVPENDIS
1545 1634 1550 1680 Ι
1574 1635 1632 1669 ΕΤ
1668 1633 1944 1668 PRAEOLARIS

187 1691 352 1733 REBVS,
376 1691 380 1733 Ι
403 1703 493 1736 quas
510 1691 632 1725 diuina
649 1691 790 1725 bonitas
808 1691 844 1724 in
863 1690 965 1724 India
983 1691 1013 1724 ὣ
1031 1690 1142 1724 variis
1165 1690 1168 1734 Ι
1192 1689 1335 1731 Insulis,
1354 1700 1417 1734 per
1435 1688 1613 1723 Societate
1631 1688 1783 1722 nominis
1800 1686 1919 1727 IESV,
1941 1685 1944 1731 Ι

188 1745 326 1790 operari
353 1745 500 1788 dignata
519 1747 584 1783 651,
612 1744 647 1778 in
674 1746 747 1778 tam
767 1744 881 1788 copio-
905 1743 909 1787 Ι
932 1755 973 1778 56
992 1743 1160 1778 Gentium
1188 1742 1233 1776 ad
1258 1742 1365 1777 fidem
1388 1743 1392 1785 Ι
1416 1742 1658 1776 conuersione.
1681 1742 1686 1784 Ι
1709 1739 1918 1780 LOVANH,
1941 1738 1944 1784 Ι

187 1798 292 1843 Apud
327 1797 525 1841 Rutgerum
552 1797 730 1842 Velpium,
767 1797 954 1842 Bibliopol.
991 1797 1099 1830 Iurat.
1123 1795 1128 1839 Ι
1151 1795 1223 1830 Sub
1259 1795 1385 1829 Castro
1418 1794 1602 1838 Angelico.
1626 1794 1630 1838 Ι
1657 1796 1745 1829 Cum
1778 1793 1947 1837 Priuiley.

188 1853 271 1895 Rey.
289 1853 337 1884 ad
363 1854 395 1886 4.
414 1862 536 1885 annae.
561 1851 564 1893 Ι
591 1851 713 1885 1566.“
769 1850 806 1884 8⁰
832 1851 935 1887 min.:
973 1862 1030 1895 pp.
1057 1849 1216 1884 numeris
1242 1849 1335 1891 sign.
1361 1848 1448 1888 496;
1486 1849 1672 1892 praeterea
1706 1847 1740 1881 in
1776 1846 1877 1880 initio
1905 1846 1948 1880 12

191 1904 327 1947 (addito
345 1904 416 1947 tit.)
438 1906 474 1938 et
499 1904 534 1937 in
560 1904 629 1937 fine
650 1904 691 1937 16
711 1903 797 1937 folia
822 1915 892 1937 non
910 1903 1022 1945 sign.;
1050 1902 1112 1936 illa
1138 1901 1223 1935 folia
1248 1901 1330 1935 libri
1348 1901 1607 1935 dedicationem
1625 1902 1661 1934 et
1678 1899 1948 1945 praefationem,

188 1957 277 1991 haec
303 1957 357 1991 Pii
384 1957 445 1991 IV.
477 1957 647 1999 „Brevia“
678 1959 833 1990 exeunte
869 1968 900 1990 a.
922 1956 1014 1990 1564
1048 1955 1083 1989 in
1119 1954 1311 1989 Societatis
1345 1954 1499 1998 gratiam
1537 1953 1580 1987 ad
1617 1953 1737 1987 varios
1771 1952 1950 1997 principes

189 2010 273 2044 data
303 2010 353 2053 (v.
380 2021 489 2054 supra
515 2021 548 2054 p.
570 2010 628 2053 11)
659 2012 694 2043 61
720 2009 809 2043 duos
835 2008 1234 2051 601111116111,,Ι11(11665“9
1261 2019 1368 2041 unum
1393 2007 1601 2049 „locorum⁴‘‚
1628 2006 1781 2040 alterum
1812 2017 1949 2048 „rerum

190 2066 226 2097 et
251 2063 484 2103 verb01·um“;
513 2063 548 2096 in
574 2063 707 2107 pagina
733 2062 848 2096 altera
874 2062 950 2096 folii
976 2061 1136 2096 titularis
1161 2072 1301 2094 summa
1325 2060 1596 2105 privilegiorum
1615 2059 1743 2103 Velpio
1769 2057 1950 2092 Bruxellis

191 2117 222 2151 9.
244 2116 398 2159 Augusti
424 2118 461 2150 61
488 2116 542 2150 10.
562 2115 728 2150 Octobris
756 2116 846 2150 1565
873 2116 916 2149 de
942 2115 1009 2149 hoc
1034 2114 1154 2148 libello
1180 2114 1355 2148 datorum.

309 2168 468 2203 Litterae
503 2169 744 2203 dedicatoriae
778 2168 937 2202 Lovanio
971 2167 1105 2202 4.1ulii
1135 2168 1224 2201 1565
1260 2178 1281 2200 a
1310 2167 1460 2209 „Ioanne
1487 2165 1621 2199 Rutilio
1648 2165 1875 2207 Sombergio“
1905 2164 1949 2198 ad

192 2221 360 2256 Ottonem
386 2222 587 2256 Truchsess
622 2221 839 2256 cardinalem
866 2223 1119 2264 Augustanum
1155 2220 1260 2254 datae
1289 2222 1392 2253 sunt:
1427 2220 1587 2252 Rutilius
1612 2230 1650 2252 se
1680 2219 1735 2260 „in
1762 2218 1952 2253 Societatis

193 2275 380 2318 Collegiis“
403 2287 483 2309 cum
502 2274 729 2309 Truchsessii
751 2274 979 2319 „nepotibus“
1003 2276 1186 2308 versatum
1215 2284 1292 2307 esse
1319 2272 1500 2316 significat
1522 2276 1557 2306 et
1580 2271 1772 2314 „Sanctiss.
1798 2270 1951 2304 nominis

192 2328 272 2362 lesu
299 2328 533 2363 Societatem“
564 2328 689 2362 multis
722 2327 890 2362 laudibus
926 2327 1079 2362 extollit.
1135 2326 1272 2369 „Petiui
1308 2337 1329 2359 a
1355 2326 1432 2359 viro
1458 2325 1610 2369 quodam
1638 2324 1756 2369 probo,
1791 2327 1949 2365 naturae,

193 2381 395 2425 diuinisque
421 2381 627 2415 muneribus
652 2393 722 2415 non
747 2381 975 2415 mediocriter
1001 2382 1135 2420 ornato,
1173 2379 1368 2413 haberetne
1395 2378 1437 2412 de
1463 2378 1569 2412 rebus
1595 2377 1727 2411 Indicis
1761 2376 1951 2411 nonnullas

194 2434 363 2478 epistolas
389 2446 479 2478 quas
505 2434 767 2468 communicare
793 2435 945 2479 posset?
993 2434 1028 2468 Is
1054 2445 1117 2478 pro
1144 2434 1277 2476 agnata
1294 2431 1362 2466 sibi
1389 2430 1639 2465 beneuolentia
1656 2430 1771 2473 deque
1789 2429 1951 2463 omnibus

194 2487 282 2520 bene
309 2488 467 2522 merendi
493 2487 613 2522 studio
639 2487 795 2521 omnium
823 2498 945 2521 earum
971 2498 1061 2530 quas
1087 2486 1223 2526 habuit,
1258 2485 1353 2519 haud
1380 2484 1559 2528 grauatim
1593 2483 1805 2528 participem
1831 2482 1946 2516 fecit.“

195 2540 399 2573 Amicorum
440 2540 681 2584 „aliorumque
717 2540 894 2574 clarorum
930 2539 1109 2573 virorum“
1152 2538 1330 2581 „hortatm
1366 2540 1428 2571 aut
1461 2537 1580 2581 potius
1613 2535 1761 2580 imperio
1794 2535 1952 2570 laborem

195 2592 288 2626 hunc
322 2593 505 2637 suscipere
530 2593 683 2638 placuit;
719 2621 753 2628 ..
774 2620 781 2628 .
808 2593 943 2638 sumpsi
979 2591 1066 2626 mihi
1095 2591 1162 2626 has
1191 2590 1373 2636 epistolas,
1408 2592 1448 2624 vt
1482 2590 1517 2623 in
1544 2588 1821 2623 emendatiorem
1849 2587 1951 2633 paulo

197 2645 386 2679 dictionem
413 2657 553 2690 quoquo
579 2646 682 2680 modo
708 2646 946 2687 traducerem,
973 2657 1014 2679 ac
1040 2645 1125 2689 quia
1150 2655 1403 2687 nonnunquam
1429 2642 1563 2687 aliquid
1590 2642 1723 2681 deerat,
1758 2641 1952 2685 multisque

197 2698 232 2731 in
250 2698 337 2732 locis
356 2700 471 2733 vastis
490 2699 648 2733 hiatibus
666 2711 735 2733 non
754 2699 970 2733 cohaerebat
987 2697 1177 2738 sententia,
1203 2696 1432 2742 supplendas,
1452 2695 1782 2738 continuandasque
1799 2695 1952 2739 suscepi,

197 2753 238 2784 vt
263 2751 386 2785 multis
412 2752 448 2785 in
484 2752 572 2786 locis
598 2752 790 2786 restitutae
825 2751 930 2796 paulo
957 2751 1218 2786 emendatiores
1252 2749 1466 2795 prodirent.“
1520 2748 1560 2782 In
1586 2747 1807 2792 praefatione
1833 2749 1952 2781 autem

198 2803 241 2836 ad
268 2803 435 2837 lectorem
463 2805 546 2838 data
572 2806 750 2839 Rutilius:
790 2804 875 2847 „His
901 2805 1071 2846 interea“‚
1106 2803 1233 2847 inquit,
1273 2803 1420 2844 „fruere,
1456 2801 1538 2835 dum
1574 2801 1670 2835 aliud
1696 2800 1760 2834 tibi
1786 2799 1953 2834 volumen

317 2882 344 2909 a)
365 2880 400 2903 In
420 2881 526 2904 archer.
547 2881 588 2904 vita
609 2884 765 2905 cori-ectum
785 2884 827 2906 est
847 2888 882 2906 ex
902 2887 1016 2906 errore.
1089 2877 1119 2910 b)
1141 2880 1188 2904 Ita
1209 2878 1328 2903 Natalis
1349 2878 1408 2909 ipse
1428 2876 1555 2902 correxit
1575 2884 1611 2901 ear
1629 2874 1793 2907 germama.

324 2976 330 2993 ¹
356 2973 408 3007 De
435 2974 499 3008 hoc
527 2987 561 3008 v.
587 2986 695 3019 supra
720 2987 754 3019 p.
773 2975 853 3008 238.

319 3027 332 3046 ²
358 3025 493 3066 Quarta
519 3030 619 3070 parte
646 3027 765 3061 ducati
791 3028 868 3061 sive
897 3028 938 3069 ³ss
957 3027 1081 3061 floreni
1107 3025 1294 3061 rhenensis
1313 3040 1355 3055 =
1376 3025 1514 3059 22—23
1534 3023 1758 3066 crucigeris‘?
1795 3022 1847 3057 Cf.
1866 3023 1952 3057 Can.

202 3078 233 3111 Π
261 3079 320 3112 942
347 3082 382 3111 et
407 3090 514 3123 supra
540 3092 572 3124 p.
595 3080 790 3116 107—108.
935 3081 948 3100 ³
973 3079 1051 3114 Non
1077 3079 1356 3122 conglutinatas.

321 3133 332 3150 ⁴
359 3131 383 3164 l.
403 3143 431 3164 e.
452 3132 637 3174 Augustae
663 3144 720 3166 res
747 3144 858 3176 parvo
884 3134 998 3177 pretio
1025 3133 1179 3166 vendere
1204 3131 1332 3165 solent.

322 3184 334 3202 ⁵
362 3183 414 3217 Cf.
442 3184 462 3217 2
489 3185 556 3218 Cor
583 3185 614 3225 8,
641 3185 703 3225 233
732 3184 812 3218 Phil
839 3185 872 3225 4,
899 3185 939 3224 3;
969 3184 1032 3218 Col
1057 3186 1089 3224 4,
1119 3185 1157 3218 11
1187 3187 1253 3218 etc.
