2077 3461
236 200 328 231 XLII

280 317 369 352 1565

271 431 382 472 1565

280 759 368 793 1565

278 864 368 898 1565
410 898 411 915 2

279 918 368 953 1565

278 971 368 1005 1565
410 998 411 1004 ,

280 1077 369 1111 1565
410 1064 412 1130 ξ

281 1238 369 1272 1565
412 1234 413 1244 ¹

282 1345 370 1378 1565
413 1303 415 1397 ᾗ

282 1450 370 1484 1565
413 1439 415 1490 ἶ

281 1556 370 1590 1565
413 1530 414 1609 }

282 1661 371 1695 1565
413 1630 414 1712 ξ

282 1767 370 1801 1565

282 1872 370 1907 1565

281 1982 371 2016 1565

279 2088 369 2122 1565

278 2193 367 2227 1565

277 2358 366 2393 1565

278 2463 367 2497 1565

279 2517 368 2550 1565

272 2684 382 2724 1565

279 2815 367 2849 1565
411 2811 413 2871 J

278 2973 366 3006 1565

695 201 757 236 ΙΙΙ.
783 200 940 235 Tabulae
966 201 1236 245 chronologicae
1261 203 1359 236 vitae
1385 202 1530 237 Canisii.

470 317 536 352 sub
563 318 664 352 Febr.
686 317 740 352 18.

461 430 573 472 inter
608 432 674 473 19.
709 434 753 473 et

496 496 564 538 28.
598 496 720 537 Febr.

513 759 614 793 Febr.
642 759 697 793 23.

465 864 566 899 Febr.
593 867 745 899 exeunte

477 918 542 952 sub
572 919 601 951 1.
627 918 733 953 Mart.

525 971 629 1004 Mart.
657 972 689 1005 4.

525 1077 632 1111 Mart.
660 1077 689 1110 7.

527 1238 633 1273 Mart.
661 1239 692 1272 9.

516 1344 620 1378 Mart.
651 1345 704 1379 ll.

516 1450 622 1484 Mart.
653 1450 704 1485 12.

515 1555 621 1590 Mart.
652 1557 703 1590 14.

515 1661 622 1696 Mart.
651 1663 703 1697 16.

516 1767 621 1800 Mart.
652 1767 703 1801 18.

515 1871 622 1905 Mart.
652 1872 704 1906 19.

516 1980 621 2014 Mart.
648 1980 704 2014 21.

516 2085 621 2119 Mart.
648 2085 703 2119 23.

514 2191 620 2225 Mart.
647 2191 702 2225 25,

514 2353 620 2387 Mart.
646 2354 702 2388 26.

513 2459 619 2494 Mart.
646 2459 702 2493 26.

433 2524 452 2545 a
471 2512 527 2546 27.
548 2513 592 2546 ad
609 2513 781 2547 29.Mart.

491 2682 620 2724 Mart.
657 2683 724 2723 29.

514 2816 618 2849 Mart.
645 2816 701 2850 30.

535 2974 617 3016 Apr.
647 2973 676 3006 1.

820 316 1087 414 Ing(olsta(lium
1123 331 1203 353 cum
1239 319 1278 353 P.
1306 319 1523 364 Hieronymo
1553 319 1721 354 Torrensi
1754 320 1991 365 proficiscitur

902 373 942 407 19
969 372 1042 415 311

800 432 1135 484 jProvincialem
1170 432 1384 485 quandam
1412 432 1793 486 congregationem
1827 433 1880 474 ad
1913 433 1989 475 eli-

879 497 1054 549 gendo&
1099 496 1169 549 qui
1202 497 1385 538 Romam
1417 497 1472 538 ad
1504 497 1740 551 praepositi
1773 498 1990 551 generalis

880 561 1133 603 electionem
1186 561 1538 615 proficiscantur,
1592 561 1736 604 habet.
1810 563 1858 603 In
1907 576 1990 616 qua

879 626 925 668 P.
969 626 1260 667 Theodoricus
1305 625 1499 668 Canisius
1558 626 1984 681 „viceprovincialis‘⁴

880 690 1055 743 eligitur
1088 690 1160 743 (26
1196 692 1369 733 31—32
1404 692 1458 733 53
1494 691 1609 744 716).

820 760 916 794 Duos
943 760 1133 794 Societatis
1166 761 1297 795 fratres
1333 760 1567 795 scholasticos
1594 760 1814 804 lngolstadio
1841 760 1989 795 Romam

877 813 990 846 nutat
1018 812 1077 855 (33
1105 813 1202 856 7141

820 864 1005 911 Dilingam
1032 866 1133 908 redit,
1160 869 1200 900 ut
1226 866 1370 900 videtur
1398 866 1489 911 (31).

819 917 1023 964 Augustam
1048 920 1243 954 revertitur
1271 920 1360 963 (33).

799 968 920 1008 lDom.
944 971 1146 1016 Quinquag.
1174 973 1210 1006 in
1236 972 1388 1007 ecclesia
1414 973 1612 1007 cathedrali
1638 973 1681 1007 de
1708 972 1896 1016 evangelio
1922 972 1990 1006 diei

880 1027 915 1058 et
941 1025 983 1059 de
1009 1028 1106 1059 recto
1133 1037 1200 1059 usu
1226 1025 1504 1060 Bacchanalium
1531 1026 1756 1060 contionatur
1784 1026 1867 1068 (550
1893 1025 1991 1069 553).

820 1077 858 1112 F.
886 1078 946 1112 IV.
982 1077 1047 1112 Die
1083 1079 1242 1113 cinerum
1270 1079 1321 1122 (in
1353 1079 1487 1124 templo
1520 1079 1553 1114 S.
1579 1079 1731 1120 loannis,
1766 1081 1806 1112 ut
1832 1078 1989 1121 videtur)

879 1143 1016 1165 morum
1044 1131 1327 1166 emendationem
1354 1135 1390 1166 et
1414 1131 1656 1177 paenitentiae
1682 1143 1790 1176 opera
1816 1143 1990 1166 commen<

881 1184 942 1218 dat
970 1184 1085 1228 (550).

823 1237 860 1272 F.
883 1237 945 1271 VI.
975 1237 1132 1280 (ibidem,
1167 1240 1206 1272 ut
1240 1238 1398 1280 videtur)
1436 1238 1478 1272 de
1513 1238 1573 1272 Vl.
1601 1240 1792 1283 praecepto
1821 1237 1990 1280 Decalogi

883 1291 999 1324 dicere
1026 1291 1151 1336 incipit
1179 1291 1292 1335 (550).

823 1345 923 1379 Doni.
939 1344 964 1377 Ι.
985 1344 1116 1385 Quadr.
1135 1344 1170 1378 in
1189 1344 1275 1379 eccl.
1294 1345 1489 1379 cathedrali
1509 1356 1552 1378 ex
1576 1356 1632 1378 ev,
1651 1344 1720 1378 diei
1745 1344 1844 1387 leges
1871 1343 1991 1377 ieiunii

882 1400 918 1430 et
943 1396 1185 1431 abstinentiae
1212 1397 1372 1431 defendit
1399 1400 1434 1432 et
1460 1397 1684 1431 commendat
1712 1396 1826 1440 (550).

803 1495 805 1503 .
823 1450 860 1484 F.
880 1450 925 1484 ΙΙ.
946 1450 997 1492 (111
1023 1449 1108 1484 eccl.
1128 1450 1162 1484 S.
1181 1450 1334 1489 Ioannis,
1361 1453 1400 1484 ut
1420 1450 1578 1493 videtur)
1607 1450 1650 1483 de
1676 1451 1836 1483 extremo
1862 1449 1992 1483 iudicio

885 1502 945 1545 (ex
972 1514 1027 1537 ev.
1055 1503 1139 1546 diei)
1170 1506 1206 1537 et
1231 1503 1273 1537 de
1300 1503 1477 1538 adulterio
1503 1503 1589 1537 dicit
1617 1502 1731 1546 (550).

803 1557 860 1597 ¹F.
889 1556 948 1591 IV.
976 1556 1135 1599 (ibidem,
1170 1559 1211 1590 ut
1235 1556 1392 1600 videtur)
1422 1558 1464 1591 de
1491 1558 1659 1600 quattuor
1684 1555 1902 1600 temporibus
1931 1554 1991 1597 (ex

883 1621 937 1643 eV.
965 1609 1049 1653 diei)
1078 1611 1113 1643 et-
1139 1609 1181 1643 de
1209 1609 1383 1644 adulterio
1409 1622 1450 1644 ac
1476 1610 1682 1655 polygamia
1708 1608 1795 1642 dicit
1823 1607 1936 1652 (550).

802 1639 939 1718 }F.V1.
969 1662 1126 1706 (ibidem,
1162 1665 1202 1696 ut
1226 1662 1384 1707 videtur)
1413 1663 1456 1697 de
1490 1663 1566 1697 vita
1601 1662 1821 1696 emendanda
1848 1661 1910 1705 (ex
1935 1672 1991 1695 eV.

882 1715 966 1759 diei)
995 1718 1030 1749 et
1056 1716 1099 1749 de
1124 1716 1264 1749 malitia
1289 1716 1457 1751 adulterii
1484 1716 1570 1750 dicit
1598 1716 1710 1758 (550).

802 1745 923 1822 {Donr
950 1769 993 1803 Il.
1021 1768 1151 1810 Quadr.
1187 1770 1223 1802 in
1259 1769 1343 1803 eccl.
1380 1769 1578 1804 cathedrali
1615 1781 1660 1803 ex
1698 1767 1886 1811 evangelio
1921 1767 1989 1801 diei

881 1824 1077 1856 orationem
1104 1823 1329 1856 commendat
1358 1822 1470 1866 (550).

802 1860 859 1909 ¹F.
887 1876 930 1909 Π.
960 1875 1010 1918 (111
1046 1875 1132 1909 6661.
1159 1875 1193 1909 S.
1220 1876 1375 1917 Ioannis,
1408 1879 1448 1910 ut
1474 1874 1631 1919 videtur)
1659 1875 1701 1909 de
1736 1876 1834 1908 recta
1866 1873 1989 1907 orandi

880 1928 1018 1962 ratione
1044 1931 1084 1971 et·
1106 1929 1148 1962 de
1171 1928 1376 1973 polygamia
1394 1929 1528 1963 veteris
1545 1928 1753 1963 testamenti
1770 1927 1857 1961 dicit
1875 1926 1987 1970 (550).

802 1974 859 2016 ³F.
886 1981 946 2015 IV.
976 1981 1133 2025 (ibidem,
1166 1985 1206 2015 ut
1232 1981 1390 2025 videtur)
1419 1982 1461 2016 de
1487 1982 1594 2016 rebus
1619 1993 1639 2015 a
1666 1980 1738 2015 Deo
1770 1980 1806 2014 in
1831 1980 1989 2014 oratione

881 2035 1044 2078 petendis
1071 2037 1107 2068 et
1133 2035 1175 2068 (le
1201 2035 1424 2079 impudicitia
1449 2035 1535 2069 dicit
1562 2034 1676 2078 (551).

821 2087 858 2122 F.
878 2088 938 2122 Vl.
964 2087 1121 2131 (ibidem,
1148 2091 1188 2122 ut
1213 2088 1371 2132 videtur)
1399 2100 1548 2132 regnum
1575 2088 1640 2122 Dei
1665 2099 1686 2121 a
1712 2086 1900 2122 Germanis
1929 2097 1987 2120 au-

879 2141 966 2175 ferri
991 2143 1111 2174 monet
1137 2143 1173 2175 et
1197 2141 1391 2175 divortium
1416 2141 1644 2186 reprehendit
1663 2141 1744 2184 (551
1772 2137 1986 2182 554-555).

820 2193 921 2228 Dom.
948 2194 998 2227 III
1025 2192 1155 2234 Quadr.
1182 2196 1219 2228 et
1245 2195 1300 2228 die
1325 2194 1619 2228 Annuntiationis
1645 2194 1684 2229 Β.
1703 2193 1751 2227 M.
1769 2193 1813 2227 V.
1839 2193 1873 2226 in
1901 2194 1986 2226 eccl.

879 2247 1077 2281 cathedrali
1103 2247 1355 2281 salutationem
1382 2247 1579 2290 angelicam
1607 2247 1767 2281 defendit
1801 2248 1836 2280 et
1862 2257 1907 2279 ex
1932 2257 1988 2279 ev,

879 2300 1017 2334 Domin.
1044 2300 1167 2340 instat,
1199 2302 1239 2334 ut
1264 2300 1446 2334 hominum
1472 2312 1588 2334 mores
1615 2299 1846 2334 emendentur
1875 2298 1987 2342 (551).

801 2352 857 2389 .F.
884 2353 928 2386 ΙΙ.
957 2353 1008 2396 (in
1035 2353 1120 2388 eccl.
1148 2353 1181 2387 S.
1206 2353 1359 2394 Ioannis,
1386 2357 1425 2387 ut
1452 2353 1608 2397 videtur)
1638 2353 1680 2387 de
1707 2364 1761 2386 ev.
1789 2352 1858 2386 diei
1884 2353 1920 2385 et
1945 2352 1987 2384 de

879 2406 1030 2440 divortio
1057 2407 1282 2440 contionatur
1311 2406 1424 2450 (551).

821 2458 909 2493 Cum
935 2459 974 2493 P.
1002 2459 1221 2493 Theodorico
1248 2459 1389 2493 Canisio
1415 2457 1600 2505 Dilingam
1626 2459 1727 2493 venit
1755 2458 1815 2501 (46
1842 2456 1938 2500 602).

821 2512 909 2547 Cum
936 2511 1067 2546 Ottone
1103 2511 1273 2546 cardinali
1301 2513 1513 2556 Augustano
1548 2513 1590 2546 de
1625 2511 1774 2554 collegio
1805 2510 1987 2553 dilingano

879 2565 1032 2599 dotando
1051 2567 1087 2599 et
1104 2565 1147 2599 de
1165 2565 1413 2599 canonicorum
1431 2568 1712 2609 augustanorum
1732 2564 1859 2598 animis
1873 2563 1985 2597 eidem

879 2618 1030 2662 collegio
1056 2618 1288 2652 conciliandis
1315 2620 1391 2662 agit
1419 2619 1571 2663 (46—47
1600 2618 1697 2661 603).

820 2679 866 2721 P.
892 2679 1203 2720 Theodoricum
1228 2679 1444 2720 Canisium
1476 2678 1743 2720 sollemniter
1774 2679 1983 2718 rectorem

878 2743 1176 2786 universitatis
1194 2743 1439 2797 dilinganae
1455 2743 1645 2786 instituit
1662 2743 1735 2794 (46
1760 2739 1985 2794 6021603).

819 2813 856 2847 F.
876 2813 937 2847 VI.
963 2811 1150 2858 Augustae
1189 2813 1240 2856 (in
1274 2813 1408 2858 templo
1435 2813 1468 2847 S.
1487 2813 1639 2854 Ioannis,
1674 2814 1714 2846 ut
1748 2809 1905 2856 videtur)
1943 2810 1985 2843 de

879 2866 1045 2900 adulterii
1079 2866 1217 2900 malitia
1252 2869 1288 2899 et
1322 2866 1364 2900 de
1400 2865 1621 2909 virginitatis
1655 2864 1876 2909 praestantia
1909 2875 1982 2897 ora-

832 2956 833 2959 *
877 2919 1009 2953 tionem
1035 2919 1143 2952 habet
1172 2919 1286 2962 (551).

799 2972 918 3006 ¹Dom.
943 2972 1003 3006 IV.
1031 2971 1161 3013 Quadr.
1188 2983 1291 3005 mane
1317 2972 1353 3005 in
1379 2971 1530 3006 ecclesia
1556 2970 1752 3005 cathedrali
1778 2969 1983 3003 mandatum

877 3024 1019 3059 Ottonis
1045 3025 1234 3059 cardinalis
1261 3028 1297 3058 et
1322 3025 1479 3069 episcopi
1503 3023 1707 3069 promulgat
1728 3034 1770 3057 ac
1788 3024 1829 3057 de
1847 3023 1984 3056 ratione

878 3078 1083 3111 Dominicae
1118 3082 1153 3111 et
1188 3078 1230 3111 de
1261 3078 1436 3112 adulterio
1462 3077 1558 3111 dicit.
1609 3075 1710 3120 [Post
1735 3076 1920 3121 prandium
1949 3075 1984 3108 in

877 3131 1009 3175 templo
1045 3130 1078 3164 S.
1107 3131 1248 3164 loannis
1286 3131 1328 3164 de
1367 3130 1581 3164 catechismo
1620 3128 1883 3172 contionatur‘?]
1924 3128 1982 3170 (47

878 3184 943 3217 551
973 3184 1068 3226 557.)
