2045 3471
211 214 296 255 300
695 209 795 244 1351.
823 208 986 242 Canisius
1013 208 1048 242 S.
1066 207 1256 241 Francisco
1283 207 1324 241 de
1349 207 1492 251 Borgia.

328 329 393 361 Fr.
412 328 555 361 ssIelitus
579 331 751 369 mortuus,
778 327 817 359 P.
839 326 1005 359 Liberius
1031 326 1125 358 brevi
1150 329 1198 357 est
1222 326 1430 358 moriturus.
1467 326 1760 367 Inyolstadieuses
1784 336 1840 358 res
1865 329 1969 357 tran--

210 382 342 425 quillae
366 384 458 423 sunt,
485 381 559 412 nisi
583 380 676 422 quod
694 379 891 422 Marquetii
917 380 1039 411 [mima
1066 389 1262 421 corpusque
1280 378 1367 410 alibi
1383 382 1556 411 sanentur
1575 382 1716 421 oportet.
1755 378 1792 411 P.
1813 377 1968 411 Arborei

210 435 381 467 valetudo.
436 433 646 466 Cardinalis
677 432 866 465 Truclzsess
899 432 1073 474 synodum
1111 432 1353 464 dioecesanam
1379 432 1501 473 differt
1525 432 1564 463 iu
1591 442 1726 464 annum
1746 431 1965 473 proximum.

211 486 508 528 Archetepiscopus
543 486 771 527 moquntinus
800 495 868 527 per
902 484 1039 516 litteras
1071 485 1230 527 moriter
1265 488 1471 526 conquestus
1506 488 1563 524 est,
1602 485 1694 527 quod
1720 484 1851 516 Romae
1875 482 1967 515 nihil

210 542 427 582 impetrasset
453 543 556 581 atque
582 540 685 571 etiam
712 538 803 570 male
829 537 971 570 audiret
980 548 994 577 ;
1019 548 1097 569 eum
1122 541 1237 569 tamen
1265 537 1465 569 cardinalis
1496 537 1684 569 Truchsess
1709 541 1739 569 et
1762 537 1895 569 solatus
1920 539 1968 568 est

210 597 239 625 et
266 592 506 635 compluribus
540 591 789 623 cardinalibus
815 591 1067 622 conmendavit
1101 594 1131 622 et
1165 601 1187 621 a
1213 590 1348 632 Boryza
1377 592 1471 632 cupit
1497 590 1690 630 adz’nzvarm
1727 590 1816 622 idem
1849 588 1968 622 archi-

211 647 405 688 episcopus,
441 649 479 677 ut
505 646 544 677 in
574 644 769 676 Germania
798 654 895 675 nemo
922 643 1027 686 alins,
1063 653 1146 684 crya
1175 643 1294 675 Socios
1320 643 1497 675 liberalem
1523 654 1558 675 se
1580 643 1756 685 praebuit.
1806 643 1969 675 Romana

212 698 315 731 curia
353 698 636 740 archiepiscopos
659 706 847 738 yermauos
872 696 1025 728 molliter
1050 700 1207 728 tractare
1233 699 1337 738 atque
1362 697 1467 728 etiam
1493 696 1672 728 bonorare
1697 695 1846 727 debebat.
1897 695 1967 727 Ad-

213 761 334 784 rersus
352 747 619 794 „Assertiones“
639 750 846 791 dilinyanas
871 748 1002 781 librum
1030 749 1294 781 amarulentum
1321 749 1507 781 ediderunt
1525 748 1728 781 Bidenbach
1746 751 1776 780 et
1798 747 1970 780 Osiander

219 804 418 846 tubinymzt,
445 814 466 835 a
492 803 634 835 Iesuilts
658 802 726 834 sibi
751 802 928 842 tumentes,-
953 802 994 834 de
1019 802 1261 843 respondendo
1288 812 1364 834 cum
1391 802 1430 834 P.
1457 802 1586 834 Natale
1612 805 1745 843 ayetur.
1792 800 1971 842 Onuplzrii

215 856 381 889 Panvinii
407 860 467 889 etc.
492 856 623 897 scripta
651 855 829 897 mclyanda
855 858 947 887 sunt.
1002 855 1179 896 Profectio
1205 856 1432 888 monacensis.
1483 854 1680 896 Episcopus
1707 853 1969 896 herbipolensis,

211 910 340 942 viatico
364 911 480 952 misso,
517 909 639 941 Socios
664 912 861 950 eoespectat‚·
897 911 933 939 at
960 918 1014 939 res
1041 919 1118 940 cum
1145 918 1182 940 eo
1210 908 1366 940 nondum
1403 912 1486 940 sunt
1511 909 1598 940 satis
1624 908 1838 939 constitutae.
1892 906 1970 939 Col-

210 963 339 1005 leyium
372 963 540 1004 spirense.
591 961 682 993 Novi
707 961 815 994 Socii.
868 958 1078 1003 „Annuae“.
1130 960 1169 992 P.
1198 961 1386 1002 Menyinus
1411 964 1591 993 rectoratu
1625 960 1836 1002 monacensi,
1871 969 1971 1002 quem

211 1026 314 1058 aeyre
338 1016 496 1056 sustinet,
523 1014 693 1047 levandus
720 1017 776 1046 est.

1005 1084 1177 1126 Jhesus.

428 1156 523 1197 Pax
555 1154 712 1197 Christi
774 1154 1018 1196 Admodum
1050 1154 1303 1196 Reuerende
1334 1154 1376 1195 in
1410 1153 1578 1196 Christo
1611 1153 1756 1196 Pater.

331 1231 491 1286 Scripsi
532 1234 776 1285 postremas
808 1231 1086 1284 Jngolstadij,
1132 1233 1176 1272 et
1208 1231 1288 1272 hoc
1322 1230 1490 1283 quidem
1524 1235 1707 1280 mense²²‚
1750 1243 1828 1271 nec
1860 1229 1971 1271 ullas

210 1297 384 1340 interim
407 1297 626 1338 Romanas
658 1295 819 1349 accepi.
873 1296 1072 1338 Decessit
1105 1309 1159 1337 ex
1190 1296 1271 1337 hac
1303 1295 1395 1337 uita
1426 1296 1562 1336 bonus
1595 1308 1847 1348 semperque
1879 1293 1971 1335 lau-

212 1362 340 1404 datus
381 1361 519 1403 frater
559 1363 707 1403 noster
738 1361 1100 1403 Bartholomaeus
1144 1359 1250 1414 [etc.,
1297 1365 1343 1401 ut
1374 1375 1507 1415 supra
1532 1375 1578 1415 p.
1610 1357 1730 1413 297]
1775 1359 1868 1400 Nec
1901 1358 1972 1399 diu

212 1426 429 1480 supererit
461 1426 507 1468 P.
532 1426 780 1479 Stephanus
813 1428 857 1468 et
898 1425 990 1479 ipse
1021 1425 1222 1475 Ptisicus,
1265 1425 1316 1466 de
1349 1439 1431 1477 quo
1464 1424 1549 1465 iam
1583 1427 1628 1466 et
1658 1423 1849 1465 medicus
1880 1422 1972 1476 ipse

213 1491 415 1544 desperat
446 1490 672 1543 Augustae
687 1493 713 1532 1.
778 1490 843 1533 Sit
884 1490 945 1531 illi
987 1490 1195 1542 nobisque
1237 1489 1448 1543 propitius
1490 1489 1619 1539 Deus,
1663 1488 1734 1541 qui
1775 1487 1892 1530 uitae
1929 1490 1973 1530 et

211 1555 363 1597 mortis
396 1558 463 1597 est
495 1555 691 1596 dominus
707 1556 736 1598 2.

330 1625 592 1679 Jngolstadij
626 1628 790 1667 statum
824 1625 1001 1678 Collegij
1035 1627 1252 1677 utcunque
1290 1624 1570 1676 tranquillum
1604 1623 1769 1675 reliqui,
1812 1622 1971 1664 minus-

213 1704 295 1743 que
327 1690 488 1743 negotij
532 1689 620 1731 illic
653 1690 782 1731 mihib
814 1690 908 1740 fuit,
956 1704 1050 1731 cum
1085 1689 1131 1731 P.
1156 1689 1370 1731 Visitator
1402 1703 1487 1729 non
1520 1689 1654 1730 multo
1687 1690 1817 1729 antea
1849 1701 1973 1728 suum

211 1755 325 1808 apud
347 1755 525 1797 Fratres
558 1769 712 1796 munus
745 1755 941 1805 obiuerit,
976 1756 1198 1807 multaque
1222 1753 1463 1795 correxerit
1495 1767 1573 1806 pro
1600 1767 1678 1794 sua
1701 1752 1930 1806 prudentia
1942 1752 1970 1794 3.

212 1820 355 1862 Notus
387 1822 454 1862 est
485 1820 542 1861 M.
567 1819 835 1872 Marquetius
852 1820 880 1869 4,
915 1833 1042 1872 quem
1064 1818 1226 1861 rectius
1259 1818 1361 1859 alibi
1393 1831 1519 1870 quam
1554 1818 1666 1871 apud
1689 1831 1766 1858 nos
1789 1816 1832 1857 in
1854 1820 1972 1858 utro-

214 1898 294 1937 que
326 1884 497 1925 homine
520 1883 662 1925 curari
694 1897 820 1937 posse
854 1897 1091 1926 censemus,
1146 1882 1377 1936 Scripserit
1409 1882 1460 1923 de
1492 1882 1564 1923 illo
1597 1882 1644 1924 P.
1668 1881 1891 1929 Visitator,
1925 1883 1974 1922 ut

213 1949 423 1998 arbitror,
466 1949 760 2002 Expectamus
806 1951 850 1990 et
895 1951 1117 2002 optamus,
1164 1950 1211 1989 ut
1254 1946 1501 1989 Paternitas
1543 1947 1635 1988 Tua
1681 1959 1971 1987 successorem

213 2013 341 2064 illius,
375 2014 412 2055 si
443 2013 536 2054 fieri
568 2016 712 2065 queat,
757 2012 842 2054 cito
877 2012 1088 2066 designet.
1142 2013 1207 2053 De
1239 2012 1285 2055 P.
1310 2011 1496 2053 Henrico
1528 2011 1722 2052 Arboreo
1754 2010 1840 2052 iam
1872 2012 1973 2051 ante

214 2092 382 2132 quoque
415 2078 621 2131 scriptum
655 2080 734 2127 est,
770 2077 870 2130 quia
903 2081 946 2120 et
979 2078 1071 2131 ipse
1104 2077 1243 2130 magis
1266 2090 1316 2118 ac
1342 2076 1481 2129 magis
1504 2076 1557 2118 ad
1590 2076 1734 2130 ptisim
1757 2075 1973 2117 declinare

214 2143 425 2185 uidetur5.
488 2142 617 2184 Adsit
654 2141 776 2184 nobis
818 2144 862 2183 et
895 2141 1148 2184 Prouinciae
1190 2144 1366 2183 nostrae
1398 2140 1606 2182 Dominus
1646 2155 1722 2194 pro
1765 2140 1974 2181 immensa

214 2208 258 2249 in
290 2222 368 2249 nos
399 2206 668 2260 benignitate
699 2220 779 2248 sua
819 2221 896 2260 per
929 2206 1142 2248 sacrificia
1175 2208 1219 2248 et
1250 2219 1401 2259 preces
1436 2205 1717 2248 paternitatis
1750 2205 1881 2254 Tuae,
1923 2218 1973 2245 ac

216 2272 351 2314 totius
388 2274 564 2314 nostrae
598 2271 841 2314 Societatis.

334 2342 553 2395 Dilingam
594 2341 750 2394 redijss,
794 2356 820 2383 a
852 2340 1226 2383 Reuerendissimo
1260 2340 1441 2381 Domino
1475 2339 1689 2381 Cardinali
1723 2338 1970 2382 accersitus

216 2407 366 2449 Voluit
398 2407 509 2448 enim
543 2407 783 2448 deliberare
825 2420 991 2447 mecum
1024 2406 1076 2447 de
1109 2406 1280 2459 Synodo
1318 2404 1596 2454 instituenda,
1640 2417 1767 2456 quam
1808 2402 1973 2457 reijciet

337 2511 363 2541 a)
383 2518 504 2536 mensse
524 2511 631 2535 archet.
706 2510 735 2541 b)
756 2511 790 2534 In
807 2511 885 2534 arch.
901 2514 1057 2535 correctum
1073 2518 1109 2534 ea*
1129 2509 1191 2534 illhi
1207 2509 1305 2540 mihic,
1325 2517 1397 2541 quae
1413 2510 1544 2541 primum
1564 2508 1674 2539 scripta
1695 2510 1787 2531 erant.

340 2653 347 2671 ¹
375 2651 415 2684 P.
441 2650 582 2685 Natalis
609 2651 778 2685 visitator
804 2662 849 2684 m.
876 2650 965 2684 Iulio
993 2661 1023 2684 a.
1053 2650 1144 2684 1566
1170 2650 1413 2694 praeceperat,
1454 2651 1491 2682 ut
1519 2648 1556 2682 P.
1584 2646 1786 2691 Stephanus
1813 2645 1974 2680 Liberius

220 2703 281 2745 (of.
308 2715 416 2748 supra
442 2716 474 2748 p.
502 2704 522 2738 8
552 2705 632 2747 164)
666 2715 765 2746 „cum
792 2703 1062 2737 eommoditat&
1092 2702 1279 2736 Monachio
1307 2704 1508 2745 Augustam
1542 2701 1763 2739 mitteretur;
1799 2699 1846 2732 ibi
1880 2699 1972 2733 enim

220 2756 388 2790 Ursulam
414 2757 616 2800 Fuggeram
653 2757 730 2790 eius
756 2756 1001 2790 valetudinem
1036 2755 1226 2798 diligenter
1260 2766 1339 2788 esse
1372 2757 1595 2793 curaturam3
1632 2752 1713 2785 vide
1739 2751 1828 2796 Epp.
1853 2752 1974 2785 Nadal

221 2808 269 2841 lV
297 2810 375 2843 242.

339 2862 351 2881 ‘-’
379 2862 430 2895 Cf.
457 2862 506 2895 Dt
531 2862 587 2903 32,
614 2862 676 2902 39;
707 2863 723 2896 1
753 2862 809 2905 Rg
834 2862 866 2903 2,
893 2862 932 2901 6;
961 2861 1030 2905 Sap
1061 2862 1114 2901 16,
1145 2861 1187 2894 13
1214 2864 1280 2894 etc.

340 2914 352 2933 ³
378 2914 468 2948 Vide
495 2915 584 2959 Epp.
612 2916 734 2948 Nadal
760 2915 811 2948 Ill
841 2915 904 2949 167
935 2914 1120 2948 183-184
1150 2914 1215 2948 189
1243 2914 1330 2953 7673
1359 2912 1406 2945 IV
1427 2911 1505 2946 778.
1555 2910 1606 2943 De
1632 2909 1739 2943 rebus
1765 2908 1974 2952 Ingolstadii

222 2975 242 2998 a
269 2964 410 2999 Canisio
436 2967 549 3009 gestis
574 2968 656 3001 vide
682 2968 775 3001 infra
800 2979 954 3001 monum.
982 2967 1054 3010 ing.
1084 2966 1257 3009 (5)—(7).

341 3020 353 3037 4
380 3018 528 3053 Ioannes
553 3020 734 3064 Marquez,
774 3019 1021 3064 philosophiae
1047 3020 1230 3064 professor
1254 3019 1290 3052 in
1315 3017 1551 3051 universitate
1576 3014 1865 3058 ingolstadiensi3
1893 3014 1974 3048 vide

222 3079 330 3112 supra
356 3081 389 3113 p.
414 3072 453 3104 51
487 3073 551 3105 122
581 3073 657 3106 147.

343 3123 354 3140 ⁵
380 3123 558 3157 Arboreus
585 3127 621 3158 et
654 3125 729 3169 ipse
756 3125 1016 3169 philosophiam
1050 3125 1087 3158 in
1113 3123 1350 3157 universitate
1375 3120 1558 3160 tradebat;
1592 3119 1674 3153 vide
1700 3131 1808 3164 supra
1841 3132 1873 3164 p.
1901 3119 1972 3153 882.

343 3175 355 3193 ⁶
381 3174 445 3207 Die
471 3175 526 3209 26.
545 3176 699 3219 Augusti
725 3178 837 3221 primo
863 3189 966 3211 mane
993 3176 1211 3220 Ingolstadio
1237 3176 1343 3215 abiit;
1370 3174 1451 3207 vide
1478 3172 1570 3206 infra
1595 3184 1748 3206 monum.
1768 3173 1838 3215 ing.
1861 3172 1927 3215 (7).
