<?xml version="1.0" encoding="UTF-8"?>
<!DOCTYPE html PUBLIC "-//W3C//DTD XHTML 1.0 Transitional//EN"
    "http://www.w3.org/TR/xhtml1/DTD/xhtml1-transitional.dtd">
<html xmlns="http://www.w3.org/1999/xhtml" xml:lang="en" lang="en">
 <head>
  <title>
</title>
<meta http-equiv="Content-Type" content="text/html;charset=utf-8" />
  <meta name='ocr-system' content='tesseract 3.04.00' />
  <meta name='ocr-capabilities' content='ocr_page ocr_carea ocr_par ocr_line ocrx_word'/>
</head>
<body>
  <div class='ocr_page' id='page_1' title='image "beatipetricanisi05cani_0424.png"; bbox 0 0 2045 3471; ppageno 0'>
   <div class='ocr_carea' id='block_1_1' title="bbox 236 207 1915 254">
    <p class='ocr_par' dir='ltr' id='par_1_1' title="bbox 236 207 1915 254">
     <span class='ocr_line' id='line_1_1' title="bbox 236 207 1915 254; baseline -0.002 -9"><span class='ocrx_word' id='word_1_1' title='bbox 236 214 319 254; x_wconf 84' lang='lat'>336</span> <span class='ocrx_word' id='word_1_2' title='bbox 400 211 499 245; x_wconf 85' lang='lat'>1365.</span> <span class='ocrx_word' id='word_1_3' title='bbox 527 209 691 244; x_wconf 81' lang='lat' dir='ltr'>Canisius</span> <span class='ocrx_word' id='word_1_4' title='bbox 717 208 900 242; x_wconf 88' lang='lat' dir='ltr'>Leonardo</span> <span class='ocrx_word' id='word_1_5' title='bbox 926 208 1065 242; x_wconf 83' lang='lat' dir='ltr'>Kessel.</span> <span class='ocrx_word' id='word_1_6' title='bbox 1118 209 1218 243; x_wconf 85' lang='lat'>1366.</span> <span class='ocrx_word' id='word_1_7' title='bbox 1246 207 1410 243; x_wconf 86' lang='lat' dir='ltr'>Canisius</span> <span class='ocrx_word' id='word_1_8' title='bbox 1437 208 1470 243; x_wconf 78' lang='lat' dir='ltr'>S.</span> <span class='ocrx_word' id='word_1_9' title='bbox 1490 208 1677 243; x_wconf 85' lang='lat' dir='ltr'>Francisco</span> <span class='ocrx_word' id='word_1_10' title='bbox 1705 208 1746 243; x_wconf 90' lang='lat' dir='ltr'>de</span> <span class='ocrx_word' id='word_1_11' title='bbox 1774 208 1915 252; x_wconf 83' lang='lat' dir='ltr'>Borgia.</span> 
     </span>
    </p>
   </div>
   <div class='ocr_carea' id='block_1_2' title="bbox 234 324 1985 528">
    <p class='ocr_par' dir='ltr' id='par_1_2' title="bbox 234 324 1985 528">
     <span class='ocr_line' id='line_1_2' title="bbox 235 324 1984 372; baseline -0.002 -10"><span class='ocrx_word' id='word_1_12' title='bbox 235 327 392 372; x_wconf 88' lang='lat' dir='ltr'>reliquas</span> <span class='ocrx_word' id='word_1_13' title='bbox 426 338 510 360; x_wconf 91' lang='lat' dir='ltr'>vero</span> <span class='ocrx_word' id='word_1_14' title='bbox 545 336 727 369; x_wconf 85' lang='lat' dir='ltr'>nunquam</span> <span class='ocrx_word' id='word_1_15' title='bbox 762 325 839 359; x_wconf 89' lang='lat' dir='ltr'>viro</span> <span class='ocrx_word' id='word_1_16' title='bbox 865 326 1030 370; x_wconf 80' lang='lat' dir='ltr'>nupsisse</span> <span class='ocrx_word' id='word_1_17' title='bbox 1059 325 1288 368; x_wconf 59' lang='lat' dir='ltr'>(Kleijntjens</span> <span class='ocrx_word' id='word_1_18' title='bbox 1319 324 1341 359; x_wconf 93' lang='lat' dir='ltr'>l.</span> <span class='ocrx_word' id='word_1_19' title='bbox 1369 336 1398 359; x_wconf 93' lang='lat' dir='ltr'>c.</span> <span class='ocrx_word' id='word_1_20' title='bbox 1428 325 1640 369; x_wconf 82' lang='lat'>195—196).</span> <span class='ocrx_word' id='word_1_21' title='bbox 1690 325 1834 359; x_wconf 81' lang='lat' dir='ltr'><strong>Fratres</strong></span> <span class='ocrx_word' id='word_1_22' title='bbox 1865 327 1984 360; x_wconf 89' lang='lat' dir='ltr'>autem</span> 
     </span>
     <span class='ocr_line' id='line_1_3' title="bbox 236 376 1984 421; baseline -0.001 -7"><span class='ocrx_word' id='word_1_23' title='bbox 236 380 342 414; x_wconf 87' lang='lat' dir='ltr'>Petro</span> <span class='ocrx_word' id='word_1_24' title='bbox 381 379 522 413; x_wconf 88' lang='lat' dir='ltr'>Canisio</span> <span class='ocrx_word' id='word_1_25' title='bbox 560 378 597 412; x_wconf 84' lang='lat' dir='ltr'>hi</span> <span class='ocrx_word' id='word_1_26' title='bbox 623 380 744 413; x_wconf 87' lang='lat' dir='ltr'>erant:</span> <span class='ocrx_word' id='word_1_27' title='bbox 783 378 822 413; x_wconf 92' lang='lat' dir='ltr'>P.</span> <span class='ocrx_word' id='word_1_28' title='bbox 849 378 1089 412; x_wconf 85' lang='lat' dir='ltr'>Theodoricus</span> <span class='ocrx_word' id='word_1_29' title='bbox 1119 377 1298 421; x_wconf 70' lang='lat' dir='ltr'>(Dei-rich)</span> <span class='ocrx_word' id='word_1_30' title='bbox 1328 377 1362 412; x_wconf 83' lang='lat' dir='ltr'>S.</span> <span class='ocrx_word' id='word_1_31' title='bbox 1391 378 1435 416; x_wconf 73' lang='lat' dir='ltr'>J..</span> <span class='ocrx_word' id='word_1_32' title='bbox 1475 377 1656 412; x_wconf 80' lang='lat' dir='ltr'>Gerardus</span> <span class='ocrx_word' id='word_1_33' title='bbox 1684 376 1850 421; x_wconf 79' lang='lat' dir='ltr'>(Gerrit),</span> <span class='ocrx_word' id='word_1_34' title='bbox 1890 378 1984 420; x_wconf 82' lang='lat' dir='ltr'>Otto,</span> 
     </span>
     <span class='ocr_line' id='line_1_4' title="bbox 236 430 1985 476; baseline -0.001 -10"><span class='ocrx_word' id='word_1_35' title='bbox 236 432 442 472; x_wconf 82' lang='lat' dir='ltr'>Gisbertus3</span> <span class='ocrx_word' id='word_1_36' title='bbox 470 431 530 476; x_wconf 91' lang='lat' dir='ltr'>qui</span> <span class='ocrx_word' id='word_1_37' title='bbox 556 443 678 465; x_wconf 89' lang='lat' dir='ltr'>omnes</span> <span class='ocrx_word' id='word_1_38' title='bbox 705 431 939 465; x_wconf 77' lang='lat' dir='ltr'>Wendelinae</span> <span class='ocrx_word' id='word_1_39' title='bbox 966 442 1036 464; x_wconf 85' lang='lat' dir='ltr'>van</span> <span class='ocrx_word' id='word_1_40' title='bbox 1063 431 1130 464; x_wconf 88' lang='lat' dir='ltr'>den</span> <span class='ocrx_word' id='word_1_41' title='bbox 1158 430 1272 465; x_wconf 86' lang='lat' dir='ltr'>Berch</span> <span class='ocrx_word' id='word_1_42' title='bbox 1299 433 1401 464; x_wconf 85' lang='lat' dir='ltr'>erant</span> <span class='ocrx_word' id='word_1_43' title='bbox 1426 430 1508 471; x_wconf 88' lang='lat' dir='ltr'>filii;</span> <span class='ocrx_word' id='word_1_44' title='bbox 1546 430 1587 464; x_wconf 86' lang='lat' dir='ltr'>de</span> <span class='ocrx_word' id='word_1_45' title='bbox 1613 430 1668 465; x_wconf 87' lang='lat' dir='ltr'>his</span> <span class='ocrx_word' id='word_1_46' title='bbox 1694 431 1796 475; x_wconf 88' lang='lat' dir='ltr'>plura</span> <span class='ocrx_word' id='word_1_47' title='bbox 1822 431 1985 465; x_wconf 85' lang='lat' dir='ltr'>dicentur</span> 
     </span>
     <span class='ocr_line' id='line_1_5' title="bbox 234 484 752 528; baseline 0 -10"><span class='ocrx_word' id='word_1_48' title='bbox 234 485 327 519; x_wconf 88' lang='lat' dir='ltr'>infra</span> <span class='ocrx_word' id='word_1_49' title='bbox 354 496 445 519; x_wconf 88' lang='lat' dir='ltr'>mon.</span> <span class='ocrx_word' id='word_1_50' title='bbox 472 496 583 528; x_wconf 85' lang='lat' dir='ltr'>germ.</span> <span class='ocrx_word' id='word_1_51' title='bbox 610 485 632 519; x_wconf 91' lang='lat' dir='ltr'>l.</span> <span class='ocrx_word' id='word_1_52' title='bbox 661 484 752 527; x_wconf 79' lang='lat'>(18).</span> 
     </span>
    </p>
   </div>
   <div class='ocr_carea' id='block_1_3' title="bbox 236 610 1985 654">
    <p class='ocr_par' dir='ltr' id='par_1_3' title="bbox 236 610 1985 654">
     <span class='ocr_line' id='line_1_6' title="bbox 236 610 1985 654; baseline -0.002 -7"><span class='ocrx_word' id='word_1_53' title='bbox 236 611 385 648; x_wconf 76' lang='lat'>1365.</span> <span class='ocrx_word' id='word_1_54' title='bbox 485 612 700 647; x_wconf 82' lang='lat' dir='ltr'>OANISIUS</span> <span class='ocrx_word' id='word_1_55' title='bbox 726 611 788 647; x_wconf 83' lang='lat' dir='ltr'>P.</span> <span class='ocrx_word' id='word_1_56' title='bbox 815 610 1185 647; x_wconf 77' lang='lat' dir='ltr'>LEONARDO</span> <span class='ocrx_word' id='word_1_57' title='bbox 1214 610 1481 647; x_wconf 82' lang='lat' dir='ltr'><strong>KESSEL</strong></span> <span class='ocrx_word' id='word_1_58' title='bbox 1510 610 1562 646; x_wconf 85' lang='lat' dir='ltr'>S.</span> <span class='ocrx_word' id='word_1_59' title='bbox 1590 610 1661 653; x_wconf 64' lang='lat' dir='ltr'>J„</span> <span class='ocrx_word' id='word_1_60' title='bbox 1692 611 1820 644; x_wconf 85' lang='lat' dir='ltr'>rectori</span> <span class='ocrx_word' id='word_1_61' title='bbox 1846 611 1985 654; x_wconf 84' lang='lat' dir='ltr'>collegii</span> 
     </span>
    </p>
   </div>
   <div class='ocr_carea' id='block_1_4' title="bbox 423 664 1937 709">
    <p class='ocr_par' dir='ltr' id='par_1_4' title="bbox 423 664 1937 709">
     <span class='ocr_line' id='line_1_7' title="bbox 423 664 1937 709; baseline -0.001 -10"><span class='ocrx_word' id='word_1_62' title='bbox 423 666 646 700; x_wconf 85' lang='lat' dir='ltr'>coloniensis.</span> <span class='ocrx_word' id='word_1_63' title='bbox 1361 664 1559 709; x_wconf 88' lang='lat' dir='ltr'>Oeniponte</span> <span class='ocrx_word' id='word_1_64' title='bbox 1585 665 1616 699; x_wconf 83' lang='lat'>8.</span> <span class='ocrx_word' id='word_1_65' title='bbox 1644 664 1809 698; x_wconf 82' lang='lat' dir='ltr'><strong>Octobris</strong></span> <span class='ocrx_word' id='word_1_66' title='bbox 1837 664 1937 698; x_wconf 83' lang='lat'>1566.</span> 
     </span>
    </p>
   </div>
   <div class='ocr_carea' id='block_1_5' title="bbox 237 734 1984 830">
    <p class='ocr_par' dir='ltr' id='par_1_5' title="bbox 237 734 1984 830">
     <span class='ocr_line' id='line_1_8' title="bbox 354 734 1984 781; baseline -0.002 -11"><span class='ocrx_word' id='word_1_67' title='bbox 354 736 408 770; x_wconf 89' lang='lat' dir='ltr'>Ex</span> <span class='ocrx_word' id='word_1_68' title='bbox 443 736 658 781; x_wconf 83' lang='lat' dir='ltr'>apographo,</span> <span class='ocrx_word' id='word_1_69' title='bbox 694 736 727 769; x_wconf 89' lang='lat' dir='ltr'>in</span> <span class='ocrx_word' id='word_1_70' title='bbox 766 734 956 769; x_wconf 84' lang='lat' dir='ltr'>Societatis</span> <span class='ocrx_word' id='word_1_71' title='bbox 993 734 1142 778; x_wconf 82' lang='lat' dir='ltr'>collegio</span> <span class='ocrx_word' id='word_1_72' title='bbox 1178 734 1371 769; x_wconf 89' lang='lat' dir='ltr'>coloniensi</span> <span class='ocrx_word' id='word_1_73' title='bbox 1398 734 1520 768; x_wconf 89' lang='lat' dir='ltr'>eodem</span> <span class='ocrx_word' id='word_1_74' title='bbox 1556 734 1629 768; x_wconf 89' lang='lat' dir='ltr'>fere</span> <span class='ocrx_word' id='word_1_75' title='bbox 1655 736 1814 777; x_wconf 90' lang='lat' dir='ltr'>tempore</span> <span class='ocrx_word' id='word_1_76' title='bbox 1840 735 1984 778; x_wconf 86' lang='lat' dir='ltr'>scripto.</span> 
     </span>
     <span class='ocr_line' id='line_1_9' title="bbox 237 788 826 830; baseline -0.002 -7"><span class='ocrx_word' id='word_1_77' title='bbox 237 788 319 823; x_wconf 86' lang='lat' dir='ltr'>Cod.</span> <span class='ocrx_word' id='word_1_78' title='bbox 346 789 456 824; x_wconf 88' lang='lat' dir='ltr'>colon.</span> <span class='ocrx_word' id='word_1_79' title='bbox 488 789 544 830; x_wconf 85' lang='lat' dir='ltr'>„L.</span> <span class='ocrx_word' id='word_1_80' title='bbox 572 789 656 830; x_wconf 79' lang='lat' dir='ltr'>Qu.“</span> <span class='ocrx_word' id='word_1_81' title='bbox 687 789 711 822; x_wconf 86' lang='lat' dir='ltr'>f.</span> <span class='ocrx_word' id='word_1_82' title='bbox 734 789 826 823; x_wconf 66' lang='lat'>10712.</span> 
     </span>
    </p>
   </div>
   <div class='ocr_carea' id='block_1_6' title="bbox 355 857 1784 903">
    <p class='ocr_par' dir='ltr' id='par_1_6' title="bbox 355 857 1784 903">
     <span class='ocr_line' id='line_1_10' title="bbox 355 857 1784 903; baseline -0.002 -10"><span class='ocrx_word' id='word_1_83' title='bbox 355 861 406 893; x_wconf 84' lang='lat' dir='ltr'>De</span> <span class='ocrx_word' id='word_1_84' title='bbox 424 860 581 903; x_wconf 76' lang='lat' dir='ltr'>pecunia</span> <span class='ocrx_word' id='word_1_85' title='bbox 607 870 731 893; x_wconf 75' lang='lat' dir='ltr'>annua</span> <span class='ocrx_word' id='word_1_86' title='bbox 757 859 899 902; x_wconf 70' lang='lat' dir='ltr'>colleyio</span> <span class='ocrx_word' id='word_1_87' title='bbox 924 870 944 891; x_wconf 82' lang='grc' dir='ltr'><em>α</em></span> <span class='ocrx_word' id='word_1_88' title='bbox 971 869 1092 892; x_wconf 75' lang='lat' dir='ltr'>sorore</span> <span class='ocrx_word' id='word_1_89' title='bbox 1118 859 1240 891; x_wconf 76' lang='lat' dir='ltr'>danda</span> <span class='ocrx_word' id='word_1_90' title='bbox 1266 863 1295 891; x_wconf 75' lang='lat' dir='ltr'>et</span> <span class='ocrx_word' id='word_1_91' title='bbox 1321 859 1362 890; x_wconf 73' lang='lat' dir='ltr'>de</span> <span class='ocrx_word' id='word_1_92' title='bbox 1385 858 1505 901; x_wconf 66' lang='lat' dir='ltr'>qratia</span> <span class='ocrx_word' id='word_1_93' title='bbox 1531 859 1563 890; x_wconf 68' lang='lat' dir='ltr'>ee?</span> <span class='ocrx_word' id='word_1_94' title='bbox 1587 857 1784 899; x_wconf 77' lang='lat' dir='ltr'>referenda.</span> 
     </span>
    </p>
   </div>
   <div class='ocr_carea' id='block_1_7' title="bbox 234 940 1987 1385">
    <p class='ocr_par' dir='ltr' id='par_1_7' title="bbox 234 940 1987 1385">
     <span class='ocr_line' id='line_1_11' title="bbox 235 940 1985 994; baseline -0.002 -10"><span class='ocrx_word' id='word_1_95' title='bbox 235 967 291 971; x_wconf 87' lang='lat'>-—</span> <span class='ocrx_word' id='word_1_96' title='bbox 324 967 380 970; x_wconf 84' lang='lat'>——</span> <span class='ocrx_word' id='word_1_97' title='bbox 413 942 570 984; x_wconf 81' lang='lat' dir='ltr'>Scribit</span> <span class='ocrx_word' id='word_1_98' title='bbox 611 942 665 983; x_wconf 88' lang='lat' dir='ltr'>ad</span> <span class='ocrx_word' id='word_1_99' title='bbox 705 955 773 983; x_wconf 88' lang='lat' dir='ltr'>me</span> <span class='ocrx_word' id='word_1_100' title='bbox 814 955 936 982; x_wconf 89' lang='lat' dir='ltr'>soror</span> <span class='ocrx_word' id='word_1_101' title='bbox 968 940 1138 982; x_wconf 84' lang='lat' dir='ltr'>Vidua1</span> <span class='ocrx_word' id='word_1_102' title='bbox 1179 954 1225 982; x_wconf 92' lang='lat' dir='ltr'>se</span> <span class='ocrx_word' id='word_1_103' title='bbox 1269 940 1439 994; x_wconf 90' lang='lat' dir='ltr'>publico</span> <span class='ocrx_word' id='word_1_104' title='bbox 1472 940 1758 982; x_wconf 88' lang='lat' dir='ltr'>instrumento</span> <span class='ocrx_word' id='word_1_105' title='bbox 1790 940 1985 981; x_wconf 89' lang='lat' dir='ltr'>firmasse</span> 
     </span>
     <span class='ocr_line' id='line_1_12' title="bbox 237 1003 1987 1060; baseline -0.001 -12"><span class='ocrx_word' id='word_1_106' title='bbox 237 1007 524 1057; x_wconf 75' lang='lat' dir='ltr'>donationem,</span> <span class='ocrx_word' id='word_1_107' title='bbox 568 1005 680 1060; x_wconf 88' lang='lat' dir='ltr'>quod</span> <span class='ocrx_word' id='word_1_108' title='bbox 721 1006 828 1048; x_wconf 88' lang='lat' dir='ltr'>velit</span> <span class='ocrx_word' id='word_1_109' title='bbox 870 1005 1100 1059; x_wconf 79' lang='lat' dir='ltr'>quotannis</span> <span class='ocrx_word' id='word_1_110' title='bbox 1142 1005 1276 1046; x_wconf 89' lang='lat' dir='ltr'>donec</span> <span class='ocrx_word' id='word_1_111' title='bbox 1310 1004 1454 1047; x_wconf 90' lang='lat' dir='ltr'>viuam</span> <span class='ocrx_word' id='word_1_112' title='bbox 1496 1018 1723 1046; x_wconf 86' lang='lat' dir='ltr'>numerare</span> <span class='ocrx_word' id='word_1_113' title='bbox 1763 1003 1865 1045; x_wconf 91' lang='lat' dir='ltr'>mihi</span> <span class='ocrx_word' id='word_1_114' title='bbox 1908 1005 1987 1046; x_wconf 74' lang='lat'>30³</span> 
     </span>
     <span class='ocr_line' id='line_1_13' title="bbox 236 1068 1985 1126; baseline -0.002 -13"><span class='ocrx_word' id='word_1_115' title='bbox 236 1072 418 1114; x_wconf 90' lang='lat' dir='ltr'>daleros.</span> <span class='ocrx_word' id='word_1_116' title='bbox 483 1071 737 1126; x_wconf 83' lang='lat' dir='ltr'>Respondeo</span> <span class='ocrx_word' id='word_1_117' title='bbox 771 1070 985 1113; x_wconf 87' lang='lat' dir='ltr'>adiunctis</span> <span class='ocrx_word' id='word_1_118' title='bbox 1032 1070 1169 1113; x_wconf 87' lang='lat' dir='ltr'>literis</span> <span class='ocrx_word' id='word_1_119' title='bbox 1217 1083 1385 1122; x_wconf 86' lang='lat' dir='ltr'>agoque</span> <span class='ocrx_word' id='word_1_120' title='bbox 1418 1069 1584 1123; x_wconf 82' lang='lat' dir='ltr'>gratias</span> <span class='ocrx_word' id='word_1_121' title='bbox 1598 1071 1626 1111; x_wconf 73' lang='lat'>2.</span> <span class='ocrx_word' id='word_1_122' title='bbox 1702 1069 1807 1110; x_wconf 87' lang='lat' dir='ltr'>Peto</span> <span class='ocrx_word' id='word_1_123' title='bbox 1855 1068 1985 1110; x_wconf 87' lang='lat' dir='ltr'>etiam</span> 
     </span>
     <span class='ocr_line' id='line_1_14' title="bbox 237 1132 1985 1190; baseline -0.003 -12"><span class='ocrx_word' id='word_1_124' title='bbox 237 1136 440 1190; x_wconf 90' lang='lat' dir='ltr'>quidquid</span> <span class='ocrx_word' id='word_1_125' title='bbox 483 1136 526 1177; x_wconf 89' lang='lat' dir='ltr'>in</span> <span class='ocrx_word' id='word_1_126' title='bbox 570 1151 638 1178; x_wconf 91' lang='lat' dir='ltr'>me</span> <span class='ocrx_word' id='word_1_127' title='bbox 680 1136 883 1178; x_wconf 87' lang='lat' dir='ltr'>collatum</span> <span class='ocrx_word' id='word_1_128' title='bbox 926 1135 1051 1185; x_wconf 85' lang='lat' dir='ltr'>velit,</span> <span class='ocrx_word' id='word_1_129' title='bbox 1095 1134 1275 1187; x_wconf 83' lang='lat' dir='ltr'>collegio</span> <span class='ocrx_word' id='word_1_130' title='bbox 1317 1138 1462 1176; x_wconf 88' lang='lat' dir='ltr'>vestro</span> <span class='ocrx_word' id='word_1_131' title='bbox 1495 1132 1735 1176; x_wconf 82' lang='lat' dir='ltr'>Coloniensi</span> <span class='ocrx_word' id='word_1_132' title='bbox 1776 1133 1985 1187; x_wconf 76' lang='lat' dir='ltr'>applicet:</span> 
     </span>
     <span class='ocr_line' id='line_1_15' title="bbox 236 1197 1986 1253; baseline -0.003 -10"><span class='ocrx_word' id='word_1_133' title='bbox 236 1202 315 1243; x_wconf 92' lang='lat' dir='ltr'>hoc</span> <span class='ocrx_word' id='word_1_134' title='bbox 347 1215 432 1243; x_wconf 91' lang='lat' dir='ltr'>non</span> <span class='ocrx_word' id='word_1_135' title='bbox 463 1201 600 1243; x_wconf 88' lang='lat' dir='ltr'>solum</span> <span class='ocrx_word' id='word_1_136' title='bbox 633 1201 676 1242; x_wconf 89' lang='lat' dir='ltr'>in</span> <span class='ocrx_word' id='word_1_137' title='bbox 708 1215 777 1242; x_wconf 91' lang='lat' dir='ltr'>me</span> <span class='ocrx_word' id='word_1_138' title='bbox 809 1201 885 1242; x_wconf 89' lang='lat' dir='ltr'>sed</span> <span class='ocrx_word' id='word_1_139' title='bbox 916 1200 959 1241; x_wconf 88' lang='lat' dir='ltr'>in</span> <span class='ocrx_word' id='word_1_140' title='bbox 986 1200 1204 1242; x_wconf 85' lang='lat' dir='ltr'>Christum</span> <span class='ocrx_word' id='word_1_141' title='bbox 1235 1199 1376 1253; x_wconf 90' lang='lat' dir='ltr'>ipsum</span> <span class='ocrx_word' id='word_1_142' title='bbox 1407 1199 1611 1241; x_wconf 90' lang='lat' dir='ltr'>collatum</span> <span class='ocrx_word' id='word_1_143' title='bbox 1649 1197 1797 1240; x_wconf 88' lang='lat' dir='ltr'>videri.</span> <span class='ocrx_word' id='word_1_144' title='bbox 1846 1197 1986 1247; x_wconf 82' lang='lat' dir='ltr'>Quare</span> 
     </span>
     <span class='ocr_line' id='line_1_16' title="bbox 234 1261 1985 1318; baseline -0.003 -10"><span class='ocrx_word' id='word_1_145' title='bbox 234 1281 320 1308; x_wconf 91' lang='lat' dir='ltr'>non</span> <span class='ocrx_word' id='word_1_146' title='bbox 352 1266 434 1309; x_wconf 90' lang='lat' dir='ltr'>erit</span> <span class='ocrx_word' id='word_1_147' title='bbox 476 1267 552 1308; x_wconf 89' lang='lat' dir='ltr'>abs</span> <span class='ocrx_word' id='word_1_148' title='bbox 592 1280 639 1307; x_wconf 86' lang='lat' dir='ltr'>re</span> <span class='ocrx_word' id='word_1_149' title='bbox 671 1269 719 1308; x_wconf 89' lang='lat' dir='ltr'>vt</span> <span class='ocrx_word' id='word_1_150' title='bbox 760 1265 796 1307; x_wconf 88' lang='lat' dir='ltr'>si</span> <span class='ocrx_word' id='word_1_151' title='bbox 829 1265 999 1318; x_wconf 89' lang='lat' dir='ltr'>quando</span> <span class='ocrx_word' id='word_1_152' title='bbox 1040 1278 1087 1307; x_wconf 87' lang='lat' dir='ltr'>se</span> <span class='ocrx_word' id='word_1_153' title='bbox 1119 1264 1271 1306; x_wconf 89' lang='lat' dir='ltr'>offeret</span> <span class='ocrx_word' id='word_1_154' title='bbox 1303 1263 1484 1313; x_wconf 83' lang='lat' dir='ltr'>occasio,</span> <span class='ocrx_word' id='word_1_155' title='bbox 1520 1265 1709 1305; x_wconf 88' lang='lat' dir='ltr'>vestrum</span> <span class='ocrx_word' id='word_1_156' title='bbox 1744 1275 1911 1316; x_wconf 89' lang='lat' dir='ltr'>quoque</span> <span class='ocrx_word' id='word_1_157' title='bbox 1943 1261 1985 1303; x_wconf 88' lang='lat' dir='ltr'>in</span> 
     </span>
     <span class='ocr_line' id='line_1_17' title="bbox 236 1331 1396 1385; baseline -0.003 -11"><span class='ocrx_word' id='word_1_158' title='bbox 236 1331 519 1385; x_wconf 83' lang='lat' dir='ltr'>gratificando</span> <span class='ocrx_word' id='word_1_159' title='bbox 552 1331 741 1373; x_wconf 88' lang='lat' dir='ltr'>studium</span> <span class='ocrx_word' id='word_1_160' title='bbox 773 1331 848 1372; x_wconf 88' lang='lat' dir='ltr'>illa</span> <span class='ocrx_word' id='word_1_161' title='bbox 880 1333 1113 1383; x_wconf 82' lang='lat' dir='ltr'>cognoscat</span> <span class='ocrx_word' id='word_1_162' title='bbox 1147 1335 1217 1372; x_wconf 75' lang='lat' dir='ltr'>etc.</span> <span class='ocrx_word' id='word_1_163' title='bbox 1251 1353 1306 1356; x_wconf 79' lang='lat'>—</span> <span class='ocrx_word' id='word_1_164' title='bbox 1340 1354 1396 1358; x_wconf 88' lang='lat'>—</span> 
     </span>
    </p>
   </div>
   <div class='ocr_carea' id='block_1_8' title="bbox 237 1412 1986 1522">
    <p class='ocr_par' dir='ltr' id='par_1_8' title="bbox 237 1412 1986 1522">
     <span class='ocr_line' id='line_1_18' title="bbox 353 1412 1986 1469; baseline -0.003 -12"><span class='ocrx_word' id='word_1_165' title='bbox 353 1425 569 1469; x_wconf 85' lang='lat' dir='ltr'>Apographo</span> <span class='ocrx_word' id='word_1_166' title='bbox 595 1425 718 1458; x_wconf 86' lang='lat' dir='ltr'>eadem</span> <span class='ocrx_word' id='word_1_167' title='bbox 744 1435 851 1457; x_wconf 89' lang='lat' dir='ltr'>manu</span> <span class='ocrx_word' id='word_1_168' title='bbox 878 1423 967 1457; x_wconf 86' lang='lat' dir='ltr'>haec</span> <span class='ocrx_word' id='word_1_169' title='bbox 993 1423 1166 1467; x_wconf 86' lang='lat' dir='ltr'>inscripta</span> <span class='ocrx_word' id='word_1_170' title='bbox 1191 1424 1293 1456; x_wconf 86' lang='lat' dir='ltr'>sunt:</span> <span class='ocrx_word' id='word_1_171' title='bbox 1326 1421 1399 1463; x_wconf 84' lang='lat' dir='ltr'>„Ex</span> <span class='ocrx_word' id='word_1_172' title='bbox 1426 1412 1538 1455; x_wconf 82' lang='lat' dir='ltr'>literis</span> <span class='ocrx_word' id='word_1_173' title='bbox 1563 1420 1602 1454; x_wconf 82' lang='lat' dir='ltr'>P.</span> <span class='ocrx_word' id='word_1_174' title='bbox 1623 1419 1754 1464; x_wconf 86' lang='lat' dir='ltr'>Canisij</span> <span class='ocrx_word' id='word_1_175' title='bbox 1782 1419 1802 1453; x_wconf 82' lang='lat'><em>8</em></span> <span class='ocrx_word' id='word_1_176' title='bbox 1822 1418 1986 1459; x_wconf 79' lang='lat' dir='ltr'>Octobris</span> 
     </span>
     <span class='ocr_line' id='line_1_19' title="bbox 237 1472 1986 1522; baseline -0.003 -11"><span class='ocrx_word' id='word_1_177' title='bbox 237 1477 427 1522; x_wconf 89' lang='lat' dir='ltr'>Oeniponti</span> <span class='ocrx_word' id='word_1_178' title='bbox 454 1478 634 1522; x_wconf 86' lang='lat' dir='ltr'>scriptis“.</span> <span class='ocrx_word' id='word_1_179' title='bbox 685 1477 841 1511; x_wconf 76' lang='lat' dir='ltr'>Litteras</span> <span class='ocrx_word' id='word_1_180' title='bbox 878 1477 921 1510; x_wconf 88' lang='lat' dir='ltr'>ad</span> <span class='ocrx_word' id='word_1_181' title='bbox 949 1475 1150 1510; x_wconf 86' lang='lat' dir='ltr'>Kesselium</span> <span class='ocrx_word' id='word_1_182' title='bbox 1187 1475 1290 1509; x_wconf 85' lang='lat' dir='ltr'>datas</span> <span class='ocrx_word' id='word_1_183' title='bbox 1318 1486 1397 1508; x_wconf 89' lang='lat' dir='ltr'>esse</span> <span class='ocrx_word' id='word_1_184' title='bbox 1424 1473 1653 1517; x_wconf 81' lang='lat' dir='ltr'>cognoscitur</span> <span class='ocrx_word' id='word_1_185' title='bbox 1689 1484 1733 1506; x_wconf 87' lang='lat' dir='ltr'>ex</span> <span class='ocrx_word' id='word_1_186' title='bbox 1766 1472 1854 1517; x_wconf 86' lang='lat' dir='ltr'>ipsis</span> <span class='ocrx_word' id='word_1_187' title='bbox 1880 1472 1986 1506; x_wconf 90' lang='lat' dir='ltr'>rebus</span> 
     </span>
    </p>
   </div>
   <div class='ocr_carea' id='block_1_9' title="bbox 234 1530 1988 2423">
    <p class='ocr_par' dir='ltr' id='par_1_9' title="bbox 237 1530 698 1574">
     <span class='ocr_line' id='line_1_20' title="bbox 237 1530 698 1574; baseline 0.002 -11"><span class='ocrx_word' id='word_1_188' title='bbox 237 1541 327 1574; x_wconf 85' lang='lat' dir='ltr'>quae</span> <span class='ocrx_word' id='word_1_189' title='bbox 352 1531 388 1564; x_wconf 89' lang='lat' dir='ltr'>in</span> <span class='ocrx_word' id='word_1_190' title='bbox 414 1530 458 1564; x_wconf 89' lang='lat' dir='ltr'>iis</span> <span class='ocrx_word' id='word_1_191' title='bbox 484 1533 698 1564; x_wconf 75' lang='lat' dir='ltr'>tractantur.</span> 
     </span>
    </p>

    <p class='ocr_par' dir='ltr' id='par_1_10' title="bbox 234 1578 1988 1997">
     <span class='ocr_line' id='line_1_21' title="bbox 353 1578 1985 1628; baseline -0.003 -12"><span class='ocrx_word' id='word_1_192' title='bbox 353 1583 519 1618; x_wconf 88' lang='lat' dir='ltr'>Dubitari</span> <span class='ocrx_word' id='word_1_193' title='bbox 537 1584 598 1617; x_wconf 87' lang='lat' dir='ltr'>vix</span> <span class='ocrx_word' id='word_1_194' title='bbox 616 1585 745 1628; x_wconf 79' lang='lat' dir='ltr'>potest,</span> <span class='ocrx_word' id='word_1_195' title='bbox 769 1582 854 1626; x_wconf 88' lang='lat' dir='ltr'>quin</span> <span class='ocrx_word' id='word_1_196' title='bbox 873 1582 1038 1616; x_wconf 85' lang='lat' dir='ltr'>Oanisius</span> <span class='ocrx_word' id='word_1_197' title='bbox 1057 1582 1099 1615; x_wconf 89' lang='lat' dir='ltr'>de</span> <span class='ocrx_word' id='word_1_198' title='bbox 1118 1581 1249 1615; x_wconf 87' lang='lat' dir='ltr'>sororis</span> <span class='ocrx_word' id='word_1_199' title='bbox 1271 1580 1499 1623; x_wconf 78' lang='lat' dir='ltr'>„donatione“</span> <span class='ocrx_word' id='word_1_200' title='bbox 1523 1579 1558 1613; x_wconf 90' lang='lat' dir='ltr'>in</span> <span class='ocrx_word' id='word_1_201' title='bbox 1577 1578 1765 1622; x_wconf 85' lang='lat' dir='ltr'>collegium</span> <span class='ocrx_word' id='word_1_202' title='bbox 1785 1578 1985 1612; x_wconf 86' lang='lat' dir='ltr'>coloniense</span> 
     </span>
     <span class='ocr_line' id='line_1_22' title="bbox 235 1630 1987 1679; baseline -0.003 -9"><span class='ocrx_word' id='word_1_203' title='bbox 235 1636 449 1670; x_wconf 86' lang='lat' dir='ltr'>conferenda</span> <span class='ocrx_word' id='word_1_204' title='bbox 484 1636 703 1671; x_wconf 90' lang='lat' dir='ltr'>consuluerit</span> <span class='ocrx_word' id='word_1_205' title='bbox 738 1635 776 1670; x_wconf 90' lang='lat' dir='ltr'>P.</span> <span class='ocrx_word' id='word_1_206' title='bbox 804 1635 969 1670; x_wconf 86' lang='lat' dir='ltr'>Natalem</span> <span class='ocrx_word' id='word_1_207' title='bbox 995 1634 1191 1679; x_wconf 86' lang='lat' dir='ltr'>Oeniponte</span> <span class='ocrx_word' id='word_1_208' title='bbox 1226 1644 1347 1668; x_wconf 89' lang='lat' dir='ltr'>secum</span> <span class='ocrx_word' id='word_1_209' title='bbox 1374 1634 1592 1672; x_wconf 82' lang='lat' dir='ltr'>versantem,</span> <span class='ocrx_word' id='word_1_210' title='bbox 1628 1633 1688 1676; x_wconf 90' lang='lat' dir='ltr'>qui</span> <span class='ocrx_word' id='word_1_211' title='bbox 1726 1632 1761 1665; x_wconf 91' lang='lat' dir='ltr'>in</span> <span class='ocrx_word' id='word_1_212' title='bbox 1797 1630 1987 1665; x_wconf 82' lang='lat' dir='ltr'>Germania</span> 
     </span>
     <span class='ocr_line' id='line_1_23' title="bbox 235 1685 1988 1734; baseline -0.003 -11"><span class='ocrx_word' id='word_1_213' title='bbox 235 1690 429 1734; x_wconf 85' lang='lat' dir='ltr'>praepositi</span> <span class='ocrx_word' id='word_1_214' title='bbox 465 1689 644 1732; x_wconf 81' lang='lat' dir='ltr'>generalis</span> <span class='ocrx_word' id='word_1_215' title='bbox 679 1690 777 1723; x_wconf 89' lang='lat' dir='ltr'>vices</span> <span class='ocrx_word' id='word_1_216' title='bbox 811 1688 943 1732; x_wconf 84' lang='lat' dir='ltr'>agebat</span> <span class='ocrx_word' id='word_1_217' title='bbox 981 1688 1215 1731; x_wconf 89' lang='lat' dir='ltr'>omnibusque</span> <span class='ocrx_word' id='word_1_218' title='bbox 1253 1687 1365 1731; x_wconf 89' lang='lat' dir='ltr'>ipsius</span> <span class='ocrx_word' id='word_1_219' title='bbox 1405 1685 1638 1720; x_wconf 84' lang='lat' dir='ltr'>facultatibus</span> <span class='ocrx_word' id='word_1_220' title='bbox 1676 1685 1874 1718; x_wconf 88' lang='lat' dir='ltr'>instructus</span> <span class='ocrx_word' id='word_1_221' title='bbox 1912 1686 1988 1718; x_wconf 83' lang='lat' dir='ltr'>erat</span> 
     </span>
     <span class='ocr_line' id='line_1_24' title="bbox 237 1737 1985 1786; baseline -0.003 -10"><span class='ocrx_word' id='word_1_222' title='bbox 237 1742 341 1786; x_wconf 89' lang='lat' dir='ltr'>(Epp.</span> <span class='ocrx_word' id='word_1_223' title='bbox 368 1743 489 1776; x_wconf 78' lang='lat' dir='ltr'>Nadal</span> <span class='ocrx_word' id='word_1_224' title='bbox 514 1743 564 1776; x_wconf 84' lang='lat' dir='ltr'>HI</span> <span class='ocrx_word' id='word_1_225' title='bbox 594 1742 713 1786; x_wconf 81' lang='lat'>1-2).</span> <span class='ocrx_word' id='word_1_226' title='bbox 759 1742 926 1775; x_wconf 82' lang='lat' dir='ltr'>Fortasse</span> <span class='ocrx_word' id='word_1_227' title='bbox 953 1741 1019 1774; x_wconf 86' lang='lat' dir='ltr'>hac</span> <span class='ocrx_word' id='word_1_228' title='bbox 1046 1741 1124 1785; x_wconf 85' lang='lat' dir='ltr'>ipsa</span> <span class='ocrx_word' id='word_1_229' title='bbox 1151 1752 1195 1774; x_wconf 86' lang='lat' dir='ltr'>ex</span> <span class='ocrx_word' id='word_1_230' title='bbox 1222 1751 1331 1774; x_wconf 84' lang='lat' dir='ltr'>causa</span> <span class='ocrx_word' id='word_1_231' title='bbox 1356 1751 1426 1772; x_wconf 91' lang='lat' dir='ltr'>non</span> <span class='ocrx_word' id='word_1_232' title='bbox 1453 1739 1483 1772; x_wconf 89' lang='lat' dir='ltr'>d.</span> <span class='ocrx_word' id='word_1_233' title='bbox 1512 1739 1543 1772; x_wconf 81' lang='lat'>2.</span> <span class='ocrx_word' id='word_1_234' title='bbox 1564 1738 1728 1772; x_wconf 85' lang='lat' dir='ltr'>Octobris</span> <span class='ocrx_word' id='word_1_235' title='bbox 1755 1737 1851 1780; x_wconf 88' lang='lat' dir='ltr'>(vide</span> <span class='ocrx_word' id='word_1_236' title='bbox 1878 1749 1985 1782; x_wconf 84' lang='lat' dir='ltr'>supra</span> 
     </span>
     <span class='ocr_line' id='line_1_25' title="bbox 235 1790 1986 1839; baseline -0.003 -10"><span class='ocrx_word' id='word_1_237' title='bbox 235 1807 267 1839; x_wconf 92' lang='lat' dir='ltr'>p.</span> <span class='ocrx_word' id='word_1_238' title='bbox 295 1795 390 1838; x_wconf 81' lang='lat'><strong>327),</strong></span> <span class='ocrx_word' id='word_1_239' title='bbox 416 1795 479 1829; x_wconf 88' lang='lat' dir='ltr'>sed</span> <span class='ocrx_word' id='word_1_240' title='bbox 507 1795 539 1829; x_wconf 78' lang='lat'>8.</span> <span class='ocrx_word' id='word_1_241' title='bbox 567 1795 729 1829; x_wconf 85' lang='lat' dir='ltr'>Kesselio</span> <span class='ocrx_word' id='word_1_242' title='bbox 757 1795 799 1828; x_wconf 91' lang='lat' dir='ltr'>de</span> <span class='ocrx_word' id='word_1_243' title='bbox 825 1794 893 1828; x_wconf 87' lang='lat' dir='ltr'>hac</span> <span class='ocrx_word' id='word_1_244' title='bbox 921 1806 957 1827; x_wconf 90' lang='lat' dir='ltr'>re</span> <span class='ocrx_word' id='word_1_245' title='bbox 983 1794 1138 1838; x_wconf 74' lang='lat' dir='ltr'>scripsit,</span> <span class='ocrx_word' id='word_1_246' title='bbox 1167 1793 1259 1837; x_wconf 88' lang='lat' dir='ltr'>quod</span> <span class='ocrx_word' id='word_1_247' title='bbox 1286 1792 1439 1837; x_wconf 90' lang='lat' dir='ltr'>primum</span> <span class='ocrx_word' id='word_1_248' title='bbox 1467 1803 1545 1826; x_wconf 87' lang='lat' dir='ltr'>cum</span> <span class='ocrx_word' id='word_1_249' title='bbox 1572 1790 1701 1824; x_wconf 87' lang='lat' dir='ltr'>Natale</span> <span class='ocrx_word' id='word_1_250' title='bbox 1727 1802 1805 1824; x_wconf 82' lang='lat' dir='ltr'>eam</span> <span class='ocrx_word' id='word_1_251' title='bbox 1831 1793 1986 1824; x_wconf 83' lang='lat' dir='ltr'>tractare</span> 
     </span>
     <span class='ocr_line' id='line_1_26' title="bbox 234 1844 1986 1892; baseline -0.003 -10"><span class='ocrx_word' id='word_1_252' title='bbox 234 1847 388 1882; x_wconf 86' lang='lat' dir='ltr'>volebat.</span> <span class='ocrx_word' id='word_1_253' title='bbox 450 1848 579 1882; x_wconf 84' lang='lat' dir='ltr'>Postea</span> <span class='ocrx_word' id='word_1_254' title='bbox 617 1848 662 1892; x_wconf 88' lang='lat' dir='ltr'>(a.</span> <span class='ocrx_word' id='word_1_255' title='bbox 692 1848 797 1890; x_wconf 73' lang='lat'>1682)</span> <span class='ocrx_word' id='word_1_256' title='bbox 836 1848 870 1880; x_wconf 89' lang='lat' dir='ltr'>in</span> <span class='ocrx_word' id='word_1_257' title='bbox 907 1847 1084 1881; x_wconf 83' lang='lat' dir='ltr'>Societate</span> <span class='ocrx_word' id='word_1_258' title='bbox 1118 1846 1287 1880; x_wconf 86' lang='lat' dir='ltr'>universa</span> <span class='ocrx_word' id='word_1_259' title='bbox 1321 1845 1555 1879; x_wconf 88' lang='lat' dir='ltr'>constitutum</span> <span class='ocrx_word' id='word_1_260' title='bbox 1591 1846 1664 1884; x_wconf 87' lang='lat' dir='ltr'>est,</span> <span class='ocrx_word' id='word_1_261' title='bbox 1701 1846 1740 1877; x_wconf 92' lang='lat' dir='ltr'>ut</span> <span class='ocrx_word' id='word_1_262' title='bbox 1778 1844 1986 1888; x_wconf 78' lang='lat' dir='ltr'>„pensiones</span> 
     </span>
     <span class='ocr_line' id='line_1_27' title="bbox 235 1897 1981 1945; baseline -0.003 -10"><span class='ocrx_word' id='word_1_263' title='bbox 235 1901 447 1942; x_wconf 87' lang='lat' dir='ltr'>huiusmodi,</span> <span class='ocrx_word' id='word_1_264' title='bbox 484 1901 599 1945; x_wconf 80' lang='lat' dir='ltr'>quoad</span> <span class='ocrx_word' id='word_1_265' title='bbox 635 1901 711 1935; x_wconf 89' lang='lat' dir='ltr'>eius</span> <span class='ocrx_word' id='word_1_266' title='bbox 745 1900 822 1934; x_wconf 85' lang='lat' dir='ltr'>fieri</span> <span class='ocrx_word' id='word_1_267' title='bbox 850 1902 980 1944; x_wconf 81' lang='lat' dir='ltr'>posset,</span> <span class='ocrx_word' id='word_1_268' title='bbox 1017 1901 1114 1933; x_wconf 82' lang='lat' dir='ltr'>certo</span> <span class='ocrx_word' id='word_1_269' title='bbox 1141 1899 1247 1933; x_wconf 86' lang='lat' dir='ltr'>alicui</span> <span class='ocrx_word' id='word_1_270' title='bbox 1274 1897 1464 1932; x_wconf 80' lang='lat' dir='ltr'>Societatis</span> <span class='ocrx_word' id='word_1_271' title='bbox 1490 1897 1666 1931; x_wconf 88' lang='lat' dir='ltr'>domicilio</span> <span class='ocrx_word' id='word_1_272' title='bbox 1699 1897 1981 1941; x_wconf 74' lang='lat' dir='ltr'>applicarentur“</span> 
     </span>
     <span class='ocr_line' id='line_1_28' title="bbox 239 1951 1352 1997; baseline -0.003 -9"><span class='ocrx_word' id='word_1_273' title='bbox 239 1954 383 1997; x_wconf 81' lang='lat' dir='ltr'>(Congr.</span> <span class='ocrx_word' id='word_1_274' title='bbox 410 1954 488 1993; x_wconf 85' lang='lat' dir='ltr'>XII,</span> <span class='ocrx_word' id='word_1_275' title='bbox 515 1955 607 1990; x_wconf 87' lang='lat' dir='ltr'>decr.</span> <span class='ocrx_word' id='word_1_276' title='bbox 635 1955 690 1994; x_wconf 79' lang='lat'>37,</span> <span class='ocrx_word' id='word_1_277' title='bbox 717 1965 749 1987; x_wconf 93' lang='lat' dir='ltr'>n.</span> <span class='ocrx_word' id='word_1_278' title='bbox 778 1953 816 1994; x_wconf 78' lang='lat'>23</span> <span class='ocrx_word' id='word_1_279' title='bbox 846 1955 1051 1987; x_wconf 77' lang='lat' dir='ltr'>Institutum</span> <span class='ocrx_word' id='word_1_280' title='bbox 1077 1951 1111 1986; x_wconf 81' lang='lat' dir='ltr'>S.</span> <span class='ocrx_word' id='word_1_281' title='bbox 1136 1953 1167 1986; x_wconf 84' lang='lat' dir='ltr'>J.</span> <span class='ocrx_word' id='word_1_282' title='bbox 1196 1952 1227 1985; x_wconf 86' lang='lat' dir='ltr'>ll</span> <span class='ocrx_word' id='word_1_283' title='bbox 1255 1951 1352 1994; x_wconf 78' lang='lat'>398).</span> 
     </span>
    </p>

    <p class='ocr_par' dir='ltr' id='par_1_11' title="bbox 235 2002 1986 2423">
     <span class='ocr_line' id='line_1_29' title="bbox 351 2002 1986 2050; baseline -0.003 -9"><span class='ocrx_word' id='word_1_284' title='bbox 351 2006 480 2041; x_wconf 87' lang='lat' dir='ltr'>Nescio</span> <span class='ocrx_word' id='word_1_285' title='bbox 507 2019 552 2041; x_wconf 84' lang='lat' dir='ltr'>an</span> <span class='ocrx_word' id='word_1_286' title='bbox 579 2019 624 2040; x_wconf 78' lang='lat' dir='ltr'>ex</span> <span class='ocrx_word' id='word_1_287' title='bbox 649 2007 705 2041; x_wconf 89' lang='lat' dir='ltr'>his</span> <span class='ocrx_word' id='word_1_288' title='bbox 732 2009 768 2040; x_wconf 92' lang='lat' dir='ltr'>et</span> <span class='ocrx_word' id='word_1_289' title='bbox 795 2018 838 2040; x_wconf 83' lang='lat' dir='ltr'>ex</span> <span class='ocrx_word' id='word_1_290' title='bbox 865 2005 1109 2050; x_wconf 89' lang='lat' dir='ltr'>superioribus</span> <span class='ocrx_word' id='word_1_291' title='bbox 1138 2006 1261 2049; x_wconf 85' lang='lat' dir='ltr'>(supra</span> <span class='ocrx_word' id='word_1_292' title='bbox 1288 2016 1320 2048; x_wconf 87' lang='lat' dir='ltr'>p.</span> <span class='ocrx_word' id='word_1_293' title='bbox 1346 2004 1430 2047; x_wconf 81' lang='lat'>334)</span> <span class='ocrx_word' id='word_1_294' title='bbox 1459 2003 1591 2038; x_wconf 87' lang='lat' dir='ltr'>Canisii</span> <span class='ocrx_word' id='word_1_295' title='bbox 1620 2003 1752 2037; x_wconf 90' lang='lat' dir='ltr'>litteris</span> <span class='ocrx_word' id='word_1_296' title='bbox 1778 2002 1986 2046; x_wconf 82' lang='lat' dir='ltr'>corrigenda</span> 
     </span>
     <span class='ocr_line' id='line_1_30' title="bbox 235 2056 1985 2104; baseline -0.003 -10"><span class='ocrx_word' id='word_1_297' title='bbox 235 2060 316 2101; x_wconf 88' lang='lat' dir='ltr'>sint,</span> <span class='ocrx_word' id='word_1_298' title='bbox 343 2071 434 2104; x_wconf 88' lang='lat' dir='ltr'>quae</span> <span class='ocrx_word' id='word_1_299' title='bbox 452 2061 617 2094; x_wconf 77' lang='lat' dir='ltr'>Raderns</span> <span class='ocrx_word' id='word_1_300' title='bbox 638 2060 738 2103; x_wconf 86' lang='lat' dir='ltr'>(Can.</span> <span class='ocrx_word' id='word_1_301' title='bbox 758 2058 961 2099; x_wconf 77' lang='lat'>222—223)</span> <span class='ocrx_word' id='word_1_302' title='bbox 982 2058 1127 2092; x_wconf 87' lang='lat' dir='ltr'>scribit:</span> <span class='ocrx_word' id='word_1_303' title='bbox 1155 2058 1303 2091; x_wconf 86' lang='lat' dir='ltr'>Ineunte</span> <span class='ocrx_word' id='word_1_304' title='bbox 1330 2068 1360 2090; x_wconf 88' lang='lat' dir='ltr'>a.</span> <span class='ocrx_word' id='word_1_305' title='bbox 1376 2057 1464 2090; x_wconf 84' lang='lat'>1544</span> <span class='ocrx_word' id='word_1_306' title='bbox 1483 2057 1706 2099; x_wconf 83' lang='lat' dir='ltr'>Noviomagi‚</span> <span class='ocrx_word' id='word_1_307' title='bbox 1732 2068 1811 2090; x_wconf 90' lang='lat' dir='ltr'>cum</span> <span class='ocrx_word' id='word_1_308' title='bbox 1838 2056 1985 2089; x_wconf 83' lang='lat' dir='ltr'>Iacobus</span> 
     </span>
     <span class='ocr_line' id='line_1_31' title="bbox 236 2109 1984 2158; baseline -0.003 -11"><span class='ocrx_word' id='word_1_309' title='bbox 236 2113 369 2147; x_wconf 76' lang='lat' dir='ltr'>canisii</span> <span class='ocrx_word' id='word_1_310' title='bbox 395 2115 496 2158; x_wconf 86' lang='lat' dir='ltr'>pater</span> <span class='ocrx_word' id='word_1_311' title='bbox 521 2114 597 2147; x_wconf 90' lang='lat' dir='ltr'>vita</span> <span class='ocrx_word' id='word_1_312' title='bbox 623 2113 803 2154; x_wconf 79' lang='lat' dir='ltr'>cessisset,</span> <span class='ocrx_word' id='word_1_313' title='bbox 831 2112 1013 2146; x_wconf 82' lang='lat' dir='ltr'>Canisium</span> <span class='ocrx_word' id='word_1_314' title='bbox 1039 2123 1059 2145; x_wconf 88' lang='lat' dir='ltr'>a</span> <span class='ocrx_word' id='word_1_315' title='bbox 1086 2110 1298 2144; x_wconf 45' lang='lat' dir='ltr'>&amp;Vendelina</span> <span class='ocrx_word' id='word_1_316' title='bbox 1325 2121 1445 2144; x_wconf 88' lang='lat' dir='ltr'>sorore</span> <span class='ocrx_word' id='word_1_317' title='bbox 1471 2110 1644 2143; x_wconf 89' lang='lat' dir='ltr'>monitum</span> <span class='ocrx_word' id='word_1_318' title='bbox 1672 2120 1760 2151; x_wconf 90' lang='lat' dir='ltr'>esse,</span> <span class='ocrx_word' id='word_1_319' title='bbox 1792 2112 1832 2143; x_wconf 91' lang='lat' dir='ltr'>ut</span> <span class='ocrx_word' id='word_1_320' title='bbox 1857 2109 1984 2143; x_wconf 89' lang='lat' dir='ltr'>saltem</span> 
     </span>
     <span class='ocr_line' id='line_1_32' title="bbox 236 2162 1983 2210; baseline -0.003 -9"><span class='ocrx_word' id='word_1_321' title='bbox 236 2166 368 2210; x_wconf 81' lang='lat' dir='ltr'>aliquid</span> <span class='ocrx_word' id='word_1_322' title='bbox 394 2168 565 2210; x_wconf 83' lang='lat' dir='ltr'>paternae</span> <span class='ocrx_word' id='word_1_323' title='bbox 591 2166 802 2200; x_wconf 85' lang='lat' dir='ltr'>hereditatis</span> <span class='ocrx_word' id='word_1_324' title='bbox 839 2165 873 2198; x_wconf 91' lang='lat' dir='ltr'>in</span> <span class='ocrx_word' id='word_1_325' title='bbox 908 2176 995 2198; x_wconf 89' lang='lat' dir='ltr'>usus</span> <span class='ocrx_word' id='word_1_326' title='bbox 1029 2164 1251 2198; x_wconf 85' lang='lat' dir='ltr'>necessarios</span> <span class='ocrx_word' id='word_1_327' title='bbox 1287 2165 1322 2197; x_wconf 87' lang='lat' dir='ltr'>et</span> <span class='ocrx_word' id='word_1_328' title='bbox 1358 2174 1461 2197; x_wconf 90' lang='lat' dir='ltr'>casus</span> <span class='ocrx_word' id='word_1_329' title='bbox 1488 2162 1631 2197; x_wconf 87' lang='lat' dir='ltr'>ultimos</span> <span class='ocrx_word' id='word_1_330' title='bbox 1666 2162 1732 2196; x_wconf 89' lang='lat' dir='ltr'>sibi</span> <span class='ocrx_word' id='word_1_331' title='bbox 1758 2162 1983 2201; x_wconf 86' lang='lat' dir='ltr'>reconderet;</span> 
     </span>
     <span class='ocr_line' id='line_1_33' title="bbox 239 2214 1985 2263; baseline -0.003 -9"><span class='ocrx_word' id='word_1_332' title='bbox 239 2220 483 2263; x_wconf 77' lang='lat' dir='ltr'>„addiditque“</span> <span class='ocrx_word' id='word_1_333' title='bbox 514 2231 613 2254; x_wconf 85' lang='lat' dir='ltr'>soror</span> <span class='ocrx_word' id='word_1_334' title='bbox 642 2219 704 2261; x_wconf 82' lang='lat' dir='ltr'>„de</span> <span class='ocrx_word' id='word_1_335' title='bbox 730 2231 794 2254; x_wconf 88' lang='lat' dir='ltr'>suo</span> <span class='ocrx_word' id='word_1_336' title='bbox 820 2230 858 2252; x_wconf 90' lang='lat' dir='ltr'>se</span> <span class='ocrx_word' id='word_1_337' title='bbox 885 2218 936 2251; x_wconf 91' lang='lat' dir='ltr'>illi</span> <span class='ocrx_word' id='word_1_338' title='bbox 964 2217 1155 2262; x_wconf 88' lang='lat' dir='ltr'>quotannis</span> <span class='ocrx_word' id='word_1_339' title='bbox 1181 2217 1332 2260; x_wconf 84' lang='lat' dir='ltr'>triginta</span> <span class='ocrx_word' id='word_1_340' title='bbox 1358 2227 1485 2250; x_wconf 89' lang='lat' dir='ltr'>aureos</span> <span class='ocrx_word' id='word_1_341' title='bbox 1511 2216 1741 2250; x_wconf 85' lang='lat' dir='ltr'>adiecturam.</span> <span class='ocrx_word' id='word_1_342' title='bbox 1781 2214 1891 2249; x_wconf 83' lang='lat' dir='ltr'>Grata</span> <span class='ocrx_word' id='word_1_343' title='bbox 1917 2214 1985 2248; x_wconf 82' lang='lat' dir='ltr'>fuit</span> 
     </span>
     <span class='ocr_line' id='line_1_34' title="bbox 236 2268 1985 2316; baseline -0.003 -9"><span class='ocrx_word' id='word_1_344' title='bbox 236 2272 376 2307; x_wconf 79' lang='lat' dir='ltr'>canisio</span> <span class='ocrx_word' id='word_1_345' title='bbox 402 2273 518 2316; x_wconf 89' lang='lat' dir='ltr'>pietas</span> <span class='ocrx_word' id='word_1_346' title='bbox 544 2273 685 2314; x_wconf 86' lang='lat' dir='ltr'>sororis,</span> <span class='ocrx_word' id='word_1_347' title='bbox 712 2272 775 2307; x_wconf 88' lang='lat' dir='ltr'>sed</span> <span class='ocrx_word' id='word_1_348' title='bbox 802 2271 945 2305; x_wconf 87' lang='lat' dir='ltr'>reiectis</span> <span class='ocrx_word' id='word_1_349' title='bbox 971 2270 1132 2304; x_wconf 89' lang='lat' dir='ltr'>omnibus</span> <span class='ocrx_word' id='word_1_350' title='bbox 1158 2270 1361 2314; x_wconf 89' lang='lat' dir='ltr'>respondit:</span> <span class='ocrx_word' id='word_1_351' title='bbox 1388 2269 1477 2302; x_wconf 87' lang='lat' dir='ltr'>nihil</span> <span class='ocrx_word' id='word_1_352' title='bbox 1503 2269 1570 2302; x_wconf 91' lang='lat' dir='ltr'>sibi</span> <span class='ocrx_word' id='word_1_353' title='bbox 1596 2268 1651 2302; x_wconf 88' lang='lat' dir='ltr'>his</span> <span class='ocrx_word' id='word_1_354' title='bbox 1677 2279 1764 2313; x_wconf 91' lang='lat' dir='ltr'>opus</span> <span class='ocrx_word' id='word_1_355' title='bbox 1791 2279 1888 2308; x_wconf 88' lang='lat' dir='ltr'>esse;</span> <span class='ocrx_word' id='word_1_356' title='bbox 1920 2278 1985 2301; x_wconf 83' lang='lat' dir='ltr'>sua</span> 
     </span>
     <span class='ocr_line' id='line_1_35' title="bbox 235 2321 1983 2370; baseline -0.004 -10"><span class='ocrx_word' id='word_1_357' title='bbox 235 2337 273 2360; x_wconf 89' lang='lat' dir='ltr'>se</span> <span class='ocrx_word' id='word_1_358' title='bbox 300 2326 331 2359; x_wconf 92' lang='lat' dir='ltr'>ei</span> <span class='ocrx_word' id='word_1_359' title='bbox 357 2325 560 2368; x_wconf 81' lang='lat' dir='ltr'>cre-didisse,</span> <span class='ocrx_word' id='word_1_360' title='bbox 588 2325 647 2370; x_wconf 87' lang='lat' dir='ltr'>qui</span> <span class='ocrx_word' id='word_1_361' title='bbox 673 2325 874 2370; x_wconf 85' lang='lat' dir='ltr'>possideret</span> <span class='ocrx_word' id='word_1_362' title='bbox 900 2323 1026 2364; x_wconf 81' lang='lat' dir='ltr'>omnia,</span> <span class='ocrx_word' id='word_1_363' title='bbox 1054 2325 1089 2357; x_wconf 91' lang='lat' dir='ltr'>et</span> <span class='ocrx_word' id='word_1_364' title='bbox 1115 2323 1173 2367; x_wconf 92' lang='lat' dir='ltr'>qui</span> <span class='ocrx_word' id='word_1_365' title='bbox 1201 2322 1368 2367; x_wconf 90' lang='lat' dir='ltr'>centuplo</span> <span class='ocrx_word' id='word_1_366' title='bbox 1395 2324 1642 2366; x_wconf 83' lang='lat' dir='ltr'>compensaret</span> <span class='ocrx_word' id='word_1_367' title='bbox 1668 2321 1704 2355; x_wconf 92' lang='lat' dir='ltr'>in</span> <span class='ocrx_word' id='word_1_368' title='bbox 1730 2321 1920 2365; x_wconf 71' lang='lat' dir='ltr'>praesenti,</span> <span class='ocrx_word' id='word_1_369' title='bbox 1949 2322 1983 2353; x_wconf 85' lang='lat' dir='ltr'>et</span> 
     </span>
     <span class='ocr_line' id='line_1_36' title="bbox 236 2377 1163 2423; baseline -0.003 -11"><span class='ocrx_word' id='word_1_370' title='bbox 236 2379 402 2423; x_wconf 89' lang='lat' dir='ltr'>deinceps</span> <span class='ocrx_word' id='word_1_371' title='bbox 429 2379 540 2412; x_wconf 88' lang='lat' dir='ltr'>vitam</span> <span class='ocrx_word' id='word_1_372' title='bbox 569 2380 766 2423; x_wconf 84' lang='lat' dir='ltr'>praestaret</span> <span class='ocrx_word' id='word_1_373' title='bbox 791 2377 1064 2421; x_wconf 69' lang='lat' dir='ltr'>sempiternam⁹⁵</span> <span class='ocrx_word' id='word_1_374' title='bbox 1095 2379 1163 2409; x_wconf 78' lang='lat' dir='ltr'>etc.</span> 
     </span>
    </p>
   </div>
   <div class='ocr_carea' id='block_1_10' title="bbox 236 2497 1982 2544">
    <p class='ocr_par' dir='ltr' id='par_1_12' title="bbox 236 2497 1982 2544">
     <span class='ocr_line' id='line_1_37' title="bbox 236 2497 1982 2544; baseline -0.004 -5"><span class='ocrx_word' id='word_1_375' title='bbox 236 2504 387 2540; x_wconf 76' lang='lat'>1366.</span> <span class='ocrx_word' id='word_1_376' title='bbox 486 2503 701 2539; x_wconf 84' lang='lat' dir='ltr'>CANISIUS</span> <span class='ocrx_word' id='word_1_377' title='bbox 738 2501 1000 2538; x_wconf 75' lang='lat' dir='ltr'><strong>SANGTO</strong></span> <span class='ocrx_word' id='word_1_378' title='bbox 1035 2499 1419 2537; x_wconf 76' lang='lat' dir='ltr'><strong>FRANGISGO</strong></span> <span class='ocrx_word' id='word_1_379' title='bbox 1447 2499 1537 2535; x_wconf 76' lang='grc' dir='ltr'>ΒΕ</span> <span class='ocrx_word' id='word_1_380' title='bbox 1564 2497 1848 2540; x_wconf 73' lang='lat' dir='ltr'>BoRG1A‚</span> <span class='ocrx_word' id='word_1_381' title='bbox 1884 2511 1982 2544; x_wconf 85' lang='lat' dir='ltr'>prae-</span> 
     </span>
    </p>
   </div>
   <div class='ocr_carea' id='block_1_11' title="bbox 399 2552 1934 2603">
    <p class='ocr_par' dir='ltr' id='par_1_13' title="bbox 399 2552 1934 2603">
     <span class='ocr_line' id='line_1_38' title="bbox 399 2552 1934 2603; baseline -0.004 -12"><span class='ocrx_word' id='word_1_382' title='bbox 399 2558 515 2603; x_wconf 88' lang='lat' dir='ltr'>posito</span> <span class='ocrx_word' id='word_1_383' title='bbox 541 2556 699 2601; x_wconf 84' lang='lat' dir='ltr'>generali</span> <span class='ocrx_word' id='word_1_384' title='bbox 726 2555 914 2590; x_wconf 85' lang='lat' dir='ltr'>Societatis</span> <span class='ocrx_word' id='word_1_385' title='bbox 942 2556 1031 2590; x_wconf 85' lang='lat' dir='ltr'>Iesu.</span> <span class='ocrx_word' id='word_1_386' title='bbox 1334 2553 1533 2598; x_wconf 89' lang='lat' dir='ltr'>Oeniponte</span> <span class='ocrx_word' id='word_1_387' title='bbox 1561 2553 1613 2586; x_wconf 84' lang='lat'>14.</span> <span class='ocrx_word' id='word_1_388' title='bbox 1642 2552 1806 2586; x_wconf 87' lang='lat' dir='ltr'>Octobris</span> <span class='ocrx_word' id='word_1_389' title='bbox 1835 2552 1934 2586; x_wconf 68' lang='lat'>1566:</span> 
     </span>
    </p>
   </div>
   <div class='ocr_carea' id='block_1_12' title="bbox 236 2621 1982 2776">
    <p class='ocr_par' dir='ltr' id='par_1_14' title="bbox 236 2621 1982 2776">
     <span class='ocr_line' id='line_1_39' title="bbox 354 2621 1979 2671; baseline -0.004 -10"><span class='ocrx_word' id='word_1_390' title='bbox 354 2628 408 2661; x_wconf 82' lang='lat' dir='ltr'>Ex</span> <span class='ocrx_word' id='word_1_391' title='bbox 434 2627 590 2671; x_wconf 84' lang='lat' dir='ltr'>imagine</span> <span class='ocrx_word' id='word_1_392' title='bbox 608 2626 891 2671; x_wconf 85' lang='lat' dir='ltr'>photographica</span> <span class='ocrx_word' id='word_1_393' title='bbox 908 2626 1108 2660; x_wconf 86' lang='lat' dir='ltr'>litterarum</span> <span class='ocrx_word' id='word_1_394' title='bbox 1131 2625 1203 2668; x_wconf 78' lang='lat'>(2⁰;</span> <span class='ocrx_word' id='word_1_395' title='bbox 1230 2625 1250 2657; x_wconf 84' lang='lat'>2</span> <span class='ocrx_word' id='word_1_396' title='bbox 1268 2636 1345 2669; x_wconf 85' lang='lat' dir='ltr'>pp.;</span> <span class='ocrx_word' id='word_1_397' title='bbox 1373 2624 1409 2657; x_wconf 91' lang='lat' dir='ltr'>in</span> <span class='ocrx_word' id='word_1_398' title='bbox 1427 2635 1461 2668; x_wconf 90' lang='lat' dir='ltr'>p.</span> <span class='ocrx_word' id='word_1_399' title='bbox 1479 2624 1502 2657; x_wconf 90' lang='lat'>4</span> <span class='ocrx_word' id='word_1_400' title='bbox 1527 2623 1631 2656; x_wconf 83' lang='lat' dir='ltr'>inser.</span> <span class='ocrx_word' id='word_1_401' title='bbox 1652 2624 1687 2655; x_wconf 90' lang='lat' dir='ltr'>et</span> <span class='ocrx_word' id='word_1_402' title='bbox 1704 2621 1877 2665; x_wconf 87' lang='lat' dir='ltr'>reliquiae</span> <span class='ocrx_word' id='word_1_403' title='bbox 1895 2622 1979 2665; x_wconf 83' lang='lat' dir='ltr'>sig.)</span> 
     </span>
     <span class='ocr_line' id='line_1_40' title="bbox 236 2675 1982 2725; baseline -0.005 -10"><span class='ocrx_word' id='word_1_404' title='bbox 236 2680 539 2725; x_wconf 83' lang='lat' dir='ltr'>autographarum</span> <span class='ocrx_word' id='word_1_405' title='bbox 568 2680 767 2724; x_wconf 86' lang='lat' dir='ltr'>(inscriptio</span> <span class='ocrx_word' id='word_1_406' title='bbox 793 2691 899 2713; x_wconf 86' lang='lat' dir='ltr'>manu</span> <span class='ocrx_word' id='word_1_407' title='bbox 927 2679 966 2713; x_wconf 88' lang='lat' dir='ltr'>P.</span> <span class='ocrx_word' id='word_1_408' title='bbox 985 2679 1127 2712; x_wconf 89' lang='lat' dir='ltr'>Ioannis</span> <span class='ocrx_word' id='word_1_409' title='bbox 1145 2678 1265 2722; x_wconf 87' lang='lat' dir='ltr'>Dyrsii</span> <span class='ocrx_word' id='word_1_410' title='bbox 1293 2677 1327 2711; x_wconf 82' lang='lat' dir='ltr'>S.</span> <span class='ocrx_word' id='word_1_411' title='bbox 1348 2677 1380 2711; x_wconf 88' lang='lat' dir='ltr'>J.</span> <span class='ocrx_word' id='word_1_412' title='bbox 1408 2676 1523 2721; x_wconf 88' lang='lat' dir='ltr'>posita</span> <span class='ocrx_word' id='word_1_413' title='bbox 1550 2675 1632 2716; x_wconf 81' lang='lat' dir='ltr'>est),</span> <span class='ocrx_word' id='word_1_414' title='bbox 1660 2686 1751 2718; x_wconf 87' lang='lat' dir='ltr'>quae</span> <span class='ocrx_word' id='word_1_415' title='bbox 1778 2677 1921 2708; x_wconf 83' lang='lat' dir='ltr'>exstant</span> <span class='ocrx_word' id='word_1_416' title='bbox 1947 2676 1982 2708; x_wconf 90' lang='lat' dir='ltr'>in</span> 
     </span>
     <span class='ocr_line' id='line_1_41' title="bbox 241 2730 1482 2776; baseline -0.004 -8"><span class='ocrx_word' id='word_1_417' title='bbox 241 2734 299 2775; x_wconf 83' lang='lat' dir='ltr'>„E.</span> <span class='ocrx_word' id='word_1_418' title='bbox 327 2734 366 2768; x_wconf 90' lang='lat' dir='ltr'>C.</span> <span class='ocrx_word' id='word_1_419' title='bbox 392 2734 443 2768; x_wconf 76' lang='lat'>11“</span> <span class='ocrx_word' id='word_1_420' title='bbox 472 2746 505 2767; x_wconf 91' lang='lat'>11.</span> <span class='ocrx_word' id='word_1_421' title='bbox 537 2734 601 2767; x_wconf 84' lang='lat'>179</span> <span class='ocrx_word' id='word_1_422' title='bbox 631 2733 743 2776; x_wconf 84' lang='lat'>(161).</span> <span class='ocrx_word' id='word_1_423' title='bbox 794 2732 940 2766; x_wconf 87' lang='lat' dir='ltr'>Litteris</span> <span class='ocrx_word' id='word_1_424' title='bbox 966 2743 1052 2766; x_wconf 90' lang='lat' dir='ltr'>usus</span> <span class='ocrx_word' id='word_1_425' title='bbox 1079 2735 1133 2765; x_wconf 89' lang='lat' dir='ltr'>est</span> <span class='ocrx_word' id='word_1_426' title='bbox 1158 2733 1272 2765; x_wconf 71' lang='lat' dir='ltr'>Kriiss</span> <span class='ocrx_word' id='word_1_427' title='bbox 1297 2730 1319 2764; x_wconf 93' lang='lat' dir='ltr'>l.</span> <span class='ocrx_word' id='word_1_428' title='bbox 1348 2742 1376 2764; x_wconf 89' lang='lat' dir='ltr'>c.</span> <span class='ocrx_word' id='word_1_429' title='bbox 1407 2730 1482 2764; x_wconf 83' lang='lat'>177.</span> 
     </span>
    </p>
   </div>
   <div class='ocr_carea' id='block_1_13' title="bbox 238 2797 1982 3003">
    <p class='ocr_par' dir='ltr' id='par_1_15' title="bbox 238 2797 1982 3003">
     <span class='ocr_line' id='line_1_42' title="bbox 358 2797 1980 2845; baseline -0.003 -8"><span class='ocrx_word' id='word_1_430' title='bbox 358 2805 582 2837; x_wconf 75' lang='lat' dir='ltr'>Commendat</span> <span class='ocrx_word' id='word_1_431' title='bbox 608 2805 745 2836; x_wconf 67' lang='lat' dir='ltr'>iuvenes</span> <span class='ocrx_word' id='word_1_432' title='bbox 772 2803 954 2836; x_wconf 71' lang='lat' dir='ltr'>Societatis</span> <span class='ocrx_word' id='word_1_433' title='bbox 980 2813 1022 2835; x_wconf 59' lang='lat' dir='ltr'>ex</span> <span class='ocrx_word' id='word_1_434' title='bbox 1044 2803 1235 2835; x_wconf 70' lang='lat' dir='ltr'>Germania</span> <span class='ocrx_word' id='word_1_435' title='bbox 1262 2802 1443 2845; x_wconf 71' lang='lat' dir='ltr'>superiore</span> <span class='ocrx_word' id='word_1_436' title='bbox 1469 2803 1498 2831; x_wconf 75' lang='lat' dir='ltr'>et</span> <span class='ocrx_word' id='word_1_437' title='bbox 1517 2798 1664 2831; x_wconf 58' lang='lat' dir='ltr'>Austr‘e&#39;a</span> <span class='ocrx_word' id='word_1_438' title='bbox 1683 2797 1830 2830; x_wconf 74' lang='lat' dir='ltr'>Romam</span> <span class='ocrx_word' id='word_1_439' title='bbox 1856 2802 1980 2833; x_wconf 65' lang='lat' dir='ltr'>euntes,</span> 
     </span>
     <span class='ocr_line' id='line_1_43' title="bbox 238 2850 1982 2899; baseline -0.003 -10"><span class='ocrx_word' id='word_1_440' title='bbox 238 2867 278 2888; x_wconf 68' lang='grc' dir='ltr'>αι’</span> <span class='ocrx_word' id='word_1_441' title='bbox 302 2858 510 2889; x_wconf 73' lang='lat' dir='ltr'>nominatim</span> <span class='ocrx_word' id='word_1_442' title='bbox 537 2857 653 2889; x_wconf 67' lang='lat' dir='ltr'>Vitam</span> <span class='ocrx_word' id='word_1_443' title='bbox 679 2857 801 2898; x_wconf 75' lang='lat' dir='ltr'>Liner,</span> <span class='ocrx_word' id='word_1_444' title='bbox 838 2857 899 2899; x_wconf 70' lang='lat' dir='ltr'>qni</span> <span class='ocrx_word' id='word_1_445' title='bbox 932 2856 1098 2897; x_wconf 64' lang='grc' dir='ltr'>ηιαρίεύεν</span> <span class='ocrx_word' id='word_1_446' title='bbox 1133 2855 1350 2887; x_wconf 70' lang='lat' dir='ltr'>novicioremz</span> <span class='ocrx_word' id='word_1_447' title='bbox 1383 2853 1531 2894; x_wconf 72' lang='lat' dir='ltr'>futurus</span> <span class='ocrx_word' id='word_1_448' title='bbox 1556 2854 1611 2882; x_wconf 73' lang='lat' dir='ltr'>est.</span> <span class='ocrx_word' id='word_1_449' title='bbox 1662 2850 1808 2882; x_wconf 77' lang='lat' dir='ltr'>Nummi</span> <span class='ocrx_word' id='word_1_450' title='bbox 1841 2855 1871 2883; x_wconf 76' lang='lat' dir='ltr'>et</span> <span class='ocrx_word' id='word_1_451' title='bbox 1903 2853 1982 2893; x_wconf 71' lang='lat' dir='ltr'>equi</span> 
     </span>
     <span class='ocr_line' id='line_1_44' title="bbox 240 2903 1980 2948; baseline -0.002 -9"><span class='ocrx_word' id='word_1_452' title='bbox 240 2909 283 2940; x_wconf 70' lang='lat' dir='ltr'>iis</span> <span class='ocrx_word' id='word_1_453' title='bbox 309 2910 392 2942; x_wconf 74' lang='lat' dir='ltr'>dati.</span> <span class='ocrx_word' id='word_1_454' title='bbox 431 2910 556 2942; x_wconf 70' lang='lat' dir='ltr'>Debita</span> <span class='ocrx_word' id='word_1_455' title='bbox 582 2911 714 2942; x_wconf 78' lang='lat' dir='ltr'>Romae</span> <span class='ocrx_word' id='word_1_456' title='bbox 739 2909 913 2941; x_wconf 76' lang='lat' dir='ltr'>solvenda.</span> <span class='ocrx_word' id='word_1_457' title='bbox 963 2909 1083 2941; x_wconf 68' lang='lat' dir='ltr'>Novus</span> <span class='ocrx_word' id='word_1_458' title='bbox 1108 2911 1222 2940; x_wconf 76' lang='lat' dir='ltr'>rector</span> <span class='ocrx_word' id='word_1_459' title='bbox 1247 2907 1524 2948; x_wconf 74' lang='lat' dir='ltr'>oem&#39;pontcmus;</span> <span class='ocrx_word' id='word_1_460' title='bbox 1549 2903 1876 2937; x_wconf 71' lang='lat' dir='ltr'>arehidzwissarmn</span> <span class='ocrx_word' id='word_1_461' title='bbox 1902 2914 1980 2936; x_wconf 74' lang='lat' dir='ltr'>con-</span> 
     </span>
     <span class='ocr_line' id='line_1_45' title="bbox 238 2961 1324 3003; baseline -0.004 -8"><span class='ocrx_word' id='word_1_462' title='bbox 238 2961 410 3000; x_wconf 65' lang='lat' dir='ltr'>fessiones.</span> <span class='ocrx_word' id='word_1_463' title='bbox 462 2963 500 2995; x_wconf 87' lang='lat' dir='ltr'>P.</span> <span class='ocrx_word' id='word_1_464' title='bbox 528 2963 729 3003; x_wconf 69' lang='lat' dir='ltr'>Swaqerins</span> <span class='ocrx_word' id='word_1_465' title='bbox 754 2974 796 2994; x_wconf 61' lang='lat' dir='ltr'>ea·</span> <span class='ocrx_word' id='word_1_466' title='bbox 823 2962 992 2995; x_wconf 75' lang='lat' dir='ltr'>Societate</span> <span class='ocrx_word' id='word_1_467' title='bbox 1017 2961 1242 2993; x_wconf 67' lang='lat' dir='ltr'>dimittendus</span> <span class='ocrx_word' id='word_1_468' title='bbox 1268 2963 1324 2992; x_wconf 71' lang='lat' dir='ltr'>est.</span> 
     </span>
    </p>
   </div>
   <div class='ocr_carea' id='block_1_14' title="bbox 240 3071 1979 3225">
    <p class='ocr_par' dir='ltr' id='par_1_16' title="bbox 240 3071 1979 3225">
     <span class='ocr_line' id='line_1_46' title="bbox 361 3071 1979 3117; baseline -0.002 -9"><span class='ocrx_word' id='word_1_469' title='bbox 361 3076 368 3094; x_wconf 90' lang='lat'>¹</span> <span class='ocrx_word' id='word_1_470' title='bbox 394 3075 618 3117; x_wconf 82' lang='lat' dir='ltr'>Wendelina,</span> <span class='ocrx_word' id='word_1_471' title='bbox 638 3077 746 3110; x_wconf 83' lang='lat' dir='ltr'>vidua</span> <span class='ocrx_word' id='word_1_472' title='bbox 765 3076 949 3111; x_wconf 82' lang='lat' dir='ltr'>Godefridi</span> <span class='ocrx_word' id='word_1_473' title='bbox 967 3088 1047 3110; x_wconf 79' lang='lat' dir='ltr'>vom</span> <span class='ocrx_word' id='word_1_474' title='bbox 1063 3075 1190 3116; x_wconf 88' lang='lat' dir='ltr'>Triest,</span> <span class='ocrx_word' id='word_1_475' title='bbox 1218 3074 1374 3109; x_wconf 91' lang='lat' dir='ltr'>consulis</span> <span class='ocrx_word' id='word_1_476' title='bbox 1399 3072 1610 3114; x_wconf 81' lang='lat' dir='ltr'>noviomagi,</span> <span class='ocrx_word' id='word_1_477' title='bbox 1638 3072 1773 3115; x_wconf 86' lang='lat' dir='ltr'>aliquot</span> <span class='ocrx_word' id='word_1_478' title='bbox 1800 3071 1979 3105; x_wconf 83' lang='lat' dir='ltr'>mensibus</span> 
     </span>
     <span class='ocr_line' id='line_1_47' title="bbox 240 3128 961 3173; baseline 0.006 -14"><span class='ocrx_word' id='word_1_479' title='bbox 240 3128 320 3159; x_wconf 90' lang='lat' dir='ltr'>ante</span> <span class='ocrx_word' id='word_1_480' title='bbox 347 3128 493 3163; x_wconf 82' lang='lat' dir='ltr'>mortui:</span> <span class='ocrx_word' id='word_1_481' title='bbox 523 3140 554 3162; x_wconf 86' lang='lat' dir='ltr'>v.</span> <span class='ocrx_word' id='word_1_482' title='bbox 581 3140 687 3173; x_wconf 90' lang='lat' dir='ltr'>supra</span> <span class='ocrx_word' id='word_1_483' title='bbox 714 3141 746 3173; x_wconf 91' lang='lat' dir='ltr'>p.</span> <span class='ocrx_word' id='word_1_484' title='bbox 767 3129 961 3163; x_wconf 79' lang='lat'>184—185.</span> 
     </span>
     <span class='ocr_line' id='line_1_48' title="bbox 357 3179 1267 3225; baseline 0.002 -14"><span class='ocrx_word' id='word_1_485' title='bbox 357 3179 370 3198; x_wconf 73' lang='lat'>‘2</span> <span class='ocrx_word' id='word_1_486' title='bbox 396 3179 470 3212; x_wconf 86' lang='lat' dir='ltr'>Has</span> <span class='ocrx_word' id='word_1_487' title='bbox 497 3179 629 3213; x_wconf 86' lang='lat' dir='ltr'>Canisii</span> <span class='ocrx_word' id='word_1_488' title='bbox 657 3181 794 3215; x_wconf 88' lang='lat' dir='ltr'>litteras</span> <span class='ocrx_word' id='word_1_489' title='bbox 822 3193 854 3215; x_wconf 86' lang='lat' dir='ltr'>v.</span> <span class='ocrx_word' id='word_1_490' title='bbox 882 3193 987 3225; x_wconf 88' lang='lat' dir='ltr'>supra</span> <span class='ocrx_word' id='word_1_491' title='bbox 1015 3193 1046 3225; x_wconf 86' lang='lat' dir='ltr'>p.</span> <span class='ocrx_word' id='word_1_492' title='bbox 1072 3180 1267 3215; x_wconf 75' lang='lat'>331—335.</span> 
     </span>
    </p>
   </div>
  </div>
 </body>
</html>
