2045 3471
546 195 710 238 Augusta
729 195 834 229 Vind.
855 196 910 230 24.
931 195 1115 240 Apin—5.
1136 193 1223 228 Maii
1250 194 1351 229 1566.
1750 195 1831 235 237

188 316 256 357 Ex
288 314 442 367 quibus
465 314 660 356 omnibus
693 314 878 368 intelligi
910 314 1038 356 facile
1064 315 1223 368 potest,
1258 313 1358 366 quid
1381 312 1424 353 in
1447 326 1537 353 rem
1560 314 1832 366 praesentem

70 383 163 423 tum
196 379 518 429 consulendum,
552 382 645 422 tum
678 379 1022 429 desiderandum,
1057 381 1102 420 et
1135 377 1443 419 elaborandum
1476 376 1664 418 maxime
1686 376 1833 418 uidea-

70 449 163 493 tur;
207 444 396 486 Primum
430 444 615 497 quidem,
650 458 703 485 ne
736 444 790 486 ad
823 444 976 486 ultima
1008 443 1201 485 remedia
1233 442 1383 484 statim
1416 442 1629 491 ueniatur,
1674 441 1717 483 Si
1750 441 1834 482 110-

70 524 238 552 cessum
263 511 316 551 55
351 510 450 563 annj
485 510 740 551 confirment
772 508 982 551 Catholici
1014 508 1200 551 Status³.
1255 506 1420 548 Deinde
1453 510 1501 548 ut
1524 506 1675 548 Status
1706 505 1834 560 ijdem

70 575 124 617 ad
147 574 327 616 liberam
351 576 396 616 et
418 576 615 628 apertam
637 573 951 627 professionem
975 572 1151 626 Concilij
1176 571 1416 625 Tridentinj
1432 571 1444 590 ὓ
1476 573 1835 624 permoneantui·“

69 638 420 682 constantissime
443 641 574 692 atque
597 638 910 687 efficacissime,
945 651 1215 691 quacumque
1248 637 1419 678 demum
1451 635 1493 677 id
1526 635 1694 677 ratione
1726 635 1834 676 faci-

71 708 169 747 ant:
204 704 329 746 modo
361 703 553 758 ipsorum
584 703 692 745 fides
715 703 913 746 Pontifici
936 703 1155 745 Μο111111101
1188 704 1389 744 constare
1416 700 1565 754 possit.
1621 699 1689 742 Sic
1721 700 1833 741 enim

70 768 308 823 suspitione
340 782 387 810 se
418 768 537 822 ipsos
568 768 766 818 liberare,
801 768 863 810 sic
893 768 1076 810 offitium
1099 781 1222 809 suum
1245 765 1511 809 Catholicum
1544 765 1740 819 probare,
1775 764 1834 805 sic

71 836 116 876 et
147 832 369 876 Pontificis
402 832 608 875 Maximid
641 833 830 874 animum
873 833 952 874 sibi
995 832 1170 885 suisque
1203 831 1410 885 Ecclesijs
1452 829 1683 872 conciliare
1715 829 1834 871 vide·

71 899 243 941 buntur.

189 963 417 1005 Caeterum
450 963 485 1004 si
519 963 632 1016 quod
664 963 875 1013 uolumus,
919 964 999 1004 hoc
1032 963 1086 1004 ab
1127 962 1212 1003 illis
1245 976 1330 1003 non
1368 961 1582 1015 possimus
1615 959 1833 1012 consequi,

71 1028 183 1081 quod
223 1031 371 1070 tamen
410 1028 669 1070 tentandum
710 1027 847 1069 modis
890 1027 1085 1069 omnibus
1128 1030 1171 1070 et
1214 1026 1556 1068 contendendum
1599 1027 1687 1075 est,
1730 1024 1832 1066 illud

70 1106 297 1147 superesse
339 1093 525 1144 uidetur,
568 1096 616 1134 ut
648 1092 979 1135 Jllustrissimus
1012 1093 1063 1135 D.
1087 1092 1279 1146 Legatus
1313 1091 1427 1145 apud
1468 1090 1565 1132 illos
1608 1090 1710 1132 edat
1750 1103 1833 1131 non

70 1158 297 1200 obscuram
330 1158 692 1211 significationem
725 1158 855 1212 animj
897 1158 977 1208 sui,
1021 1171 1104 1211 qua
1145 1158 1356 1199 testatum
1397 1156 1545 1205 faciat,
1588 1158 1832 1208 suspectam

71 1223 181 1265 hanc
222 1223 392 1264 illorum
434 1223 476 1264 in
518 1237 564 1264 re
606 1222 789 1265 salutari
830 1237 880 1264 ac
922 1222 1168 1265 necessaria
1218 1221 1624 1274 tergiuersationem
1670 1219 1750 1261 sibi
1791 1222 1833 1261 et

70 1288 267 1331 Pontifici
290 1288 480 1330 Maximo
514 1302 599 1330 non
631 1302 758 1342 posse
781 1302 866 1330 non
889 1288 1119 1330 admodum
1143 1287 1383 1340 displicere.
1438 1286 1675 1328 Praeterea
1696 1284 1834 1326 minas

69 1352 357 1407 interponere,
402 1356 445 1395 et
477 1356 690 1395 terrorem
723 1353 808 1394 illis
840 1352 1016 1407 inijcere
1048 1352 1222 1407 poterit,
1266 1351 1499 1406 propositis
1541 1364 1595 1392 ex
1637 1350 1716 1392 hac
1750 1349 1834 1391 dis-

70 1417 358 1466 simulatione,
393 1421 437 1460 et
459 1417 824 1471 tergiuersatione
846 1417 1128 1459 incommodis
1152 1419 1195 1458 et
1218 1415 1433 1470 periculis,
1468 1428 1578 1468 quae
1602 1414 1834 1456 secundum

72 1483 318 1536 sapientum
340 1482 498 1524 iudicia
520 1485 839 1535 consequutura
863 1482 1078 1524 videntur.
1124 1481 1236 1524 Addi
1259 1483 1417 1535 potest,
1441 1480 1602 1521 nullam
1626 1479 1835 1532 reliquam

72 1561 167 1589 esse
200 1561 334 1602 spem,
369 1547 703 1601 prudentissimo
738 1550 782 1590 et
813 1546 857 1588 in
889 1547 955 1588 his
978 1548 1105 1589 rebus
1130 1546 1494 1588 exercitatissimo
1518 1543 1716 1586 Pontifici
1738 1557 1835 1598 per-

74 1613 296 1662 suadendi,
340 1612 491 1655 Status
533 1612 610 1654 hos
643 1613 696 1654 ab
738 1613 972 1654 haereseos
1004 1612 1243 1666 suspitione
1284 1611 1442 1653 liberos
1475 1623 1583 1659 esse,
1627 1609 1707 1650 nisi
1740 1609 1836 1650 Tri-

73 1677 238 1720 dentini
260 1677 436 1731 Concilij
469 1677 595 1719 fidem
630 1679 929 1731 profiteantur.
978 1677 1036 1719 Et
1068 1677 1180 1731 apud
1207 1676 1306 1719 Ν.2
1337 1675 1567 1730 praecipue
1601 1674 1834 1716 curandum

74 1743 259 1791 videtur,
302 1745 350 1785 ut
391 1742 614 1784 Ecclesiae
648 1743 922 1792 aduocatuse,
964 1743 1007 1783 in
1049 1756 1094 1783 re
1139 1745 1226 1784 tam
1268 1742 1465 1791 honesta,
1510 1744 1554 1782 et
1586 1739 1641 1782 ad
1681 1739 1839 1782 totiuss

73 1807 311 1862 Religionis
343 1807 385 1849 in
408 1808 600 1861 ι1111110110
625 1808 919 1849 commodumg
950 1807 1164 1861 publicum
1189 1806 1436 1848 necessaria
1457 1806 1670 1858 Legatum
1702 1804 1833 1851 iuuet,

73 1886 123 1914 ac
155 1872 316 1915 totiush
351 1873 608 1914 Germaniae
641 1873 823 1915 utilitati
855 1875 986 1925 atque
1018 1871 1270 1915 necessitati
1303 1871 1499 1913 consulat
1512 1871 1541 1913 3.

191 1937 351 1987 Quibus
383 1938 637 1989 rationibus,
680 1937 715 1979 si
748 1938 853 1979 nihil
886 1937 1150 1992 proficiatur,
1189 1936 1424 1990 significari
1458 1935 1621 1990 poterit
1654 1935 1705 1977 de
1738 1949 1836 1989 pro-

74 2002 311 2045 testatione
343 2003 671 2057 interponenda,
705 2003 780 2044 sed
813 2016 908 2044 eam
940 2005 1088 2045 tamen
1117 2002 1290 2044 differre
1322 2001 1480 2051 licebit,
1515 2015 1651 2054 usque
1683 2000 1737 2042 ad
1769 2014 1837 2042 re-

74 2081 279 2122 sponsum
312 2067 532 2110 Pontificis
574 2081 628 2109 ex
661 2067 778 2110 Vrbe
821 2067 1116 2110 adferendum.
1179 2068 1282 2109 Mox
1323 2081 1425 2108 uero
1465 2065 1751 2115 scribendum,
1794 2069 1837 2107 et

75 2132 298 2174 celerrime
333 2133 501 2185 quidem
536 2132 590 2174 ad
623 2132 875 2175 Pontificem
910 2132 1146 2174 Maximum
1181 2132 1437 2175 mittendum
1477 2131 1662 2180 uidetur,
1705 2130 1769 2173 uti
1801 2131 1838 2171 is

75 2197 294 2250 intelligat
339 2197 589 2249 diligentiae
630 2197 840 2240 hactenus
881 2197 1100 2240 adhibitae
1141 2197 1369 2247 rationem,
1413 2198 1457 2238 et
1489 2210 1642 2238 causas
1676 2195 1837 2237 dilatae

75 2261 426 2316 protestationis,
470 2264 514 2303 et
554 2265 718 2305 statum
759 2262 894 2304 totius
936 2262 1113 2316 negotij,
1157 2265 1201 2304 et
1232 2261 1471 2303 incidentes
1511 2261 1580 2302 hic
1613 2261 1835 2302 doctorum

76 2326 369 2369 dubitationes
401 2340 452 2368 ac
486 2326 781 2377 difficultates,
816 2327 868 2369 ob
902 2341 1010 2381 quas
1042 2327 1234 2381 Legatus
1266 2327 1359 2381 ipse
1390 2340 1474 2367 non
1509 2325 1699 2379 potuerit
1731 2327 1835 2367 certi

76 2391 236 2445 aliquid
268 2391 310 2433 in
333 2405 380 2433 re
408 2391 521 2434 tanti
554 2391 759 2434 momenti
792 2391 1070 2442 constituere,
1103 2391 1360 2446 praesertim
1395 2405 1488 2432 cum
1511 2390 1679 2432 videret
1712 2403 1837 2443 aper-

75 2458 167 2498 tum
211 2456 253 2498 id
298 2470 382 2498 non
428 2470 545 2505 esse,
592 2457 704 2509 quod
746 2456 960 2499 Recessus
1002 2457 1100 2509 annj
1146 2458 1274 2500 ,1555
1318 2454 1505 2497 Concilio
1547 2454 1835 2503 Tridentinok,

77 2521 218 2574 quoad
260 2521 478 2574 dogmata,
524 2521 853 2574 praeiudicaret.
917 2522 1103 2564 Jnterim
1146 2520 1344 2574 quicquid
1386 2519 1588 2561 Pontifex
1621 2518 1836 2560 Maximus

196 2612 223 2638 a)
251 2609 282 2632 In
300 2609 491 2632 Vero-rectum
512 2615 547 2631 ea:
567 2607 673 2631 Status
689 2605 843 2632 Catholici.
917 2606 946 2632 bl
968 2609 1000 2632 ln
1023 2609 1130 2632 Vrorr.
1145 2616 1180 2632 ea:
1194 2605 1350 2636 'l’ridentit
1424 2609 1454 2629 ci
1476 2606 1522 2629 Sic
1545 2606 1580 2635 1';
1601 2606 1837 2636 permoncantur

78 2650 151 2674 Lad.
225 2648 254 2679 d)
276 2650 307 2673 ls't
327 2649 369 2673 ica
389 2656 425 2673 ex
446 2647 584 2673 Pontifici
604 2648 747 2678 Maximo,
773 2656 845 2680 quae
864 2652 931 2673 sunt
951 2649 980 2672 in
1003 2650 1026 2673 Γ
1038 2650 1067 2673 X
1086 2649 1168 2674 Lad..
1189 2649 1367 2679 riu-riglnmm',
1395 2647 1469 2677 leves
1493 2646 1702 2677 gyratnmutivae
1722 2646 1837 2676 ‘unisset-e

78 2690 221 2715 ridentur.
295 2691 323 2720 c)
344 2691 431 2721 Apud
453 2690 524 2714 Lad.
545 2691 677 2721 sequitur
697 2689 736 2714 et.
819 2689 841 2720 f)
862 2689 959 2715 totuis
980 2692 1008 2714 Γ.
1094 2692 1123 2721 g)
1145 2688 1304 2714 comodum
1325 2690 1352 2713 Γ.
1439 2686 1469 2714 11)
1492 2685 1585 2711 totuis
1606 2688 1634 2710 Γ.
1722 2686 1740 2713 ἰ)
1764 2688 1794 2711 In
1817 2687 1841 2710 Γ

77 2731 208 2762 sequitur
230 2739 251 2755 r.
275 2732 315 2754 val
334 2731 447 2762 sianum
469 2731 620 2755 obscurius
640 2731 872 2755 (oblinet-atum?
890 2730 1046 2756 scilicet&
1121 2730 1151 2755 ki
1173 2729 1296 2760 com-iiij
1317 2727 1485 2754 Tridentini
1508 2729 1542 2752 X.
1583 2729 1622 2751 Λι-
1642 2735 1743 2758 reapse
1766 2728 1794 2752 ιή
1817 2729 1841 2752 l'

74 2780 205 2803 primum
225 2773 366 2803 scriptum
393 2776 455 2797 era!
477 2771 601 2803 Com-iiij
622 2771 808 2802 'l'ri‹le11bi1)j;
836 2773 909 2796 unde
936 2780 1035 2796 rmum(
1063 2773 1123 2796 alin
1151 2776 1175 2795 et
1203 2771 1352 2801 aliquanto
1379 2770 1568 2801 posteriorem
1598 2772 1752 2793 νυνι-00111111
1782 2772 1838 2793 est:

79 2812 212 2838 Concilio
233 2812 422 2839 Tridentino.

203 2917 210 2934 ¹
238 2915 270 2948 S.
300 2915 362 2948 Pio
382 2914 423 2949 V.
569 2915 581 2933 ²¹
609 2913 893 2947 Maximilianum
922 2914 964 2947 11.
993 2914 1255 2958 imperatorem.

200 2969 212 2988 ³
238 2968 291 3001 Ex
319 2968 374 3001 his
393 2968 513 3001 verbis
540 2967 634 3001 clare
663 2968 769 3011 patet.
798 2965 918 3000 littera
951 2966 1019 3008 ,N“
1042 2966 1328 3000 lVlaximilianuin
1358 2965 1399 2997 ll.
1426 2964 1640 3007 significari:
1668 2975 1748 2998 nain
1777 2965 1836 3008 qui

80 3021 206 3055 Carolo
233 3021 364 3064 Magno
399 3021 434 3054 in
471 3020 599 3062 „Sacro
628 3020 784 3052 Romano
811 3018 982 3063 Imperi&
1013 3019 1263 3055 succedebant,
1299 3016 1473 3059 singulari
1510 3016 1662 3060 quadam
1700 3017 1836 3050 ratione

85 3074 267 3114 „advocati
295 3073 487 3108 ecclesiae*
519 3075 553 3106 et
581 3073 801 3106 vocabantur
827 3075 863 3105 et
895 3082 973 3105 esse
999 3072 1195 3111 debebant;
1233 3070 1312 3103 vide
1342 3072 1430 3103 Can.
1458 3069 1505 3103 [V
1534 3070 1588 3104 76.
1642 3070 1692 3103 Ita
1729 3071 1835 3103 etiam

81 3127 329 3169 Laneellottus,
364 3126 407 3160 ad
444 3126 687 3170 quaestionem
716 3125 776 3158 Vl.
811 3124 1038 3168 respondens,
1075 3125 1159 3158 dicit
1199 3124 1428 3165 „Caesarenst
1469 3134 1531 3167 per
1566 3122 1723 3165 legatum
1758 3134 1836 3157 esse

1297 3177 1309 3190 δὲ

81 3179 352 3219 admonendum,
384 3191 483 3221 „cuin
512 3180 586 3223 ipse
613 3179 661 3212 sit
685 3176 881 3212 advocatus
910 3177 1090 3211 Ecclesiae
1110 3178 1289 3210 Romanae
1334 3177 1573 3217 (Laderche'us
1598 3175 1621 3210 l.
1641 3188 1669 3209 (·.
1690 3188 1722 3209 11.
1738 3177 1835 3219 232).
