2045 3471
188 225 271 266 228
356 219 456 255 1311.
485 216 647 252 Canisius
674 214 708 249 S.
726 212 916 248 Francisco
943 211 986 245 de
1013 208 1154 252 Borgia.
1198 206 1363 249 Augusta
1381 203 1486 237 Vind.
1506 202 1562 236 27.
1582 202 1666 245 Apr.
1687 199 1788 234 1566.

187 341 352 374 nuestros
377 348 421 370 no
448 334 585 380 pueden
611 331 738 366 mucho
766 331 964 371 detenerse,
991 338 1054 361 aca
1080 324 1352 359 informaremos
1379 332 1398 355 a
1425 320 1473 354 Su
1499 318 1669 353 Santidad
1696 329 1719 362 y
1746 327 1808 361 por
1834 315 1868 348 la
1894 314 1943 348 in-

187 391 393 435 telligencia
418 400 487 433 que
512 387 608 421 tiene
634 385 733 420 delas
759 394 861 418 cosas
887 379 1141 416 conuenientes
1167 388 1187 411 a
1213 375 1414 418 Religiosos
1440 373 1534 407 ultra
1562 372 1603 406 de
1629 382 1671 405 su
1694 371 1797 404 santa
1816 369 1944 407 mente,

189 445 298 491 podra
333 454 391 478 ser
424 452 489 475 nos
515 440 558 474 de
593 438 701 473 orden
727 438 770 472 de
805 436 912 470 hazer
938 433 971 467 10
997 443 1066 477 que
1089 430 1317 476 juzgaremos
1344 439 1402 462 ser
1427 437 1447 460 a
1475 436 1599 470 mayor
1625 423 1739 467 gloria
1765 421 1896 460 diuina,
1921 431 1945 464 y

189 498 307 543 ayuda
342 495 421 530 dela
454 493 605 539 yglesia.
649 491 713 525 Asi
747 500 882 524 mesmo
917 499 955 521 se
981 486 1015 520 10
1041 483 1267 519 00010010313
1293 481 1327 515 10
1353 479 1432 514 (1013
1457 476 1729 524 peregrinacion
1755 474 1812 509 del
1838 473 1947 518 padre

191 551 352 586 Canisio:
387 561 411 593 y
446 547 556 592 podra
591 557 649 579 ser
684 556 722 578 se
758 543 924 577 contente
959 550 1027 583 que
1054 548 1145 571 cese.
1165 563 1173 570 .
1194 563 1200 570 .
1221 562 1228 570 .
1280 534 1321 568 El
1347 544 1391 567 no
1417 531 1574 566 seruirse
1600 529 1697 564 delos
1723 529 1889 562 nuestros
1916 524 1948 559 el

189 602 438 638 Illustrissimo
464 598 591 643 legado
618 598 706 632 (1000
732 596 775 630 (10
801 606 859 629 ser
885 603 1020 638 porque
1047 590 1077 625 el
1106 589 1220 623 siente
1246 599 1290 621 no
1317 597 1403 620 auer
1420 583 1630 618 necessidad
1650 581 1753 616 dello.
1795 580 1947 614 Bastara

190 669 258 702 que
284 656 337 690 los
361 655 527 689 nuestros
554 653 654 686 esten
681 648 867 684 offrecidos
893 658 913 680 a
940 657 982 679 su
1008 642 1170 682 50101010,
1199 638 1439 674 mostrandole
1457 637 1539 671 todo
1558 635 1590 670 el
1607 636 1782 679 respecto,
1808 644 1831 677 y
1851 643 1949 666 amor

192 722 259 755 que
286 721 324 744 se
350 708 383 742 le
409 706 508 747 (1000,
534 716 579 739 no
606 703 803 738 solamente
829 711 893 745 por
920 698 952 732 el
978 696 1088 741 grado
1114 707 1137 740 y
1163 694 1268 737 lugar
1294 703 1362 736 que
1387 692 1493 731 tiene,
1519 700 1597 723 mas
1615 700 1684 722 aun
1702 698 1766 732 por
1783 685 1816 720 13
1834 685 1949 719 100003

195 761 365 798 uoluntad
391 773 414 806 y
441 759 546 794 obras
572 768 640 801 que
667 768 709 790 en
737 754 769 789 el
795 753 918 787 hemos
945 749 1111 785 conocido
1137 748 1290 791 siempre
1312 756 1399 790 para
1417 755 1481 778 con
1499 744 1644 776 nuestra
1663 738 1867 784 Compasiia.
1888 765 1894 771 .
1915 764 1921 771 .
1944 764 1949 770 .

192 817 234 852 El
261 817 383 850 (115οᾔ0
410 813 452 847 (10
480 813 626 855 3009131
643 808 826 843 Tudescos
853 817 895 840 en
913 805 949 839 la
968 801 1162 848 Compafiia
1189 811 1257 844 que
1275 802 1410 842 tengan
1435 797 1570 830 buenas
1588 796 1721 840 partes,
1747 803 1785 826 es
1803 791 1949 826 bueno¹.

191 883 216 915 y
251 880 337 915 para
375 878 443 911 que
480 867 555 898 esto
590 874 628 897 se
663 861 778 907 pueda
815 860 923 893 hazer
949 869 990 891 en
1019 867 1119 890 essas
1146 854 1208 888 dos
1235 851 1443 886 Prouincias
1469 848 1548 883 dela
1574 847 1736 893 superior
1762 843 1950 880 Germania

191 935 215 968 y
234 920 391 961 Austria,
418 930 473 953 me
499 927 626 962 parece
652 915 732 949 bien
759 911 952 950 3110131135,
979 908 1166 943 0111101311ᾶο
1192 906 1344 949 algunos
1370 915 1389 937 a
1416 903 1539 942 Roma,
1565 914 1589 946 y
1615 913 1678 946 por
1705 910 1789 934 aora
1806 899 1951 932 bastara

191 987 231 1010 se
259 974 396 1009 embien
423 972 508 1006 doze
534 972 634 1004 entre
661 978 760 1002 05535
787 966 849 1000 (105
876 963 1095 1003 Ρ100100135,
1131 972 1154 1005 y
1190 960 1220 993 si
1246 969 1374 1003 parece
1400 969 1420 991 3
1446 956 1490 990 V.
1517 953 1737 989 Reuerencia
1763 963 1831 996 que
1858 961 1951 994 ayan

193 1029 236 1063 de
262 1040 320 1062 ser
345 1036 433 1067 mas,
469 1035 524 1058 me
551 1022 650 1056 30150
677 1048 684 1055 .
711 1032 735 1065 y
769 1029 934 1064 esperese
960 1016 1008 1050 mi
1033 1016 1233 1060 respuesta.
1254 1039 1260 1046 .
1282 1039 1288 1046 .
1309 1038 1316 1045 .
1368 1010 1410 1044 El
1436 1009 1624 1044 offrecerse
1651 1006 1704 1041 .V.
1732 1003 1952 1039 Reuerencia

193 1093 279 1127 para
314 1080 348 1114 13
383 1088 514 1123 guerra
548 1076 589 1110 de
617 1073 781 1117 Hungria
818 1084 838 1106 3
865 1071 913 1105 80
939 1068 1130 1113 Magestad
1166 1067 1289 1112 pienso
1324 1064 1437 1098 113001
1462 1062 1627 1106 escripto,
1661 1071 1729 1104 que
1755 1070 1799 1092 no
1824 1067 1953 1101 parece

193 1133 380 1170 conuenir:
417 1141 558 1174 aunque
592 1128 627 1162 13
661 1127 778 1161 buena
812 1123 984 1159 uoluntad
1020 1122 1210 1166 acceptara
1245 1118 1331 1152 Dios
1365 1117 1407 1151 N.
1435 1115 1566 1150 Sefior“
1607 1114 1668 1157 (ex
1702 1111 1897 1155 archetypo
1932 1120 1951 1143 a

195 1187 325 1231 Borgia
351 1184 562 1228 subscriptO,
590 1181 683 1226 quod
711 1182 766 1214 est
791 1179 827 1212 in
858 1177 956 1220 „EB“
987 1188 1020 1210 n.
1049 1175 1134 1215 173;
1162 1173 1270 1207 etiam
1296 1171 1331 1205 in
1358 1170 1446 1215 Epp.
1473 1168 1595 1202 Meda?
1621 1167 1671 1200 III
1697 1164 1865 1206 67-70).

314 1238 413 1281 Quod
448 1237 492 1271 ad
520 1233 821 1270 Commendonum
858 1231 1017 1274 legatum
1053 1228 1194 1267 attinet,
1231 1225 1288 1258 1110
1314 1223 1420 1269 93010
1446 1224 1528 1267 post
1553 1221 1694 1265 copiose
1720 1228 1851 1252 usurus
1877 1217 1953 1249 erat

196 1295 378 1329 Sociorum
406 1301 531 1335 opera:
559 1287 641 1322 vide
667 1286 761 1320 infra
788 1297 820 1330 p.
848 1284 927 1318 230.

315 1344 449 1387 Quodsi
477 1343 511 1377 S.
538 1341 624 1375 Pius
650 1340 693 1373 V.
721 1338 843 1373 Socios
878 1334 1117 1380 legationibus
1148 1331 1451 1373 missionibusque
1484 1325 1689 1372 apostolicis
1716 1324 1823 1358 etiam
1850 1324 1885 1356 in
1911 1322 1955 1355 iis

197 1399 409 1435 Germaniae
435 1395 608 1442 partibus,
637 1404 729 1437 quae
755 1404 776 1426 3
794 1389 985 1426 Societatis
1012 1386 1173 1430 collegiis
1199 1385 1305 1426 longe
1324 1383 1513 1421 distarent,
1539 1379 1641 1422 fungi
1659 1378 1813 1418 volebat,
1840 1375 1954 1410 Socie-

195 1454 282 1488 tatis
316 1450 512 1497 praepositi
548 1447 765 1483 metuebant.
804 1456 847 1478 ne
884 1454 925 1477 03
951 1454 988 1476 10
1015 1439 1202 1484 disciplina
1237 1437 1405 1480 religiosa
1430 1434 1727 1471 labefactam-etum
1763 1442 1804 1465 30
1830 1428 1956 1464 merito

197 1506 432 1545 confidebant,
460 1503 523 1536 Pio
542 1501 596 1542 V„
623 1500 682 1544 qui
710 1501 745 1532 et
762 1499 839 1543 ipse
857 1496 1048 1539 religiosus
1070 1493 1218 1536 (ordinis
1237 1488 1543 1530 praedicatorum)
1564 1487 1660 1520 esset
1678 1487 1713 1519 et
1731 1482 1955 1528 disciplinam

196 1560 400 1603 religiosam
428 1554 703 1598 diligentissime
729 1553 901 1590 tueretur,
927 1547 1034 1582 facile
1060 1546 1095 1580 id
1122 1544 1329 1590 persuaderi
1348 1553 1462 1587 posse.
1506 1540 1558 1574 Ea
1575 1541 1695 1573 tamen
1713 1538 1850 1571 ratione
1868 1535 1957 1569 haec

199 1616 235 1648 et
261 1625 323 1658 per
350 1610 532 1645 Canisium
560 1606 711 1650 Borgiae
747 1607 782 1638 et
808 1616 870 1649 per
897 1603 990 1636 hunc
1016 1598 1197 1645 proposita
1223 1598 1307 1631 sunt
1332 1594 1501 1640 pontifici,
1538 1603 1645 1637 quam
1674 1592 1825 1625 Sanctus
1851 1591 1957 1633 Iyna-

200 1667 270 1700 tius
295 1665 349 1705 iis,
377 1663 438 1707 qui
465 1662 568 1707 plene
594 1660 804 1702 integreque
831 1655 1059 1690 oboedientes
1086 1663 1164 1686 esse
1190 1650 1337 1690 vellent,
1365 1647 1648 1691 significaverat.
1698 1644 1752 1677 Ita
1779 1643 1872 1677 enim
1898 1640 1958 1675 ille

199 1721 235 1754 in
254 1715 576 1754 Constitutionibus
600 1711 799 1751 Societatis,
826 1709 885 1743 ubi
917 1708 977 1751 „de
996 1705 1225 1740 missionibus
1244 1701 1444 1747 Superioris
1463 1698 1672 1733 Societatis“
1694 1697 1769 1740 agit
1789 1698 1824 1730 et
1846 1706 1956 1738 „eum‚

201 1772 261 1817 qui
287 1769 476 1809 mittitur“‚
501 1766 662 1812 „plenam
685 1775 727 1798 ac
745 1763 886 1797 omnino
913 1761 1061 1795 liberam
1087 1758 1141 1792 sui
1169 1755 1436 1801 dispositionem
1455 1751 1634 1797 Superiori
1654 1778 1660 1784 .
1680 1777 1687 1784 .
1709 1777 1715 1783 .
1735 1748 1955 1792 relinquere‘

202 1826 329 1860 debere
364 1823 477 1863 docet,
513 1819 620 1854 simul
656 1818 796 1851 monet:
838 1815 924 1857 „His
960 1825 1029 1847 non
1063 1812 1241 1855 repugnat
1276 1818 1472 1853 proponere
1501 1806 1619 1839 motus
1645 1803 1753 1837 animi
1780 1803 1841 1836 aut
1868 1800 1959 1844 cogi-

201 1879 366 1917 tationes,
402 1886 492 1919 quae
519 1874 553 1906 in
581 1870 798 1906 contrarium
825 1868 1034 1905 occurrunt;
1072 1862 1292 1898 subiiciendo
1328 1871 1431 1895 suum
1457 1858 1591 1893 sentire
1618 1860 1653 1890 et
1678 1855 1772 1889 velle
1798 1855 1841 1895 ei,
1868 1854 1959 1898 quod

201 1933 314 1977 ipsius
341 1928 509 1973 Superior
536 1924 668 1959 Christi
695 1922 836 1957 Domini
863 1920 975 1954 nostri
1003 1919 1079 1952 loco
1106 1916 1257 1951 sentiret
1283 1925 1325 1948 30
1350 1912 1481 1947 vellet“
1514 1911 1569 1954 (P.
1590 1911 1620 1951 7,
1648 1921 1677 1943 c.
1703 1909 1734 1950 2,
1762 1920 1795 1942 n.
1816 1908 1832 1941 1
1862 1909 1897 1940 et
1915 1907 1960 1949 I).

203 1988 321 2028 Atque
348 1983 383 2016 in
410 1979 541 2023 insigni
567 1978 629 2012 illa
661 1977 722 2019 „de
749 1975 883 2009 virtute
910 1970 1150 2007 obedientiae“
1182 1967 1349 2013 epistula,
1377 1977 1446 2010 qua
1474 1964 1581 1997 etiam
1607 1962 1680 2002 illa,
1707 1973 1798 2006 quae
1829 1960 1960 2002 „Gene-

203 2038 269 2072 rali
296 2047 382 2079 erga
416 2034 529 2073 illum,
566 2042 670 2075 quem
698 2029 794 2063 Deus
830 2027 897 2072 ipsi
925 2025 1109 2070 praefecit,
1144 2033 1271 2066 nempe
1297 2031 1401 2054 suum
1430 2019 1463 2052 111
1488 2017 1595 2051 terris
1621 2015 1814 2055 Vicarium,
1845 2013 1961 2046 obser-

204 2090 321 2125 vanda
346 2088 465 2127 sunt“,
492 2083 759 2129 complectitur:
792 2080 885 2122 „Nec
911 2082 1032 2112 tamen
1058 2075 1190 2110 idcirco
1209 2072 1392 2112 vetamini‚
1419 2071 1449 2105 si
1468 2070 1552 2114 quid
1570 2070 1662 2103 forte
1680 2067 1781 2101 vobis
1800 2066 1962 2100 occurrat

204 2156 224 2178 a
243 2140 442 2187 Superioris
460 2138 638 2174 sententia
657 2135 849 2174 diversum,
876 2133 982 2175 idque
1000 2129 1112 2169 vobis,
1132 2127 1293 2162 consulto
1311 2124 1521 2169 suppliciter
1539 2122 1699 2162 Domino,
1718 2117 1962 2164 exponendum

206 2196 382 2235 videatur,
421 2204 489 2237 quo
516 2191 633 2225 minus
667 2189 701 2222 id
729 2188 773 2222 ad
802 2185 1027 2231 Superiorem
1064 2182 1197 2216 referre
1224 2179 1382 2225 possitis
1434 2176 1566 2210 Verum
1593 2175 1627 2208 in
1653 2174 1721 2208 hac
1746 2184 1795 2213 re,
1830 2182 1873 2205 110
1899 2181 1964 2204 vos

206 2260 304 2283 amor
329 2246 441 2281 vestri
480 2243 720 2286 iudiciumque
747 2239 912 2284 decipiat,
948 2236 1009 2270 illa
1036 2234 1153 2270 cautio
1180 2235 1235 2267 est
1261 2230 1471 2271 adhibenda,
1508 2230 1546 2263 ut
1573 2228 1688 2262 animo
1715 2225 1795 2260 sitis
1821 2226 1857 2258 et
1882 2229 1964 2257 ante

207 2305 243 2336 et
260 2303 342 2346 post
360 2299 569 2334 relationem
597 2294 822 2339 aequissimo,
850 2303 918 2325 non
942 2290 1056 2325 solum
1083 2287 1175 2332 quod
1204 2286 1358 2330 pertinet
1383 2284 1426 2317 ad
1454 2294 1532 2316 eam
1559 2292 1643 2321 rem,
1671 2279 1713 2314 de
1740 2289 1808 2322 qua
1835 2276 1964 2320 agitur,

207 2355 265 2389 vel
290 2351 552 2397 suscipiendam
572 2348 630 2383 vel
657 2346 920 2392 deponendam3
949 2343 1011 2377 sed
1038 2342 1146 2375 etiam
1173 2340 1216 2373 ad
1244 2336 1511 2383 approbandum
1538 2333 1742 2376 rectiusque
1768 2329 1965 2375 putandum

208 2407 378 2452 quidquid
406 2403 584 2449 Superiori
611 2399 806 2446 9111000111*ι
840 2398 889 2440 (0.
918 2397 972 2431 19.
999 2396 1201 2429 [nstitutum
1231 2391 1265 2425 S.
1293 2392 1324 2425 J.
1352 2390 1403 2424 ΙΙΙ
1429 2387 1597 2430 32-33).

211 2539 346 2576 1311.
457 2534 673 2573 CANlSIUS
709 2528 974 2569 SANCTO
1012 2521 1398 2563 FRANGISGO
1427 2520 1518 2557 DE
1546 2515 1830 2558 BGRGIA,
1867 2527 1966 2560 prae-

400 2591 514 2637 posito
541 2587 699 2632 generali
726 2584 916 2620 Societatis
943 2583 1034 2617 lesu.
1135 2580 1301 2622 Augusta
1323 2576 1428 2610 Vind.
1455 2574 1549 2609 circa
1574 2572 1629 2606 27.
1656 2569 1790 2614 Aprilis
1818 2570 1918 2604 1566.

332 2669 386 2703 Ex
412 2668 451 2701 P.
480 2666 623 2700 Natalis
660 2661 793 2696 litteris
829 2659 1055 2703 archetypis,
1091 2667 1183 2700 quae
1216 2656 1301 2688 sunt
1334 2653 1369 2686 in
1397 2650 1479 2685 Cod.
1511 2647 1611 2692 „EN‘
1651 2658 1684 2680 n.
1714 2645 1780 2680 120
1810 2646 1849 2687 (f.
1876 2646 1967 2688 80¹2).

215 2726 372 2759 Litterae
390 2719 530 2755 Natalis
556 2719 719 2759 integrae
738 2727 781 2748 ex
801 2713 998 2756 archetypo
1024 2710 1176 2755 primum
1197 2707 1313 2741 editae
1339 2706 1424 2739 sunt
1449 2704 1484 2737 in
1503 2702 1590 2746 Epp.
1610 2700 1730 2734 Nudae
1748 2699 1797 2732 ΠΙ
1817 2698 1966 2733 72—77.

335 2799 431 2833 Num
451 2802 480 2830 et
499 2795 625 2838 quibus
643 2803 718 2825 cum
739 2788 1003 2824 condicionibus
1020 2786 1265 2829 Maydalenae,
1292 2781 1526 2825 Margaritae,
1547 2778 1700 2810 Helenae
1718 2775 1969 2808 arche'dncissis

218 2853 471 2895 confessari'mn
499 2860 519 2881 α
549 2848 717 2881 Societate
742 2844 899 2877 dandum
926 2852 994 2873 esse
1019 2843 1162 2872 censeat.

339 2911 374 2943 P.
404 2910 642 2949 Hieronymus
677 2903 818 2937 Natalis
846 2902 881 2934 S.
908 2901 944 2933 J.
972 2900 1131 2941 Auynsta
1159 2899 1213 2929 27.
1242 2894 1382 2937 Asu-ilis
1410 2893 1499 2925 1566
1535 2889 1569 2922 S.
1596 2889 1791 2920 Franeisco
1819 2887 1970 2928 Boi-gline

219 2964 380 3005 scripsit:
417 2961 493 3005 „Yo
519 2959 627 2992 embio
652 2968 672 2989 a
700 2957 737 2989 1'.
767 2956 804 2988 P.
831 2965 892 2987 eon
921 2957 989 2985 esta
1026 2952 1058 2984 Io
1084 2961 1148 2994 que
1177 2949 1216 2981 he
1250 2948 1373 2980 egerito
1399 2957 1418 2977 a
1447 2944 1600 2977 Maestro
1628 2941 1751 2973 Dirse'o
1777 2939 1971 2972 diziendole

221 3028 285 3059 que
311 3017 446 3048 eseriua
472 3025 512 3046 su
538 3021 702 3054 pare-§cer
728 3021 748 3042 a
776 3009 814 3040 1⁷.
834 3007 871 3039 P.
899 3017 920 3049 3]
946 3006 986 3038 cle
1011 3005 1044 3037 lo
1070 3004 1192 3036 mismo
1217 3001 1258 3033 he
1283 2999 1383 3032 dicho
1409 2997 1568 3030 eserinam
1597 3004 1616 3025 (ι
1645 2993 1799 3026 Maestro
1826 2994 1970 3026 Hermes

222 3081 243 3112 y
270 3069 306 3100 al
334 3067 448 3098 Padre
478 3062 653 3098 Canisz'of‘

346 3194 355 3213 ¹
383 3191 433 3224 De
458 3190 523 3223 hoc
550 3189 690 3222 Natalis
717 3190 751 3221 et
777 3185 909 3221 Canisii
936 3182 1109 3217 desiderio
1138 3180 1217 3213 vide
1243 3188 1351 3222 supra
1377 3187 1408 3220 p.
1438 3175 1514 3208 210.
