2045 3471
218 199 302 239 660
548 195 642 230 Mon.
663 195 730 229 743
756 195 833 229 sive
860 206 972 237 germ.
987 194 1009 228 l.
1031 193 1120 236 (18).
1161 193 1216 227 25.
1235 193 1324 226 Nox:
1340 193 1426 227 —4.
1445 193 1530 226 Dee.
1553 193 1653 227 1565.

217 329 348 356 vnum
390 314 632 364 articulum,
676 328 758 367 quo
799 313 959 356 fratres
1004 313 1353 362 admonerentur,
1396 314 1445 354 vt
1485 311 1740 355 societatem
1782 313 1977 353 nostram

217 383 479 421 venerentur
501 383 545 421 et
567 379 762 432 diligant,
787 378 909 431 eique
932 377 1274 419 familiaritatem
1298 379 1341 418 et
1363 376 1679 420 humanitatem
1703 377 1934 419 ostendant
1950 377 1976 419 1.

340 459 495 501 π141111οἰιι
527 459 670 501 Canisii,
706 461 746 493 ut
781 471 826 492 ex
860 458 927 492 hac
961 458 1134 491 relatione
1168 457 1405 500 cognoscitur,
1442 457 1518 491 eius
1543 469 1651 502 opera
1676 458 1769 491 inter
1795 469 1833 491 se
1859 469 1979 491 recon-

217 512 327 546 ciliati
355 515 439 547 sunt
464 525 507 547 ac
537 513 729 558 „stipulata
755 514 882 546 manu“
914 512 945 545 ei
971 511 1213 556 promiserunt
1238 522 1276 545 se
1300 522 1501 555 „nunquam
1520 511 1742 545 deserturos‘
1765 511 1979 545 catholicam

217 566 334 600 fidem.
394 566 449 599 Ex
484 565 586 600 Hasii
622 568 740 600 autem
778 565 927 604 litteris,
966 576 1056 608 quas
1090 565 1252 608 proxime
1291 564 1397 607 (mon.
1435 564 1518 607 744)
1558 576 1706 609 ponam,
1744 563 1980 607 intellegitur,

221 619 456 661 „amicorum“
486 620 627 653 nomine
653 631 674 653 a
700 618 871 663 Dionysio
899 617 1031 651 Canisii
1064 618 1282 662 propinquos
1317 617 1525 660 significari,
1561 620 1668 661 atque
1704 617 1866 660 singulas
1902 617 1978 651 eius

217 683 358 706 sorores
393 684 473 706 cum
508 673 583 706 suis
617 672 757 706 maritis
793 683 834 705 ac
873 671 1041 713 „fratrem
1078 682 1158 704 cum
1193 682 1259 704 sua
1286 671 1470 713 coniuge“‚
1510 670 1637 705 deinde
1674 670 1800 704 horum
1836 669 1978 710 liberos,

222 725 389 768 „seorsim
416 725 518 759 binos
545 737 586 759 ac
612 726 748 765 bin0s“‚
781 725 824 758 ad
852 724 934 758 fidei
961 723 1159 757 catholicae
1186 724 1427 758 constantiam
1467 724 1510 758 ab
1537 736 1577 758 eo
1603 724 1803 758 admonitos
1830 723 1978 756 eandem

221 779 414 823 „porrectis
441 779 619 813 dexteris“
649 778 892 823 spopondisse.
944 777 1109 811 Sororem
1135 779 1254 811 autem
1283 789 1327 811 ex
1354 780 1456 822 patre
1483 777 1589 811 simul
1617 780 1651 811 et
1676 779 1792 811 matre
1823 776 1980 810 habebat

217 831 479 873 WVendelinam,
507 843 653 865 uxorem
676 831 859 865 Godefridi
885 842 967 864 vom
985 830 1105 864 Triest
1134 830 1313 875 (Treijst)‚
1340 830 1376 864 in
1403 831 1505 864 cuius
1532 831 1634 864 domo
1660 832 1747 864 tunc
1772 829 1978 870 habitabat3

218 887 326 928 atque
353 885 395 918 de
413 884 468 918 his
487 885 560 918 dixi
579 896 687 929 supra
713 896 745 928 p.
768 884 963 918 184—185.
998 883 1188 927 Degebant
1206 883 1418 927 Noviomagi
1437 884 1546 918 etiam
1572 884 1639 917 hae
1658 883 1792 917 Canisii
1818 893 1978 916 sorores:

219 937 380 981 Aegidia,
408 950 497 971 uxor
523 938 733 971 Theodorici
761 937 968 980 (Theodori)
998 948 1068 970 van
1094 936 1288 982 Rijswick;
1322 937 1540 978 Elisabetha,
1567 936 1695 970 coniux
1722 935 1865 969 Ioannis
1893 935 1978 968 Ver·

218 991 376 1035 heijden;
415 991 552 1031 Iacoba,
588 991 792 1024 Hermanno
829 1002 898 1023 van
926 989 1099 1035 Rijswick
1137 990 1221 1033 (iam
1256 990 1386 1033 tunc‘?)
1425 989 1651 1024 matrimonio
1686 990 1826 1023 iuncta:
1863 999 1978 1031 neque

219 1056 304 1077 vero
331 1044 414 1084 scio,
450 1055 533 1077 num
570 1044 636 1077 hae
663 1055 804 1087 quoque
832 1043 965 1077 Canisii
996 1055 1136 1077 sorores
1162 1043 1221 1077 vel
1248 1044 1405 1077 vixerint
1432 1043 1490 1077 vel
1517 1043 1626 1077 etiam
1652 1042 1867 1085 Novioinagi
1892 1043 1979 1075 tunc

218 1097 371 1131 fuerint:
407 1097 596 1131 Gertrudis
634 1097 741 1141 (uxor
776 1096 930 1130 Cornelii
965 1108 1035 1130 van
1071 1096 1183 1130 Udem
1197 1096 1246 1140 5³),
1280 1096 1522 1140 Hildegardis,
1558 1095 1692 1139 Tresia,
1728 1095 1857 1135 Lucia3
1896 1094 1978 1128 vide

218 1162 327 1195 supra
361 1162 393 1194 p.
422 1150 501 1184 335.
552 1150 696 1184 Fratres
732 1152 852 1184 autem
890 1151 952 1193 (ex
982 1153 1085 1195 patre
1111 1151 1269 1192 tantum)
1299 1150 1441 1185 Canisio
1475 1152 1618 1194 praeter
1652 1149 1692 1183 P.
1719 1147 1979 1182 Theodoricum

218 1203 329 1243 illuni,
365 1215 469 1246 quem
497 1203 707 1248 saepissime
734 1203 818 1244 dixi,
846 1205 949 1236 erant
978 1207 1071 1237 tres:
1108 1203 1301 1245 Geminius,
1328 1203 1423 1244 Otto,
1452 1202 1652 1237 Gisbertus.
1704 1201 1886 1235 Gerardus
1912 1201 1978 1234 sub

219 1268 249 1290 a.
272 1257 362 1290 1554
388 1256 622 1290 Adelheidem
648 1268 719 1290 van
746 1256 919 1301 Rijswick
946 1257 1093 1291 duxisse
1119 1257 1275 1290 traditur
1303 1256 1462 1300 (Anao-d,
1491 1256 1693 1296 Canisiana,
1720 1256 1756 1288 in
1786 1253 1974 1296 „Studieffl

218 1309 259 1343 D.
285 1309 312 1343 L
339 1309 460 1353 255¹);
498 1310 624 1344 deinde
658 1309 757 1353 (ante
792 1322 822 1344 a.
853 1310 958 1353 1569)
987 1311 1126 1343 Annam
1152 1309 1428 1354 Leyendeckers
1462 1310 1498 1343 in
1533 1309 1801 1342 matrimonium
1831 1307 1978 1341 duxisse

218 1363 333 1396 fertur
361 1362 481 1405 (Pazrcz.
508 1365 704 1407 Bonyaerts
730 1362 764 1397 S.
784 1363 816 1397 J.
843 1363 879 1396 in
909 1363 1142 1408 „Stamlijst“,
1178 1363 1221 1397 de
1248 1374 1318 1407 qua
1346 1375 1378 1397 v.
1410 1364 1497 1397 Can.
1524 1363 1540 1396 Ι
1567 1363 1623 1403 7”-’;
1659 1362 1873 1404 Klezjjntjens
1897 1359 1920 1394 l.
1948 1372 1976 1393 c.

219 1415 267 1459 [v.
294 1427 401 1460 supra
428 1428 459 1461 p.
488 1416 569 1460 335]
599 1418 684 1457 193;
711 1416 796 1451 alibi
822 1416 1034 1457 affirmatur,
1071 1416 1103 1450 ei
1129 1428 1159 1451 a.
1189 1416 1280 1451 1560
1306 1428 1454 1449 uxorem
1482 1416 1594 1450 fuisse
1625 1415 1856 1457 „Mettam“);
1893 1412 1978 1447 Otto

221 1469 274 1503 17.
294 1469 429 1513 Aprilis
457 1470 547 1505 1560
574 1469 749 1504 Cuneram
778 1481 847 1503 van
875 1471 937 1504 der
963 1470 1110 1508 Arrabe,
1147 1481 1253 1513 quam
1290 1469 1399 1511 vulgo
1440 1480 1529 1511 ⁷,van
1563 1469 1624 1502 der
1651 1468 1758 1502 Erre“
1788 1466 1977 1506 vocabant,

218 1534 366 1556 uxorem
399 1525 645 1567 assumpserat
674 1523 887 1567 (Bonyaerts
918 1523 940 1557 l.
968 1535 1016 1564 c.;
1055 1524 1270 1566 Klezsjntjens
1306 1522 1328 1556 l.
1356 1534 1385 1556 c.
1418 1523 1519 1562 193);
1557 1533 1648 1566 quae
1684 1521 1791 1555 etiam
1827 1531 1857 1556 a.
1889 1519 1977 1553 1572

219 1576 368 1610 vivebat
394 1577 486 1620 (Van
512 1578 578 1610 den«
596 1578 713 1620 Berqh
738 1577 760 1610 1.
781 1589 809 1610 c.
832 1576 954 1621 [supra
980 1588 1012 1620 p.
1029 1576 1111 1618 335]
1134 1575 1226 1610 156*
1252 1578 1288 1609 et-
1310 1576 1374 1609 170
1403 1575 1562 1619 [„Tafel“
1585 1573 1705 1619 etc.]);
1734 1573 1912 1612 Gisberto,
1938 1574 1979 1605 ut

219 1630 344 1671 fertur,
380 1641 411 1664 a.
441 1630 531 1664 1560
567 1630 624 1663 vel
654 1631 742 1664 1561
779 1642 870 1664 uxor
896 1632 974 1664 erat
1000 1629 1109 1663 Lucia
1139 1629 1394 1671 (Lutgardiss')
1423 1629 1561 1665 Melen:
1598 1628 1686 1662 haec
1722 1639 1751 1662 a.
1782 1627 1883 1666 1583,
1919 1625 1980 1659 ille

218 1694 248 1717 a.
279 1683 369 1717 1584
403 1683 461 1717 vel
490 1683 579 1717 1585
613 1684 689 1717 vita
725 1684 877 1718 cessisse
913 1683 1105 1717 traduntur
1142 1683 1233 1726 (Van.
1265 1684 1329 1715 den
1357 1683 1473 1725 Bet-yla
1511 1682 1534 1716 l.
1562 1693 1612 1722 c.;
1650 1682 1862 1724 Kleijntjens
1898 1679 1921 1713 l.
1948 1690 1978 1713 c.

221 1737 436 1779 193—194).
496 1737 548 1770 Ac
583 1737 672 1770 satis
708 1738 844 1770 certum
881 1738 954 1777 est,
991 1735 1190 1770 Gerardum
1226 1735 1339 1769 Kanis
1378 1740 1533 1769 exeunte
1572 1747 1603 1769 a.
1642 1735 1730 1769 1565
1765 1731 1980 1774 Noviomagi

218 1789 419 1829 habitasse;
455 1801 535 1823 nam
573 1789 608 1823 in
643 1789 775 1823 litteris
809 1789 963 1834 publicis
998 1790 1076 1823 sive
1112 1789 1320 1833 diplomatis
1345 1788 1560 1832 Noviomagi
1590 1787 1764 1828 12.Iunii‚
1805 1787 1856 1820 13.
1876 1785 1978 1826 Iunii,

221 1844 274 1878 10.
301 1842 515 1877 Novembris
541 1855 572 1877 a.
596 1844 684 1878 1565
712 1843 805 1877 datis
836 1843 979 1885 „Geerit
1008 1843 1152 1882 Kanis“,
1183 1842 1307 1884 „Gerit
1332 1842 1494 1887 Kanijs“‚
1526 1841 1648 1882 „Gerit
1674 1840 1819 1884 Kanys“
1849 1839 1979 1873 ibidem

219 1899 401 1941 comparet
431 1896 609 1939 (Joostiny
635 1897 657 1931 l.
677 1908 706 1931 c.
727 1895 849 1941 [supra
877 1909 909 1940 p.
932 1896 1010 1940 185]
1039 1897 1106 1930 287
1135 1896 1239 1939 289);
1278 1907 1324 1930 m.
1351 1895 1451 1930 Iunio
1478 1908 1509 1929 a.
1531 1895 1620 1929 1565
1647 1893 1861 1936 Noviomagi
1886 1893 1980 1926 idem

219 1961 264 1983 ex
302 1949 585 1994 „provisoribus“
625 1949 931 1983 confraternitatis
970 1949 1122 1983 Sanctae
1161 1949 1287 1983 Crucis
1326 1952 1403 1982 erat
1444 1949 1497 1991 (P.
1529 1950 1571 1982 G.
1599 1949 1642 1982 A.
1670 1949 1796 1989 Mezjer
1833 1946 1875 1980 O.
1909 1945 1980 1986 Pr„

219 2002 475 2036 Dominikaner
502 2003 667 2037 Klooster
702 2015 745 2036 en
772 2003 885 2037 Statie
922 2005 956 2036 te
991 2002 1190 2048 Nijmegen,
1227 2002 1415 2047 Nijmegen
1446 2002 1545 2042 1892,
1581 2000 1662 2046 Bijl.
1689 2012 1722 2044 p.
1750 2000 1824 2042 22).
1874 1999 1979 2033 Hunc

343 2122 353 2141 ¹
380 2121 419 2154 ln
439 2121 598 2164 generali
617 2121 682 2155 hoc
702 2124 880 2155 conventu
899 2121 976 2154 sive
996 2120 1163 2165 capitulo,
1183 2120 1388 2154 Vallisoleti
1415 2132 1445 2154 a.
1469 2120 1558 2154 1565
1576 2119 1708 2159 habito,
1737 2118 1812 2158 hoc,
1839 2118 1981 2161 praeter

219 2174 301 2216 alia,
340 2176 575 2208 constitutum
610 2177 683 2209 est:
723 2174 859 2217 „Quum
884 2176 1006 2208 noster
1033 2174 1127 2208 Ordo
1154 2174 1319 2207 Fratrum
1346 2174 1522 2207 Minorum
1549 2172 1692 2211 existat,
1724 2173 1830 2215 atque
1856 2169 1892 2203 in
1918 2168 1980 2202 hu-

220 2227 374 2261 militate
400 2228 603 2272 praecipua,
640 2230 675 2261 et
701 2228 878 2261 charitate
904 2227 1086 2268 fundatus,
1123 2228 1289 2261 nouerint
1315 2227 1460 2260 Fratres
1486 2237 1619 2266 omnes,
1646 2224 1778 2268 vbique
1803 2226 1980 2257 terrarum

221 2280 384 2325 dispersi,
411 2280 613 2324 Religiosos
639 2281 797 2315 cuiusuis
824 2280 1031 2324 Religionis,
1058 2280 1252 2320 humiliter,
1279 2282 1315 2313 et
1341 2280 1494 2313 humane
1519 2280 1695 2317 tractare;
1724 2280 1799 2310 tuin
1826 2275 1981 2310 maxime

221 2345 291 2374 eos,
319 2335 379 2377 qui
406 2334 448 2367 de
475 2333 654 2368 Societate
679 2334 816 2367 fuerint
841 2335 933 2374 Iesu,
969 2345 1058 2377 quos
1085 2334 1246 2377 diligere,
1274 2335 1310 2366 et
1335 2333 1509 2366 honorare
1536 2332 1684 2365 debent:
1722 2342 1782 2364 eos
1809 2329 1852 2363 ad
1878 2330 1980 2362 actus

221 2386 411 2427 litei-arios,
443 2387 486 2421 ad
513 2387 700 2421 Festorum
725 2389 929 2421 nostrorum
956 2386 1264 2426 coelebrationem,
1301 2386 1461 2429 aliosque
1487 2385 1648 2430 publicos
1674 2386 1787 2424 actus,
1822 2382 1866 2416 ad
1893 2392 1982 2425 quos

220 2440 338 2473 solent
363 2440 535 2483 Religiosi
563 2441 762 2480 conuenire,
799 2452 879 2474 cum
915 2440 1091 2474 charitate
1127 2440 1291 2480 inuitare,
1328 2442 1364 2473 et
1392 2439 1595 2484 suscipere:
1630 2449 1745 2481 neque
1779 2438 1981 2470 nostrorum

221 2493 411 2536 quisquam
438 2494 568 2527 audeat
594 2494 656 2533 eis,
683 2493 835 2538 publice,
863 2493 919 2527 vel
947 2494 1087 2527 occulte
1113 2492 1334 2527 detraheref‘
1372 2492 1426 2526 Ita
1452 2493 1487 2525 in
1511 2491 1770 2533 „Chronoloyia
1797 2487 1981 2522 historico-

221 2544 329 2588 legali
357 2546 541 2590 Seraphici
569 2546 713 2580 Ordinis
740 2547 906 2580 Fratrum
933 2546 1109 2580 Minorum
1138 2546 1262 2580 Sancti
1289 2546 1408 2580 Patris
1427 2545 1627 2579 Francisci“
1657 2544 1683 2584 Ι,
1709 2541 1859 2586 Neapoli
1881 2540 1981 2580 1650,

222 2598 301 2637 327,
328 2601 364 2632 et
390 2599 425 2632 in
451 2601 633 2633 Domz'niei
658 2601 698 2632 de
720 2601 935 2633 Gubernata‘s
961 2599 1001 2634 Ο.
1023 2599 1059 2633 F.
1080 2600 1125 2633 M.
1150 2599 1265 2640 „Orbe
1292 2598 1498 2643 seraphico‘
1522 2598 1582 2637 111,
1611 2597 1744 2630 Romae
1773 2595 1874 2633 1684,
1901 2593 1980 2634 354,

221 2653 329 2694 atque
359 2651 556 2693 (latinitate
583 2652 744 2686 nonnihil
770 2652 945 2696 expolita)
975 2653 1010 2686 in
1029 2653 1128 2685 Petri·
1146 2653 1407 2685 Ribadenez‘rae
1425 2650 1460 2685 S.
1476 2651 1508 2685 J.
1534 2650 1638 2692 „Vita
1656 2648 1788 2691 Ignatii
1806 2646 1968 2680 Loiolae“

222 2702 434 2746 Ingolstadii
462 2706 561 2746 1590,
598 2705 796 2739 223—224.
851 2705 960 2739 Cuius
995 2705 1128 2738 decreti
1164 2705 1363 2749 proximam
1398 2715 1543 2738 causam
1579 2712 1774 2745 cognoscas
1807 2700 1893 2733 licet
1927 2710 1982 2738 ex,

223 2756 409 2800 Sacchino,
438 2758 530 2791 Hist.
558 2758 593 2792 S.
620 2758 651 2792 J.
679 2759 740 2798 ΙΙΙ,
766 2758 789 2792 l.
819 2760 847 2800 1,
875 2770 908 2793 n.
938 2759 1015 2792 120.
1067 2759 1104 2792 S.
1132 2759 1349 2791 Franczscus
1373 2758 1526 2801 Bor-qius
1553 2756 1664 2789 Roma
1690 2754 1745 2788 30.
1769 2752 1982 2786 Novembris

226 2808 315 2842 1565
355 2809 545 2844 Societatis
582 2811 807 2855 praepositos
848 2811 1090 2856 provinciales
1132 2811 1206 2854 (vel
1245 2821 1387 2851 omnes,
1426 2809 1485 2843 vel
1521 2820 1601 2853 reos,
1641 2807 1702 2851 qui
1738 2806 1773 2840 in
1809 2805 1983 2850 Hispania

224 2861 476 2905 versabantur)
514 2864 557 2896 de
591 2863 655 2897 hoc
690 2864 833 2898 decreto
869 2864 1069 2898 *certiores
1104 2864 1192 2897 fecit
1227 2866 1264 2897 et
1298 2864 1350 2897 sic
1384 2862 1541 2896 monuit:
1583 2860 1736 2903 ,Olgare
1775 2870 1843 2902 que
1877 2869 1916 2891 se
1950 2858 1984 2891 el

225 2912 341 2946 Padre
369 2914 520 2948 General
548 2916 672 2956 dellos,
708 2919 784 2950 esta
821 2929 862 2950 en
899 2928 960 2950 esa
986 2916 1177 2950 Prouincia
1212 2927 1250 2949 se
1285 2915 1318 2949 le
1354 2916 1421 2949 den
1454 2914 1595 2958 gracias
1621 2913 1664 2946 de
1690 2913 1737 2945 mi
1763 2913 1865 2955 parte
1890 2922 1915 2954 y
1942 2910 1984 2943 de

225 2965 308 2998 toda
333 2965 368 2999 la
395 2967 588 3012 Compania
623 2969 702 3002 dela
737 2969 906 3003 eharidad
943 2981 1012 3012 que
1047 2980 1134 3013 para
1170 2981 1236 3002 con
1271 2968 1341 3002 ella
1376 2968 1446 3001 han
1481 2966 1673 3006 mostrado,
1707 2977 1731 3009 y
1766 2963 1797 2997 si
1832 2975 1895 3008 por
1920 2974 1984 2996 303

226 3016 370 3058 uiniere,
397 3022 459 3052 tan
484 3021 565 3054 bien
590 3021 756 3055 haremos
782 3033 845 3055 aca
872 3022 904 3054 el
930 3033 1065 3055 mesmo
1092 3021 1230 3055 officio“
1264 3022 1325 3063 (ex
1352 3032 1473 3065 apogr.
1493 3019 1604 3054 eiusd.
1623 3020 1732 3061 temp.
1768 3016 1850 3050 Cod.
1873 3015 1983 3060 „Epp.

228 3069 329 3113 Hisp.
356 3070 520 3116 [Praepp.
541 3072 667 3116 Genu]
697 3075 787 3108 1564
816 3075 925 3108 1566“
957 3075 979 3107 f.
1007 3075 1119 3116 14212).
1170 3074 1222 3107 De
1249 3073 1404 3117 capitulo
1430 3073 1491 3107 illo
1519 3070 1768 3106 vallisoletano
1804 3069 1848 3102 cf.
1875 3069 1982 3102 etiam

232 3123 409 3162 „Annales
436 3124 621 3166 Minor-um,
657 3127 883 3160 continuatos
909 3139 930 3160 a
958 3127 996 3161 P.
1024 3127 1060 3160 F.
1092 3127 1263 3160 Caietano
1290 3127 1490 3160 Michelesio
1517 3123 1697 3158 Asculano
1723 3122 1810 3155 Min.
1831 3120 1983 3155 Observ.

228 3174 267 3209 T.
294 3175 393 3216 Xx“,
421 3177 475 3209 Ad
503 3176 626 3211 claras
654 3180 776 3222 Aquas
806 3179 904 3220 1899,
932 3180 1082 3213 23—29.
