2045 3471
187 207 280 242 Mon.
301 207 368 242 718
395 207 472 241 sive
499 206 558 241 dil.
578 205 669 252 (22).
709 205 780 240 Sub
806 204 962 239 medium
988 215 1033 238 m.
1053 203 1143 238 Nov.
1165 203 1274 246 (inter
1300 203 1332 237 d.
1352 203 1383 236 6.
1403 204 1439 236 et
1475 201 1546 245 19.)
1569 201 1669 235 1566.
1737 203 1820 243 629

55 324 156 359 velut
182 336 317 358 annuos
336 335 476 365 census,
502 324 570 368 ipsi
597 323 768 358 Societati
794 322 898 367 plene
924 322 1035 356 libere
1062 333 1102 355 ac
1128 320 1411 355 iri-euocabiliter
1437 319 1472 353 in
1499 321 1710 364 perpetuum
1737 318 1823 351 cedo

56 378 221 411 renuntio
257 379 294 411 et
319 389 390 411 vna
425 389 506 411 cum
540 388 605 411 suo
641 375 785 421 capitali
822 375 993 420 appli00.“
1048 375 1098 408 Ac
1135 374 1240 419 paulo
1277 374 1369 407 infra
1404 372 1493 406 haec
1519 372 1649 406 addere
1675 371 1822 405 statuit:
1849 371 1856 379 ¹

60 431 130 472 „At
154 430 185 464 si
211 430 367 464 fortasse
393 441 620 464 successores
646 428 769 468 nostri,
797 430 860 462 aut
885 428 1071 471 antiquum
1091 426 1212 461 Sancti
1233 426 1441 470 Hieronymi
1470 425 1668 468 Collegium
1696 424 1824 468 quouis

57 483 159 517 modo
177 482 233 516 ius
251 482 404 526 aliquod,
431 482 489 516 uel
508 482 683 516 actionem
703 481 823 521 ullam,
851 492 914 515 seu
933 480 1193 514 restitutionem
1222 479 1476 524 pretenderent
1501 478 1544 512 de
1570 478 1637 511 hac
1663 477 1824 511 cessione

56 538 180 570 nostra
215 537 250 569 et
285 535 525 580 applicatione
554 535 665 570 .1400.
694 534 907 568 florenorum
944 533 1106 577 supplico
1143 532 1377 566 Sanctissimo
1415 531 1455 565 D.
1482 530 1525 565 N.
1552 531 1640 564 uelit
1675 532 1714 564 ut
1747 530 1824 575 ipse

56 600 159 624 suam
194 589 230 622 in
264 588 330 622 hoc
365 588 581 622 sententiam
617 587 791 621 aduersus
826 586 1028 620 huiusmodi
1064 585 1337 630 praetendentes
1374 595 1544 628 expresse
1579 583 1763 617 declarare
1790 585 1826 616 et

57 643 245 687 praeterea
270 641 301 676 si
327 652 416 685 opus
442 640 552 675 fuerit
576 652 686 685 super
711 652 752 674 eo
779 640 997 684 dispensare,
1025 641 1060 672 et
1086 641 1262 682 quatenus
1290 649 1378 682 opus
1404 638 1513 671 fuerit
1538 637 1605 681 ipsi
1631 636 1825 670 instantiae

58 695 279 729 sufficienter
305 694 488 737 derogare.
535 693 829 737 Quandoquidem
856 693 972 736 quoad
1000 692 1254 726 .1400.fl01·en.
1282 691 1484 735 praedictos
1511 689 1652 729 attinet,
1679 689 1826 723 fuerunt

58 748 110 782 illi
136 760 199 792 pro
226 747 385 791 antiquis
410 747 673 792 professoribus
699 746 867 791 stipendij
894 745 970 780 loco
997 757 1018 779 a
1043 756 1099 779 me
1125 744 1224 789 prius
1249 742 1439 788 expe[nsi.]
1483 743 1550 777 Sed
1578 743 1636 786 qui
1664 743 1707 776 ad
1734 742 1825 782 illos,

59 803 96 835 et
121 801 295 835 Alumnos
322 800 411 834 alios
438 799 560 834 Sancti
589 799 796 844 Hieronymi
824 798 1089 838 sustentandos,
1121 800 1157 832 et
1182 798 1224 831 ad
1253 797 1342 831 alios
1369 808 1456 831 usus
1483 796 1653 839 Collegio,
1679 797 1716 829 et
1741 794 1825 829 Vni-

58 854 223 888 uersitati
258 853 481 887 necessarios
515 852 660 886 minime
695 851 943 892 sufficiebant,
979 853 1020 885 ut
1054 850 1200 895 proinde
1235 850 1426 894 quotannis
1462 861 1506 882 ex
1541 849 1649 882 bursa
1683 848 1825 892 propria

59 909 225 952 sumptus
260 906 312 940 illi
344 906 432 940 mihi
466 905 601 939 fuerint
634 905 800 943 faciendi,
836 907 944 948 atque
978 903 1190 948 supplendi:
1226 915 1337 947 quare
1370 902 1518 946 indigna
1551 914 1620 935 non
1646 901 1827 935 uidebitur

59 959 264 994 huiusmodi
290 958 485 1002 derogatio,
512 970 619 1002 quam
646 969 666 992 a
693 958 927 992 Sanctissimo
953 957 995 991 D.
1022 957 1064 991 N.
1091 957 1221 990 iterum
1245 958 1337 1001 peto,
1364 958 1404 989 ut
1430 955 1528 989 nullo
1554 965 1712 998 unquam
1737 956 1826 988 tem-

59 1024 145 1057 pore
170 1014 294 1047 contra
321 1011 517 1054 Collegium
545 1011 735 1045 Societatis
764 1011 929 1053 Dilingae
954 1009 1027 1054 l[is]
1064 1012 1127 1044 aut
1161 1009 1254 1044 actio
1288 1009 1363 1042 ulla
1398 1008 1543 1048 moueri,
1580 1010 1617 1041 et
1641 1018 1756 1051 neque
1784 1007 1826 1040 de

60 1067 147 1107 iure,
181 1077 296 1110 neque
332 1066 374 1100 de
409 1066 504 1099 facto
530 1065 655 1099 haberi
686 1065 811 1109 possit,
847 1066 957 1108 utque
983 1064 1195 1098 decernatur
1220 1063 1361 1097 irritum
1388 1074 1467 1096 esse
1493 1072 1650 1107 prorsus,
1685 1061 1715 1095 si
1742 1060 1827 1104 quid

61 1119 252 1164 aliquando
278 1121 403 1153 contra
428 1118 631 1152 huiusmodi
657 1118 923 1161 derogationem
950 1117 1042 1151 forte
1061 1117 1104 1151 ab
1123 1116 1195 1150 ullo
1222 1115 1528 1161 praetenderetur,
1555 1117 1617 1148 aut
1642 1113 1828 1159 praetendi

60 1173 194 1218 possit“
227 1172 387 1215 („Germ.
414 1171 498 1216 Sup.
525 1172 636 1206 Fund.
664 1172 699 1205 1⁸
729 1172 754 1205 f.
783 1171 850 1206 342
877 1171 975 1214 343).
1027 1169 1136 1209 Haec,
1162 1169 1318 1213 inquam,
1355 1168 1547 1203 cardinalis
1573 1169 1658 1201 tunc
1684 1167 1827 1211 quidem

61 1227 241 1260 statuerat
265 1225 414 1266 addere;
441 1227 568 1270 postea
594 1226 726 1265 tamen,
753 1224 900 1258 consilio
926 1225 1075 1263 mutato,
1103 1234 1144 1256 ea
1170 1222 1334 1256 omisisse
1360 1221 1514 1256 videtur.

157 1278 334 1313 Videntur
361 1278 469 1312 etiam
492 1289 538 1312 m.
558 1277 751 1311 Novembri
776 1289 807 1311 a.
826 1277 915 1311 1566
943 1288 962 1310 a
981 1275 1153 1310 cardinali
1172 1277 1331 1309 statutae
1349 1286 1428 1308 esse.
1448 1274 1546 1317 (vide
1564 1285 1674 1318 supra
1691 1284 1725 1318 p.
1740 1272 1826 1317 625)

62 1332 154 1366 duae
188 1331 280 1366 aliae
314 1332 532 1366 mutationes
565 1331 767 1365 litterarum
804 1329 1034 1363 fundationis.
1084 1329 1124 1362 In
1160 1327 1415 1362 commentario
1451 1327 1556 1367 enim,
1592 1326 1685 1370 quod
1720 1337 1828 1370 saepe

63 1385 147 1426 dixi,
172 1396 280 1419 manu
306 1384 419 1429 ipsius
448 1385 588 1418 canisii
613 1383 881 1426 *significatum
909 1385 974 1423 est,
1008 1382 1118 1416 verba
1150 1381 1367 1426 „Episcopus
1392 1393 1455 1425 pro
1481 1383 1640 1424 tempore
1668 1379 1828 1413 existens

65 1437 121 1481 (ut
155 1438 224 1472 iam
251 1438 387 1472 dictum
414 1438 483 1481 est)
521 1436 720 1471 tenebam-²
752 1438 818 1471 etc.
858 1435 955 1478 (vide
982 1446 1090 1479 supra
1116 1447 1149 1479 p.
1177 1434 1262 1477 309)
1299 1435 1350 1468 ita
1384 1434 1606 1467 immutanda
1640 1444 1738 1466 esse:
1779 1431 1829 1473 „si

62 1502 128 1525 nec
163 1502 229 1534 ego
263 1493 403 1525 tantum
429 1493 513 1524 ante
538 1493 690 1524 mortem
715 1488 965 1533 relinquerem,
992 1488 1085 1522 vnde
1111 1487 1173 1521 illa
1200 1487 1358 1532 suppleri
1394 1488 1550 1531 possent,
1587 1485 1694 1520 etiam
1721 1487 1829 1529 atque

63 1544 170 1578 etiam
189 1544 336 1578 obsecro
354 1549 478 1578 meosa
495 1554 722 1578 successores
742 1543 944 1587 Episcopos‚
972 1543 1012 1575 ut
1029 1553 1091 1586 pro
1110 1552 1175 1574 sua
1195 1540 1400 1574 Christiana
1424 1539 1600 1574 charitate
1625 1538 1828 1583 suppleant,

65 1598 157 1642 quod
184 1609 250 1641 ego
276 1599 390 1631 morte
416 1599 643 1642 praeuentus,
680 1595 827 1630 eorumb
862 1595 981 1638 gratia
1006 1596 1191 1639 praestare
1217 1605 1286 1627 non
1312 1593 1422 1638 potui,
1457 1595 1498 1626 ut
1524 1604 1568 1626 ex
1594 1591 1712 1626 animo
1738 1591 1828 1625 desi-

65 1651 205 1691 deraui;
242 1653 278 1684 et
303 1650 408 1695 paulo
434 1650 537 1692 infra,
571 1649 630 1684 ubi
657 1649 850 1683 cardinalis
876 1649 918 1681 de
949 1647 1236 1690 „successoribus
1262 1647 1348 1686 suis,
1376 1648 1412 1680 et
1437 1645 1603 1690 capitulo,
1640 1647 1676 1678 et
1701 1644 1825 1679 Cler0“

64 1704 223 1738 dixerat:
254 1703 520 1746 „Conscientias
547 1714 667 1737 eorum
695 1703 801 1736 etiam
829 1713 935 1735 onero
960 1701 1002 1734 ad
1022 1702 1096 1734 tam
1115 1700 1272 1734 salutare
1291 1710 1379 1744 opus
1397 1698 1686 1744 perficiendu1n“,
1713 1697 1829 1731 dicen-

67 1757 149 1791 dum
177 1757 296 1801 potius
323 1768 420 1791 esse:
461 1756 703 1799 „Charitatem
741 1767 858 1789 eorum
896 1754 1038 1798 appello
1074 1755 1109 1786 et
1145 1753 1358 1787 obtestatam
1394 1752 1473 1786 uolo
1500 1753 1544 1786 ad
1571 1754 1643 1785 tam
1671 1751 1830 1785 salutare

68 1822 157 1855 opus
183 1810 456 1855 perficiendum“
490 1809 528 1852 (l.
555 1821 584 1844 c.
611 1809 636 1843 f.
663 1808 920 1849 339b—340²);
955 1809 993 1841 at
1028 1807 1123 1851 prior
1149 1806 1211 1840 illa
1237 1806 1409 1840 correctio
1440 1806 1508 1847 („si
1535 1817 1600 1838 nec
1627 1806 1712 1848 ego“
1744 1804 1826 1847 etc.)

67 1865 202 1908 postea,
229 1863 333 1896 lineis
358 1862 591 1903 transmissis,
618 1861 760 1895 sublata
787 1864 851 1894 est.

183 1917 325 1950 Natalis
350 1919 426 1950 tum
452 1927 498 1949 m.
526 1915 614 1949 Iulio
640 1917 716 1948 tum
743 1926 788 1948 m.
816 1913 1009 1947 Novembri
1037 1924 1068 1946 a.
1098 1913 1186 1947 1566
1214 1912 1379 1955 Dilingae
1406 1911 1449 1945 de
1476 1910 1723 1950 universitate,
1759 1909 1828 1944 col-

63 1969 158 2013 legio
183 1969 384 2010 Societatis,
420 1968 650 2003 contubernio
676 1968 709 2002 S.
739 1967 945 2010 Hieronymi
982 1965 1165 2010 complura
1201 1966 1397 2003 constituit,
1434 1976 1525 2008 quae
1560 1963 1711 2006 vulgata
1745 1965 1830 1996 sunt

64 2023 194 2068 partim
229 2034 250 2056 a
280 2024 407 2056 Gomez
432 2022 577 2055 Rodeles
602 2021 625 2056 1.
653 2033 682 2055 c.
710 2020 917 2060 ‘lezi-773,
952 2019 1083 2064 partim
1116 2018 1152 2052 in
1184 2018 1273 2063 Epp.
1302 2019 1423 2052 Nadal
1448 2017 1497 2051 IV
1524 2017 1721 2051 257—265.
1774 2015 1828 2049 Ex

65 2076 193 2120 quibus
218 2075 285 2109 hoc
310 2075 387 2108 loco
413 2074 502 2108 haec
526 2076 667 2108 tantum
695 2085 803 2118 pono:
835 2072 891 2114 „Si
911 2071 1126 2105 commodior
1143 2072 1234 2105 ratio
1253 2071 1404 2105 inueniri
1424 2082 1492 2104 non
1519 2070 1633 2115 possit
1651 2068 1829 2103 scribendi

65 2131 188 2163 contra
222 2128 434 2169 haereticos,
472 2129 508 2161 et
533 2126 769 2172 respondendi
806 2137 925 2159 eorum
953 2124 1152 2169 calumnijs,
1188 2124 1250 2158 illa
1276 2125 1459 2158 videretur
1486 2134 1564 2157 esse
1590 2121 1828 2166 suscipienda,

66 2182 117 2216 Vt
134 2181 174 2215 D.
191 2181 320 2216 Torres
335 2181 345 2201 ¹
364 2183 398 2214 et
416 2181 457 2214 D.
473 2180 626 2214 Pisanus
644 2179 869 2224 susciperent
887 2178 967 2212 illas
986 2178 1249 2212 controuersias
1268 2178 1311 2211 de
1328 2178 1457 2221 quibus
1477 2179 1572 2211 esset
1590 2175 1828 2216 scribendum,

64 2235 99 2269 in
126 2234 279 2280 publicis
305 2233 518 2267 lectionibus
545 2232 787 2277 explicandas,
822 2232 915 2265 unde
941 2233 1089 2276 possent
1123 2231 1249 2265 deinde
1276 2231 1333 2264 uel
1360 2230 1618 2269 conclusiones,
1652 2228 1711 2262 uel
1737 2228 1828 2273 posi-

64 2288 196 2327 tiones,
230 2289 294 2321 aut
328 2286 490 2321 libellum
525 2286 699 2320 conficere
732 2287 857 2319 contra
892 2284 1101 2318 haereticos.
1154 2283 1363 2318 Emendatio
1400 2282 1665 2317 conclusionum
1701 2281 1828 2315 harum

64 2340 122 2375 uel
148 2340 260 2374 libelli
285 2340 345 2383 qui
372 2341 469 2373 esset
494 2339 685 2379 aedendus,
712 2338 826 2382 prima
853 2338 921 2371 erit
940 2337 1130 2371 Doctorum
1157 2337 1255 2371 illius
1273 2336 1532 2375 vniuersitatis,
1558 2335 1617 2369 ubi
1640 2334 1828 2376 scribetur,

65 2394 191 2428 deinde
217 2392 382 2427 mittetur
408 2393 452 2426 ad
479 2392 585 2426 aliam
615 2391 911 2425 Vniuersitatem2
931 2417 937 2424 .
958 2390 1085 2424 vltima
1111 2402 1195 2424 uero
1222 2389 1430 2435 approbatio
1465 2388 1533 2422 erit
1558 2388 1691 2429 Trium,
1726 2387 1829 2421 iuxta

63 2447 338 2481 constitutiones
351 2447 373 2487 ³,
408 2445 575 2479 nimirum
602 2445 640 2478 P.
668 2443 914 2484 Prouincialis,
942 2445 1057 2478 Patris
1083 2443 1291 2477 Theoderici
1304 2445 1326 2483 ί,
1363 2445 1400 2476 et
1426 2442 1466 2476 D.
1495 2441 1625 2479 Pisani.
1661 2441 1692 2475 si
1718 2440 1829 2475 Pater

64 2500 192 2534 'l'orres
226 2499 371 2539 scribat,
406 2498 463 2532 uel
491 2498 655 2532 Doctoris
680 2497 819 2538 Torres,
855 2497 884 2530 si
912 2496 1020 2530 Pater
1047 2496 1129 2530 Pisa
1164 2496 1317 2530 scribat“
1358 2496 1419 2539 (ex
1455 2506 1571 2529 rerum
1608 2493 1772 2536 Dilingae
1807 2505 1829 2528 a

64 2551 194 2587 Natale
220 2551 497 2586 constitutarum
522 2550 686 2591 indiculo,
713 2550 837 2583 eodem
863 2549 938 2583 fere
964 2552 1123 2593 tempore
1149 2560 1170 2583 a
1188 2549 1228 2582 P.
1246 2548 1380 2582 Didaco
1399 2548 1558 2582 Jimenez
1576 2547 1610 2582 S.
1631 2547 1663 2581 J.
1682 2547 1828 2591 scripto,

66 2605 127 2649 qui
163 2607 219 2639 est
252 2604 288 2638 in
319 2603 456 2646 „N1G“‚
492 2603 517 2637 f.
546 2603 624 2643 13³2
660 2602 768 2636 etiam
801 2602 893 2646 apud
925 2604 1052 2635 Gomez
1077 2603 1223 2635 Rodeles
1257 2601 1280 2636 l.
1307 2613 1336 2635 c.
1364 2602 1461 2641 768).
1517 2600 1587 2641 „De
1622 2599 1828 2633 ordinandis

65 2657 236 2702 relinqujt
262 2657 302 2691 R.
330 2656 369 2690 P.
396 2655 537 2690 Natalis
572 2655 755 2698 negotium
782 2655 881 2688 Patri
908 2654 1157 2689 Prouinciali.“
1216 2655 1392 2696 „Jacobus
1419 2653 1571 2687 Flander
1607 2653 1666 2696 qui
1702 2654 1756 2686 est
1790 2652 1826 2686 in

65 2711 215 2753 collegio
242 2709 509 2754 OEnipontano,
543 2709 573 2742 si
604 2707 702 2741 illhic
738 2719 805 2741 non
833 2707 998 2741 videatur
1032 2707 1268 2748 necessarius,
1304 2719 1369 2741 nec
1404 2719 1466 2751 pro
1502 2706 1629 2745 culina,
1664 2717 1729 2739 nec
1764 2716 1827 2749 pro

66 2763 146 2798 aliis
164 2762 384 2807 ministerijs,
411 2761 542 2806 poterit
568 2760 667 2794 illum
694 2771 846 2794 auocare
872 2760 910 2795 P.
939 2760 1186 2801 Prouincialis,
1213 2760 1307 2793 sicut
1332 2761 1498 2804 coeperat
1523 2758 1693 2792 tractaric
1712 2757 1825 2792 OEni-

66 2816 174 2861 ponti,
209 2814 422 2861 praesertim
458 2814 487 2848 si
524 2814 559 2847 in
585 2813 704 2857 aliquo
731 2812 880 2856 collegio
908 2813 1074 2847 videatur
1098 2813 1324 2847 necessarius
1359 2824 1421 2857 pro
1448 2812 1574 2846 ultima
1600 2811 1734 2846 classe⁴⁶
1765 2811 1827 2853 (ex

65 2872 335 2914 praeceptorum
344 2867 484 2902 Natalis
496 2867 756 2910 dilinganorum
771 2866 937 2908 catalogo
952 2866 1074 2900 eodem
1090 2867 1164 2899 fere
1178 2868 1338 2910 tempore
1353 2877 1373 2899 a
1387 2865 1566 2899 RDidaco
1578 2865 1737 2900 Jimenez
1749 2863 1825 2898 S.J.

186 2939 214 2970 a)
235 2940 282 2964 Ita
303 2940 405 2969 (manu
425 2937 496 2966 alia,
516 2939 547 2960 ut
568 2936 695 2961 videtur)
716 2938 876 2960 correctum
896 2938 937 2960 est
957 2943 993 2960 ex
1013 2934 1218 2965 obsecramus,
1238 2935 1312 2967 qnod
1328 2936 1396 2960 Can.
1410 2935 1578 2966 scripserat.
1641 2932 1671 2965 b)
1692 2934 1826 2959 Primum

67 2988 85 3006 a
106 2981 174 3006 Can.
194 2981 335 3011 scriptum
354 2982 419 3004 erat
439 2984 544 3003 eorum
565 2976 696 3010 quidem.
768 2978 794 3008 c)
815 2978 862 3002 Ita
882 2977 912 3001 in
933 2978 1040 3002 (trehet.
1061 2980 1219 3002 correctum
1240 2979 1280 3002 est
1301 2984 1337 3001 ex
1356 2975 1498 3002 tractare.

189 3085 197 3104 ¹
224 3084 263 3118 P.
290 3084 532 3128 Hieronymus
557 3082 756 3116 Torrensis.

186 3137 199 3157 ²
224 3136 479 3179 significantur
504 3135 761 3170 universitates
787 3134 970 3178 dilingana
997 3137 1033 3169 et
1058 3134 1360 3177 ingolstadiensis.

187 3191 199 3210 ³
225 3189 264 3225 P.
291 3191 322 3231 3,
349 3201 378 3224 c.
408 3190 437 3231 1,
463 3200 496 3222 n.
526 3189 579 3223 18.
725 3190 736 3208 ⁴
763 3187 834 3222 PP.
862 3188 1009 3222 Petrum
1037 3190 1071 3221 et
1096 3187 1353 3222 Theodoricum
1381 3186 1542 3222 Canisios
1569 3187 1666 3222 dicit.
