2045 3471
175 210 257 251 668
537 206 631 239 Mon.
653 206 718 240 747
746 206 824 240 sive
851 217 964 249 germ.
982 205 1006 241 1.
1027 205 1117 249 (22).
1159 205 1323 239 Exeunte
1350 216 1441 239 anno
1462 205 1563 239 1565.

291 327 369 367 Pio
390 326 463 367 IV.
500 327 656 367 Romae
689 327 727 366 9.
753 325 996 367 Decembris
1029 327 1142 367 1565
1175 326 1260 365 vita
1292 324 1449 378 functo,
1484 326 1527 365 S.
1553 324 1809 365 franciscus
1831 325 1937 365 Bor-

173 393 266 446 *qaas
299 392 516 433 Societatz‘s
545 391 814 444 praepositus
843 390 1055 444 qeneralis
1087 391 1220 432 Roma
1255 392 1323 430 12.
1349 389 1590 430 Decembris
1614 391 1729 431 1565
1760 390 1937 443 Illoqun-

173 457 276 496 tiam
320 456 380 496 acl
423 456 471 496 P.
504 456 738 496 Antonium
769 455 902 496 Vinck:
947 456 990 497 S.
1023 455 1066 497 J.
1108 456 1350 508 provinciae
1395 455 1612 495 rhenanae
1650 455 1938 508 praepositum

172 523 334 562 litteras
367 522 492 573 misit,
536 521 687 574 quibus
719 534 810 561 eum
853 520 966 572 haee,
1009 524 1180 574 praeter
1221 521 1322 570 alia,
1366 519 1580 560 monebat:
1625 518 1705 560 Gia
1736 518 1764 559 il
1798 518 1938 560 Padre

175 584 343 626 Canisio
376 599 477 626 sara
509 598 629 626 come
652 583 873 637 pensiamo
897 587 1073 637 passato
1098 584 1139 625 di
1161 584 1216 633 la,
1251 586 1295 625 et
1317 584 1430 625 fatto
1453 584 1480 624 l'
1500 583 1641 625 officio
1665 583 1775 624 eonli
1799 582 1940 624 Reue-

175 649 418 691 rendissimi
450 648 744 698 Areiuescoui,
787 648 950 690 benehe
984 649 1109 690 conJa
1148 651 1288 690 morte
1321 649 1373 689 de
1405 662 1483 690 sua
1517 647 1689 690 Santita
1731 647 1941 689 0011110113

174 715 277 757 lassi
309 716 335 756 l'
361 714 502 756 officio
536 727 787 763 commesso,
823 713 932 755 done
964 714 1005 754 lo
1038 713 1222 767 pigliera
1255 714 1319 756 tal
1352 727 1477 755 noua.

295 800 460 835 Canisius
496 801 531 834 in
557 800 736 834 Brevibus
771 800 849 834 sive
883 800 1016 833 litteris
1053 800 1342 842 credentialibus,
1378 811 1468 843 quas
1504 799 1616 833 Roma
1650 810 1771 833 seeum
1807 798 1940 839 attulit,

174 865 245 887 non
275 856 416 896 „noster
442 856 478 888 et
496 853 726 898 Apostolicae
745 852 847 887 Sedis
873 853 1041 887 nuntius“
1068 856 1228 895 vocatur,
1255 853 1319 887 sed
1346 855 1486 886 tantum
1513 853 1644 887 dicitur
1668 852 1723 886 Pii
1750 852 1810 886 lV.
1837 851 1940 895 fungi

176 907 374 949 legatione,
411 919 523 951 eaque
557 908 698 941 tantum
735 907 779 940 ad
815 909 932 940 certas
967 906 1139 950 quasdam
1177 918 1305 940 causas
1341 909 1377 940 et
1403 906 1549 949 negotia
1574 907 1772 950 spectante.
1823 904 1941 946 Quare

174 960 231 994 Pii
257 960 317 994 IV.
344 962 458 994 morte
485 961 561 994 eius
588 960 806 1002 legationem
832 959 1017 993 terminari
1044 971 1191 993 neeesse
1219 961 1306 994 erat.
1356 960 1477 1003 Atque
1512 959 1620 993 etiam
1656 959 1700 992 ad
1726 959 1824 1003 ipsos
1849 957 1940 991 ordi-

175 1013 305 1053 narios,
342 1025 430 1057 quos
465 1024 648 1052 vocamus,
684 1012 830 1046 nuntios
866 1012 942 1046 eius
977 1013 1150 1057 temporis
1186 1012 1307 1056 aliqua
1337 1013 1475 1046 ratione
1510 1012 1545 1046 id
1581 1012 1759 1057 pertinere
1786 1011 1940 1052 videtur,

176 1066 269 1110 quod
295 1067 338 1100 de
363 1070 523 1110 tempore
550 1066 655 1110 paulo
681 1066 865 1110 superiore
891 1065 1049 1099 affirmat
1076 1068 1161 1099 Ant.
1180 1067 1330 1109 Pieper:
1367 1065 1513 1107 „Gleich
1549 1065 1704 1108 anfangs
1731 1064 1847 1098 finden
1876 1063 1941 1097 wir

175 1119 232 1152 die
250 1108 506 1163 Ansehauung
534 1117 604 1153 dass
631 1119 698 1152 mit
724 1119 803 1152 dem
822 1118 920 1152 Tode
946 1119 1009 1152 des
1035 1119 1189 1163 Papstes
1216 1119 1308 1152 auch
1336 1119 1392 1152 die
1419 1118 1588 1161 Sendung
1615 1118 1677 1152 des
1703 1117 1859 1151 Nuntius
1886 1117 1942 1150 ihr

177 1172 275 1206 Ende
301 1172 474 1207 erreioht‘
507 1173 591 1216 (Zur
610 1171 1069 1214 Entstehungsgeschichte
1089 1172 1152 1206 der
1169 1172 1362 1216 standigen
1380 1171 1632 1211 Nuntiaturen,
1652 1171 1826 1213 Freiburg
1844 1170 1864 1203 i.
1882 1170 1940 1204 ΒΓ.

179 1225 279 1267 1894,
307 1226 356 1269 7).

296 1278 461 1313 Canisius
488 1279 530 1313 de
556 1279 611 1313 Pii
637 1277 698 1312 IV.
726 1280 839 1312 morte
865 1278 1020 1323 primum
1048 1278 1262 1321 cognovisse
1288 1279 1444 1318 videtur,
1480 1289 1558 1311 011111
1592 1277 1693 1311 initio
1720 1289 1765 1311 111.
1785 1275 1940 1310 Ianuarii

179 1332 269 1366 1566
296 1332 340 1366 ad
368 1331 599 1366 Guilielmum
628 1331 767 1366 Cliviae
794 1332 919 1365 ducem
946 1331 1125 1371 venisset,
1154 1343 1189 1365 V.
1216 1331 1310 1365 infra
1336 1343 1429 1365 mon.
1450 1331 1528 1365 748.
1940 1327 1943 1329 “

178 1453 281 1490 747
308 1457 386 1489 sive
414 1463 581 1498 germ.
600 1451 794 1497 1.(22).
869 1451 1037 1488 Exeunte
1063 1461 1157 1487 anno
1184 1451 1277 1488 1565.

296 1533 392 1566 Num
422 1531 589 1565 Canisizcs
617 1532 817 1573 Osnaburyi
851 1532 890 1563 in
926 1530 1068 1564 ecelesia
1104 1531 1303 1563 cathedrali
1338 1531 1448 1563 aliove
1484 1530 1608 1573 templo
1639 1529 1862 1562 contionatus
1885 1528 1940 1561 sit.

179 1586 273 1619 Num
304 1586 506 1627 Osnaburyl
531 1596 609 1617 eum
629 1586 900 1627 protestantium
928 1584 1104 1616 ministris
1129 1584 1371 1626 disputaverit.

299 1655 480 1689 Canisium
508 1656 661 1687 exeunte
688 1665 719 1688 a.
742 1654 831 1687 1565
851 1652 1055 1696 Osnaburgi
1075 1653 1317 1686 contionatum
1346 1663 1425 1685 esse
1452 1652 1608 1685 traditur
1633 1651 1767 1696 passim
1786 1662 1806 1684 a
1832 1650 1942 1695 scrip-

179 1708 316 1742 toribus
342 1707 557 1748 recentibus,
583 1719 699 1750 neque
726 1707 770 1740 ab
795 1707 838 1740 iis
857 1708 1007 1747 tantum,
1035 1707 1107 1749 qui,
1136 1705 1309 1750 ampliora
1327 1706 1503 1749 quaedam
1523 1706 1735 1748 argumenta
1755 1703 1942 1748 complexi,

179 1762 322 1805 singula
346 1761 441 1795 haud
468 1761 518 1794 ita
544 1763 711 1794 accurate
738 1760 806 1804 ipsi
832 1760 1051 1804 perscrutari
1078 1761 1272 1803 potuerunt
1301 1760 1356 1801 (ut
1383 1770 1403 1792 a
1429 1759 1679 1802 Kampschalte
1712 1757 1735 1791 l.
1763 1769 1791 1791 0.
1821 1757 1944 1801 [supra

179 1824 210 1859 p.
230 1814 310 1858 151]
329 1814 398 1848 250
416 1816 453 1847 et
470 1815 625 1847 Janssen
642 1813 664 1847 l.
685 1824 713 1847 0.
733 1813 877 1847 1V15-16
895 1813 963 1846 416
991 1815 1027 1846 et
1045 1814 1087 1846 L.
1103 1825 1130 1846 r.
1147 1813 1410 1846 Hammerstein
1429 1812 1463 1846 S.
1479 1812 1522 1853 J.,
1544 1811 1861 1846 Charakterbilder
1878 1821 1944 1844 aus

179 1869 257 1902 dem
276 1867 395 1902 Leben
413 1867 475 1901 der
492 1867 625 1900 Kirehe
652 1867 702 1907 1³,
729 1866 830 1900 Trier
851 1866 951 1907 1903,
979 1866 1053 1908 59),
1080 1865 1141 1899 sed
1169 1865 1278 1899 etiam
1305 1866 1348 1899 ab
1375 1865 1429 1905 iis,
1457 1865 1517 1909 qui
1543 1864 1775 1908 singulariter
1801 1863 1860 1897 vel
1886 1874 1943 1897 res

179 1921 477 1963 osnaburgenses,
503 1920 563 1953 vel
581 1919 715 1954 Canisii
734 1920 845 1953 vitam
872 1919 1053 1962 librosque
1081 1919 1307 1961 describunt;
1334 1921 1376 1952 ut
1401 1918 1444 1952 ab
1469 1920 1545 1952 Juz.
1563 1919 1704 1962 Jaeyer,
1730 1917 1795 1951 Die
1815 1916 1943 1951 Schola

180 1974 344 2008 Carolina
371 1973 672 2016 Osnabrugensis,
701 1972 911 2007 Osnabriick
943 1973 1043 2013 1904,
1071 1973 1136 2012 51;
1168 1972 1212 2006 ab
1239 1973 1297 2006 Al.
1316 1973 1451 2015 qurm,
1480 1970 1704 2005 Osnabriiek.
1745 1971 1849 2005 Seine
1877 1970 1941 2004 Ge-

179 2027 360 2068 sehichte,
395 2027 494 2061 seine
530 2027 620 2060 Bau·
647 2026 718 2059 und
754 2025 1095 2066 Kunstdenkmaler,
1133 2024 1346 2059 Osnabruck
1386 2025 1487 2065 1901,
1525 2025 1588 2065 27;
1625 2025 1661 2057 in
1701 2024 1944 2066 „Kirchla‘ches

180 2081 368 2114 Amtsblatt
402 2080 460 2113 fiir
495 2078 551 2112 die
588 2077 737 2112 Diozese
772 2078 985 2112 Osnabriiek
1021 2090 1055 2112 u.
1083 2078 1138 2112 die
1165 2077 1389 2112 Nordisehen
1418 2077 1614 2111 Missionen
1640 2076 1940 2116 Deutschlands“,

182 2134 235 2167 12.
253 2133 390 2176 Jahrg.,
418 2131 630 2167 Osnabriiok
660 2131 760 2173 1897,
790 2132 875 2171 158;
912 2132 956 2165 ab
983 2133 1095 2166 Henr.
1115 2133 1209 2173 Iber,
1240 2131 1458 2165 Geschichte
1484 2130 1547 2164 des
1573 2130 1809 2175 Gymnasium
1837 2129 1944 2164 Caro-

178 2187 289 2220 linum
316 2198 359 2220 zu
387 2185 601 2220 Osnabriiok
629 2185 642 2217 I
673 2184 898 2227 (Programm
935 2185 997 2218 des
1028 2184 1265 2228 Koniglichen
1302 2183 1538 2229 Gymnasium
1566 2182 1798 2225 Carolinum),
1831 2182 1942 2216 05113-

182 2239 294 2273 briick
321 2240 424 2279 1889,
463 2239 526 2278 11;
563 2238 607 2272 ab
633 2239 662 2272 L
683 2239 731 2271 M.
752 2239 788 2271 S.
808 2239 1031 2281 Deam-tynae,
1066 2237 1226 2271 Histoire
1260 2237 1306 2271 du
1340 2237 1593 2271 Bienheureux
1618 2236 1741 2270 Pierre
1768 2235 1944 2277 canisius,

181 2292 282 2327 Paris
309 2293 409 2334 1866,
445 2291 651 2331 276-277;
689 2302 709 2324 3
734 2291 772 2324 V.
793 2292 871 2324 Αἶρε
898 2290 931 2324 S.
949 2291 993 2331 3.,
1029 2291 1078 2324 Le
1104 2290 1357 2324 Bienheureux
1383 2290 1559 2331 Canisius,
1595 2289 1698 2323 Paris
1727 2289 1826 2331 1865,
1853 2289 1941 2330 2093

180 2357 199 2379 a
226 2347 324 2380 Flor.
345 2347 444 2379 Riess
470 2344 503 2379 S.
524 2345 569 2384 J.‚
603 2344 675 2378 Der
701 2343 814 2387 selige
840 2343 971 2378 Petrus
998 2344 1176 2384 Canisius‚
1212 2343 1386 2386 Freiburg
1412 2344 1433 2378 i.
1453 2343 1511 2376 ΒΓ.
1540 2342 1642 2381 1865,
1669 2342 1755 2381 349;
1792 2354 1812 2376 3
1838 2343 1941 2375 Ram.

184 2401 319 2433 Garce'a
334 2399 367 2432 S.
381 2399 425 2440 3.,
443 2397 535 2432 Vida
550 2397 607 2431 del
620 2397 732 2431 Beato
748 2397 862 2431 Pedro
874 2397 1028 2437 Canisio,
1044 2397 1183 2431 Madrid
1201 2397 1302 2439 1865,
1318 2396 1524 2436 243-244;
1543 2396 1587 2430 ab
1602 2396 1692 2438 Ειιρ.
1707 2395 1837 2439 Se'yam
1849 2394 1883 2429 S.
1896 2395 1941 2435 J.,

179 2451 246 2485 Vie
272 2452 318 2485 du
344 2451 595 2485 Bienheureux
621 2450 743 2484 Pierre
771 2449 945 2491 0311151115,
973 2450 1076 2484 Paris
1105 2450 1206 2486 1864.
1237 2450 1322 2490 181;
1350 2449 1393 2483 ab
1420 2450 1488 2483 Ios.
1506 2450 1622 2483 Boero
1647 2448 1682 2482 S.
1702 2448 1747 2489 3.,
1773 2448 1858 2482 Vita
1884 2447 1941 2481 del

180 2505 291 2538 Beato
317 2504 436 2538 Pietro
464 2503 616 2543 CanisiO,
644 2503 755 2536 Roma
784 2503 885 2544 1864,
912 2503 990 2537 287.
1034 2503 1131 2537 Idem
1158 2515 1217 2546 eqo
1243 2514 1384 2547 quoque
1410 2501 1652 2546 compluribus
1676 2501 1765 2535 loeis
1791 2500 1876 2541 dixi,
1902 2503 1943 2534 ut

180 2558 213 2590 111
237 2555 720 2601 „Theologisch-praktisehe
739 2555 1059 2598 Quartal-Sch1·ift“
1083 2557 1137 2590 50.
1159 2556 1295 2599 Jahrg,
1315 2555 1401 2588 Linz
1422 2555 1522 2595 1897,
1542 2554 1629 2595 521;
1660 2553 1853 2596 „Stimmen
1876 2564 1941 2587 aus

180 2610 448 2644 Maria-Laa0h“
480 2610 561 2650 LII,
596 2609 771 2652 Freiburg
805 2609 827 2643 i.
855 2610 913 2643 Br.
944 2609 1043 2650 1897,
1083 2610 1121 2648 6;
1165 2608 1416 2651 „Entstehung
1451 2607 1521 2641 und
1556 2609 1652 2641 erste
1686 2605 1941 2649 Entwicklung

181 2663 243 2696 der
261 2663 514 2697 Katechismen
533 2663 595 2696 des
613 2662 751 2706 seligen
770 2663 901 2696 Petrus
920 2662 1119 2703 Canisius“‚
1139 2662 1314 2705 Freiburg
1330 2661 1353 2696 i.
1370 2661 1427 2694 ΒΓ.
1445 2660 1545 2701 1893,
1565 2660 1605 2695 81
1621 2673 1628 2701 ;
1657 2662 1694 2693 et
1710 2660 1840 2693 ibidem
1859 2669 1939 2693 011111

182 2715 345 2757 Janssen,
374 2717 516 2759 Jaeger,
548 2715 818 2760 Kampschulte,
854 2715 959 2749 Riess
986 2715 1165 2748 affirmavi
1194 2715 1374 2749 Canisium
1402 2713 1605 2755 Osnaburgi
1639 2713 1675 2746 in
1705 2713 1782 2757 ipso
1806 2711 1941 2756 templo

182 2767 377 2801 cathedrali
402 2779 543 2802 sacrum
570 2770 781 2811 suggestum
809 2768 1025 2802 ascendisse.

299 2820 469 2854 Similiter
502 2821 597 2855 haud
632 2821 743 2854 multo
770 2824 853 2854 ante
882 2822 1034 2855 Carolus
1060 2822 1164 2854 Stin-e
1189 2820 1404 2864 scripserat:
1441 2818 1489 2852 Es
1520 2818 1622 2860 „kam
1651 2817 1744 2851 1564
1769 2816 1845 2860 [510]
1875 2816 1938 2851 Ca·

182 2872 348 2906 nisius..
368 2899 375 2905 .
394 2873 487 2906 nach
513 2873 736 2915 Osnabriiek,
764 2873 998 2908 verhandelte
1027 2873 1089 2907 mit
1115 2873 1254 2907 Johann
1284 2872 1367 2916 [von
1395 2870 1513 2916 Hoya]
1538 2871 1610 2904 und
1636 2870 1799 2915 predigte
1825 2869 1938 2903 mehr-

184 2924 274 2958 mals
299 2925 346 2957 im
373 2925 502 2958 1)(11110*ι
536 2925 767 2968 (Gesehiehte
794 2927 856 2960 des
883 2926 1086 2960 Hoehstifts
1113 2925 1326 2960 Osnabriick
1351 2925 1394 2966 Il,
1422 2925 1513 2958 Jena
1541 2923 1641 2965 1872,
1668 2923 1765 2965 201).

301 2977 566 3020 Inquirentibus
600 2979 690 3019 iam,
729 2990 813 3012 num
852 2980 961 3012 etiam
996 2979 1216 3022 antiquiores
1251 2978 1318 3012 hoc
1355 2977 1488 3012 Canisii
1525 2977 1662 3010 factum
1696 2976 1820 3009 testati
1855 2975 1937 3015 sint,

185 3029 339 3061 occurrit
363 3030 514 3062 Ioannes
538 3031 743 3064 Everardus
770 3032 884 3075 Stz‘ine,
911 3031 1009 3065 urbis
1035 3031 1315 3074 osnaburgensis
1340 3030 1521 3075 syndicus,
1548 3029 1726 3063 scribens:
1766 3027 1856 3069 „Der
1882 3028 1938 3061 Je-

185 3080 256 3114 suit
281 3080 388 3114 Peter
414 3081 578 3115 Canisius
606 3109 612 3115 .
634 3109 640 3115 .
661 3109 667 3115 .
694 3082 778 3116 kam
804 3084 852 3116 im
879 3083 968 3117 Jahr
995 3084 1086 3118 1565
1113 3083 1204 3118 auch
1230 3083 1323 3117 nach
1349 3082 1562 3117 Osnabrfick
1588 3081 1658 3115 und
1685 3081 1848 3125 predigte
1873 3080 1938 3114 mit

185 3132 302 3166 vielen
328 3132 469 3176 Beyfall
494 3133 542 3166 im
570 3134 677 3167 Dom‘
708 3135 994 3179 (Beschreibung
1018 3136 1090 3169 und
1114 3135 1331 3170 Gesehichte
1357 3136 1420 3169 des
1446 3134 1649 3169 Hochstifts
1674 3133 1745 3167 und
1771 3133 1938 3167 Fiirsten-

185 3185 306 3218 thums
332 3184 555 3226 Osnabriick,
583 3185 793 3220 Osnabruck
822 3188 922 3229 1789,
950 3188 1046 3231 323).
1097 3189 1150 3222 Ac
1185 3188 1291 3233 paulo
1321 3190 1404 3222 ante
1430 3189 1588 3222 Joamees
1613 3188 1735 3221 [telius
1762 3187 1941 3228 Sandhoff
