<?xml version="1.0" encoding="UTF-8"?>
<!DOCTYPE html PUBLIC "-//W3C//DTD XHTML 1.0 Transitional//EN"
    "http://www.w3.org/TR/xhtml1/DTD/xhtml1-transitional.dtd">
<html xmlns="http://www.w3.org/1999/xhtml" xml:lang="en" lang="en">
 <head>
  <title>
</title>
<meta http-equiv="Content-Type" content="text/html;charset=utf-8" />
  <meta name='ocr-system' content='tesseract 3.04.00' />
  <meta name='ocr-capabilities' content='ocr_page ocr_carea ocr_par ocr_line ocrx_word'/>
</head>
<body>
  <div class='ocr_page' id='page_1' title='image "beatipetricanisi05cani_0021.png"; bbox 0 0 2077 3461; ppageno 0'>
   <div class='ocr_carea' id='block_1_1' title="bbox 646 187 1860 233">
    <p class='ocr_par' dir='ltr' id='par_1_1' title="bbox 646 187 1860 233">
     <span class='ocr_line' id='line_1_1' title="bbox 646 187 1860 233; baseline 0.002 -12"><span class='ocrx_word' id='word_1_1' title='bbox 646 188 689 222; x_wconf 90' lang='lat' dir='ltr'>ll.</span> <span class='ocrx_word' id='word_1_2' title='bbox 717 187 940 222; x_wconf 80' lang='lat' dir='ltr'>Prooemium</span> <span class='ocrx_word' id='word_1_3' title='bbox 970 188 1160 223; x_wconf 89' lang='lat' dir='ltr'>voluminis</span> <span class='ocrx_word' id='word_1_4' title='bbox 1186 190 1311 233; x_wconf 81' lang='lat' dir='ltr'>quinti.</span> <span class='ocrx_word' id='word_1_5' title='bbox 1802 195 1860 224; x_wconf 82' lang='lat' dir='ltr'>XV</span> 
     </span>
    </p>
   </div>
   <div class='ocr_carea' id='block_1_2' title="bbox 70 306 1859 2963">
    <p class='ocr_par' dir='ltr' id='par_1_2' title="bbox 95 306 1859 688">
     <span class='ocr_line' id='line_1_2' title="bbox 217 306 1859 360; baseline 0.002 -11"><span class='ocrx_word' id='word_1_6' title='bbox 217 307 270 350; x_wconf 90' lang='lat' dir='ltr'>II.</span> <span class='ocrx_word' id='word_1_7' title='bbox 304 306 526 360; x_wconf 77' lang='lat' dir='ltr'>Epistulas</span> <span class='ocrx_word' id='word_1_8' title='bbox 548 310 592 349; x_wconf 90' lang='lat' dir='ltr'>et</span> <span class='ocrx_word' id='word_1_9' title='bbox 614 310 892 350; x_wconf 87' lang='lat' dir='ltr'>monumenta</span> <span class='ocrx_word' id='word_1_10' title='bbox 925 307 1119 349; x_wconf 90' lang='lat' dir='ltr'>edendi</span> <span class='ocrx_word' id='word_1_11' title='bbox 1153 307 1427 350; x_wconf 89' lang='lat' dir='ltr'>rationem</span> <span class='ocrx_word' id='word_1_12' title='bbox 1460 309 1503 351; x_wconf 90' lang='lat' dir='ltr'>in</span> <span class='ocrx_word' id='word_1_13' title='bbox 1535 309 1615 352; x_wconf 87' lang='lat' dir='ltr'>hoc</span> <span class='ocrx_word' id='word_1_14' title='bbox 1640 311 1859 354; x_wconf 89' lang='lat' dir='ltr'>volumine</span> 
     </span>
     <span class='ocr_line' id='line_1_3' title="bbox 99 371 1856 429; baseline 0.001 -14"><span class='ocrx_word' id='word_1_15' title='bbox 99 374 273 415; x_wconf 88' lang='lat' dir='ltr'>secutus</span> <span class='ocrx_word' id='word_1_16' title='bbox 305 385 399 413; x_wconf 90' lang='lat' dir='ltr'>sum</span> <span class='ocrx_word' id='word_1_17' title='bbox 432 371 612 413; x_wconf 88' lang='lat' dir='ltr'>eandem</span> <span class='ocrx_word' id='word_1_18' title='bbox 646 374 776 424; x_wconf 89' lang='lat' dir='ltr'>atque</span> <span class='ocrx_word' id='word_1_19' title='bbox 810 371 854 413; x_wconf 92' lang='lat' dir='ltr'>in</span> <span class='ocrx_word' id='word_1_20' title='bbox 887 372 1102 413; x_wconf 89' lang='lat' dir='ltr'>volumine</span> <span class='ocrx_word' id='word_1_21' title='bbox 1135 376 1290 425; x_wconf 86' lang='lat' dir='ltr'>quarto</span> <span class='ocrx_word' id='word_1_22' title='bbox 1323 372 1440 425; x_wconf 89' lang='lat' dir='ltr'>(vide</span> <span class='ocrx_word' id='word_1_23' title='bbox 1476 375 1641 417; x_wconf 76' lang='lat' dir='ltr'>Canisii</span> <span class='ocrx_word' id='word_1_24' title='bbox 1680 375 1856 429; x_wconf 87' lang='lat' dir='ltr'>Epistu-</span> 
     </span>
     <span class='ocr_line' id='line_1_4' title="bbox 98 436 1857 494; baseline 0.002 -15"><span class='ocrx_word' id='word_1_25' title='bbox 98 438 163 479; x_wconf 92' lang='lat' dir='ltr'>las</span> <span class='ocrx_word' id='word_1_26' title='bbox 185 437 247 479; x_wconf 88' lang='lat' dir='ltr'>IV</span> <span class='ocrx_word' id='word_1_27' title='bbox 268 436 592 489; x_wconf 76' lang='lat' dir='ltr'>XXII—xxil1);</span> <span class='ocrx_word' id='word_1_28' title='bbox 626 436 708 478; x_wconf 90' lang='lat' dir='ltr'>nisi</span> <span class='ocrx_word' id='word_1_29' title='bbox 731 437 857 490; x_wconf 89' lang='lat' dir='ltr'>quod,</span> <span class='ocrx_word' id='word_1_30' title='bbox 891 436 992 490; x_wconf 90' lang='lat' dir='ltr'>quia</span> <span class='ocrx_word' id='word_1_31' title='bbox 1022 436 1066 478; x_wconf 92' lang='lat' dir='ltr'>in</span> <span class='ocrx_word' id='word_1_32' title='bbox 1098 436 1294 491; x_wconf 75' lang='lat' dir='ltr'>epistulis</span> <span class='ocrx_word' id='word_1_33' title='bbox 1327 451 1352 479; x_wconf 89' lang='lat' dir='ltr'>a</span> <span class='ocrx_word' id='word_1_34' title='bbox 1380 438 1420 480; x_wconf 77' lang='lat' dir='ltr'>S.</span> <span class='ocrx_word' id='word_1_35' title='bbox 1444 438 1674 482; x_wconf 90' lang='lat' dir='ltr'>Francisco</span> <span class='ocrx_word' id='word_1_36' title='bbox 1696 440 1857 494; x_wconf 83' lang='lat' dir='ltr'>Borgia</span> 
     </span>
     <span class='ocr_line' id='line_1_5' title="bbox 99 500 1857 555; baseline 0.002 -11"><span class='ocrx_word' id='word_1_37' title='bbox 99 501 329 545; x_wconf 84' lang='lat' dir='ltr'>Societatis</span> <span class='ocrx_word' id='word_1_38' title='bbox 361 500 544 555; x_wconf 90' lang='lat' dir='ltr'>primum</span> <span class='ocrx_word' id='word_1_39' title='bbox 577 501 753 551; x_wconf 91' lang='lat' dir='ltr'>vicario,</span> <span class='ocrx_word' id='word_1_40' title='bbox 793 501 944 543; x_wconf 89' lang='lat' dir='ltr'>deinde</span> <span class='ocrx_word' id='word_1_41' title='bbox 976 502 1226 555; x_wconf 86' lang='lat' dir='ltr'>praeposito</span> <span class='ocrx_word' id='word_1_42' title='bbox 1258 503 1450 555; x_wconf 89' lang='lat' dir='ltr'>generali</span> <span class='ocrx_word' id='word_1_43' title='bbox 1483 507 1527 546; x_wconf 91' lang='lat' dir='ltr'>et</span> <span class='ocrx_word' id='word_1_44' title='bbox 1559 518 1584 546; x_wconf 95' lang='lat' dir='ltr'>a</span> <span class='ocrx_word' id='word_1_45' title='bbox 1616 505 1663 548; x_wconf 91' lang='lat' dir='ltr'>P.</span> <span class='ocrx_word' id='word_1_46' title='bbox 1696 505 1857 547; x_wconf 80' lang='lat' dir='ltr'>Ioanne</span> 
     </span>
     <span class='ocr_line' id='line_1_6' title="bbox 99 565 1856 612; baseline 0.002 -4"><span class='ocrx_word' id='word_1_47' title='bbox 99 567 284 608; x_wconf 89' lang='lat' dir='ltr'>Polanco</span> <span class='ocrx_word' id='word_1_48' title='bbox 303 565 534 608; x_wconf 85' lang='lat' dir='ltr'>Societatis</span> <span class='ocrx_word' id='word_1_49' title='bbox 552 566 787 608; x_wconf 88' lang='lat' dir='ltr'>secretario</span> <span class='ocrx_word' id='word_1_50' title='bbox 805 566 919 608; x_wconf 87' lang='lat' dir='ltr'>datis</span> <span class='ocrx_word' id='word_1_51' title='bbox 936 568 1028 608; x_wconf 89' lang='lat' dir='ltr'>tum</span> <span class='ocrx_word' id='word_1_52' title='bbox 1046 567 1264 608; x_wconf 90' lang='lat' dir='ltr'>salutandi</span> <span class='ocrx_word' id='word_1_53' title='bbox 1288 570 1380 609; x_wconf 89' lang='lat' dir='ltr'>tum</span> <span class='ocrx_word' id='word_1_54' title='bbox 1402 568 1573 610; x_wconf 73' lang='lat' dir='ltr'>litteras</span> <span class='ocrx_word' id='word_1_55' title='bbox 1595 570 1856 612; x_wconf 86' lang='lat' dir='ltr'>terminandi</span> 
     </span>
     <span class='ocr_line' id='line_1_7' title="bbox 95 630 1853 688; baseline 0.003 -15"><span class='ocrx_word' id='word_1_56' title='bbox 95 631 208 673; x_wconf 88' lang='lat' dir='ltr'>ratio</span> <span class='ocrx_word' id='word_1_57' title='bbox 240 644 412 684; x_wconf 86' lang='lat' dir='ltr'>semper</span> <span class='ocrx_word' id='word_1_58' title='bbox 433 630 584 672; x_wconf 88' lang='lat' dir='ltr'>eadem</span> <span class='ocrx_word' id='word_1_59' title='bbox 608 632 688 681; x_wconf 90' lang='lat' dir='ltr'>est,</span> <span class='ocrx_word' id='word_1_60' title='bbox 723 645 774 672; x_wconf 88' lang='lat' dir='ltr'>ea</span> <span class='ocrx_word' id='word_1_61' title='bbox 796 631 839 672; x_wconf 90' lang='lat' dir='ltr'>in</span> <span class='ocrx_word' id='word_1_62' title='bbox 861 631 1044 684; x_wconf 88' lang='lat' dir='ltr'>singulis</span> <span class='ocrx_word' id='word_1_63' title='bbox 1066 631 1262 684; x_wconf 81' lang='lat' dir='ltr'>epistulis</span> <span class='ocrx_word' id='word_1_64' title='bbox 1284 632 1483 686; x_wconf 86' lang='lat' dir='ltr'>ponenda</span> <span class='ocrx_word' id='word_1_65' title='bbox 1505 635 1853 688; x_wconf 88' lang='lat' dir='ltr'>supersedebam.</span> 
     </span>
    </p>

    <p class='ocr_par' dir='ltr' id='par_1_3' title="bbox 70 695 1856 2963">
     <span class='ocr_line' id='line_1_8' title="bbox 215 695 1854 754; baseline 0.003 -17"><span class='ocrx_word' id='word_1_66' title='bbox 215 696 307 737; x_wconf 90' lang='lat' dir='ltr'>Hoc</span> <span class='ocrx_word' id='word_1_67' title='bbox 339 697 492 738; x_wconf 90' lang='lat' dir='ltr'>notatu</span> <span class='ocrx_word' id='word_1_68' title='bbox 516 695 690 748; x_wconf 91' lang='lat' dir='ltr'>dignum</span> <span class='ocrx_word' id='word_1_69' title='bbox 724 698 813 737; x_wconf 86' lang='lat' dir='ltr'>est:</span> <span class='ocrx_word' id='word_1_70' title='bbox 846 695 951 737; x_wconf 89' lang='lat' dir='ltr'>Mihi</span> <span class='ocrx_word' id='word_1_71' title='bbox 984 696 1063 737; x_wconf 88' lang='lat' dir='ltr'>hoc</span> <span class='ocrx_word' id='word_1_72' title='bbox 1095 697 1296 738; x_wconf 91' lang='lat' dir='ltr'>volumen</span> <span class='ocrx_word' id='word_1_73' title='bbox 1328 697 1501 751; x_wconf 90' lang='lat' dir='ltr'>paranti</span> <span class='ocrx_word' id='word_1_74' title='bbox 1533 699 1662 752; x_wconf 91' lang='lat' dir='ltr'>longe</span> <span class='ocrx_word' id='word_1_75' title='bbox 1693 700 1854 754; x_wconf 89' lang='lat' dir='ltr'>plures,</span> 
     </span>
     <span class='ocr_line' id='line_1_9' title="bbox 94 759 1856 818; baseline 0.003 -16"><span class='ocrx_word' id='word_1_76' title='bbox 94 774 221 813; x_wconf 87' lang='lat' dir='ltr'>quam</span> <span class='ocrx_word' id='word_1_77' title='bbox 264 775 359 802; x_wconf 90' lang='lat' dir='ltr'>cum</span> <span class='ocrx_word' id='word_1_78' title='bbox 400 759 624 813; x_wconf 82' lang='lat' dir='ltr'>superiora</span> <span class='ocrx_word' id='word_1_79' title='bbox 664 760 883 802; x_wconf 88' lang='lat' dir='ltr'>volumina</span> <span class='ocrx_word' id='word_1_80' title='bbox 924 774 1145 814; x_wconf 87' lang='lat' dir='ltr'>pararem,</span> <span class='ocrx_word' id='word_1_81' title='bbox 1192 761 1405 815; x_wconf 83' lang='lat' dir='ltr'>epistulae</span> <span class='ocrx_word' id='word_1_82' title='bbox 1447 763 1702 816; x_wconf 85' lang='lat' dir='ltr'>originales,</span> <span class='ocrx_word' id='word_1_83' title='bbox 1746 779 1856 818; x_wconf 90' lang='lat' dir='ltr'>quas</span> 
     </span>
     <span class='ocr_line' id='line_1_10' title="bbox 94 824 1856 883; baseline 0.003 -16"><span class='ocrx_word' id='word_1_84' title='bbox 94 840 312 876; x_wconf 84' lang='lat' dir='ltr'>vocamus,</span> <span class='ocrx_word' id='word_1_85' title='bbox 336 825 638 879; x_wconf 84' lang='lat' dir='ltr'>suppetebant,</span> <span class='ocrx_word' id='word_1_86' title='bbox 671 824 764 866; x_wconf 87' lang='lat' dir='ltr'>sive</span> <span class='ocrx_word' id='word_1_87' title='bbox 787 839 860 866; x_wconf 91' lang='lat' dir='ltr'>eas</span> <span class='ocrx_word' id='word_1_88' title='bbox 893 825 999 867; x_wconf 89' lang='lat' dir='ltr'>meis</span> <span class='ocrx_word' id='word_1_89' title='bbox 1027 826 1160 868; x_wconf 87' lang='lat' dir='ltr'>oculis</span> <span class='ocrx_word' id='word_1_90' title='bbox 1192 826 1484 881; x_wconf 83' lang='lat' dir='ltr'>inspiciebam,</span> <span class='ocrx_word' id='word_1_91' title='bbox 1519 828 1610 870; x_wconf 84' lang='lat' dir='ltr'>sive</span> <span class='ocrx_word' id='word_1_92' title='bbox 1642 829 1856 883; x_wconf 85' lang='lat' dir='ltr'>imagines</span> 
     </span>
     <span class='ocr_line' id='line_1_11' title="bbox 93 889 1854 948; baseline 0.003 -16"><span class='ocrx_word' id='word_1_93' title='bbox 93 904 241 933; x_wconf 88' lang='lat' dir='ltr'>earum</span> <span class='ocrx_word' id='word_1_94' title='bbox 273 890 485 932; x_wconf 87' lang='lat' dir='ltr'>habebam</span> <span class='ocrx_word' id='word_1_95' title='bbox 517 889 859 943; x_wconf 88' lang='lat' dir='ltr'>photographice</span> <span class='ocrx_word' id='word_1_96' title='bbox 893 904 1147 944; x_wconf 77' lang='lat' dir='ltr'>expressas;</span> <span class='ocrx_word' id='word_1_97' title='bbox 1181 891 1244 933; x_wconf 91' lang='lat' dir='ltr'>ita</span> <span class='ocrx_word' id='word_1_98' title='bbox 1275 895 1451 945; x_wconf 87' lang='lat' dir='ltr'>praesto</span> <span class='ocrx_word' id='word_1_99' title='bbox 1484 897 1609 936; x_wconf 88' lang='lat' dir='ltr'>erant</span> <span class='ocrx_word' id='word_1_100' title='bbox 1642 894 1854 948; x_wconf 87' lang='lat' dir='ltr'>epistulae</span> 
     </span>
     <span class='ocr_line' id='line_1_12' title="bbox 93 954 1848 1009; baseline 0.003 -12"><span class='ocrx_word' id='word_1_101' title='bbox 93 969 228 1009; x_wconf 88' lang='lat' dir='ltr'>paene</span> <span class='ocrx_word' id='word_1_102' title='bbox 261 969 422 1005; x_wconf 89' lang='lat' dir='ltr'>omnes,</span> <span class='ocrx_word' id='word_1_103' title='bbox 457 968 564 1007; x_wconf 91' lang='lat' dir='ltr'>quas</span> <span class='ocrx_word' id='word_1_104' title='bbox 597 954 792 996; x_wconf 86' lang='lat' dir='ltr'>Canisius</span> <span class='ocrx_word' id='word_1_105' title='bbox 825 969 851 997; x_wconf 89' lang='lat' dir='ltr'>a</span> <span class='ocrx_word' id='word_1_106' title='bbox 883 956 921 997; x_wconf 93' lang='lat' dir='ltr'>d.</span> <span class='ocrx_word' id='word_1_107' title='bbox 952 957 1020 999; x_wconf 81' lang='lat'>27.</span> <span class='ocrx_word' id='word_1_108' title='bbox 1054 955 1245 998; x_wconf 84' lang='lat' dir='ltr'>Ianuarii</span> <span class='ocrx_word' id='word_1_109' title='bbox 1280 958 1391 1000; x_wconf 81' lang='lat'>1566</span> <span class='ocrx_word' id='word_1_110' title='bbox 1426 958 1480 1000; x_wconf 90' lang='lat' dir='ltr'>ad</span> <span class='ocrx_word' id='word_1_111' title='bbox 1514 960 1582 1001; x_wconf 80' lang='lat'>26.</span> <span class='ocrx_word' id='word_1_112' title='bbox 1606 959 1704 1002; x_wconf 91' lang='lat' dir='ltr'>Iulii</span> <span class='ocrx_word' id='word_1_113' title='bbox 1740 962 1848 1002; x_wconf 80' lang='lat'>1567</span> 
     </span>
     <span class='ocr_line' id='line_1_13' title="bbox 90 1019 1853 1073; baseline 0.003 -11"><span class='ocrx_word' id='word_1_114' title='bbox 90 1020 143 1062; x_wconf 91' lang='lat' dir='ltr'>ad</span> <span class='ocrx_word' id='word_1_115' title='bbox 186 1020 390 1062; x_wconf 86' lang='lat' dir='ltr'>Sanctum</span> <span class='ocrx_word' id='word_1_116' title='bbox 432 1019 706 1061; x_wconf 86' lang='lat' dir='ltr'>Franciscum</span> <span class='ocrx_word' id='word_1_117' title='bbox 752 1019 953 1073; x_wconf 85' lang='lat' dir='ltr'>Borgiam</span> <span class='ocrx_word' id='word_1_118' title='bbox 1002 1020 1142 1069; x_wconf 69' lang='lat' dir='ltr'>dedit,</span> <span class='ocrx_word' id='word_1_119' title='bbox 1188 1022 1342 1064; x_wconf 84' lang='lat' dir='ltr'>harum</span> <span class='ocrx_word' id='word_1_120' title='bbox 1389 1025 1506 1065; x_wconf 86' lang='lat' dir='ltr'>certe</span> <span class='ocrx_word' id='word_1_121' title='bbox 1554 1027 1599 1067; x_wconf 89' lang='lat' dir='ltr'>et</span> <span class='ocrx_word' id='word_1_122' title='bbox 1646 1039 1853 1068; x_wconf 91' lang='lat' dir='ltr'>numerus</span> 
     </span>
     <span class='ocr_line' id='line_1_14' title="bbox 90 1085 1851 1140; baseline 0.004 -14"><span class='ocrx_word' id='word_1_123' title='bbox 90 1099 286 1138; x_wconf 88' lang='lat' dir='ltr'>magnus,</span> <span class='ocrx_word' id='word_1_124' title='bbox 319 1087 364 1126; x_wconf 88' lang='lat' dir='ltr'>et</span> <span class='ocrx_word' id='word_1_125' title='bbox 395 1087 653 1137; x_wconf 87' lang='lat' dir='ltr'>argumenta</span> <span class='ocrx_word' id='word_1_126' title='bbox 685 1087 785 1127; x_wconf 90' lang='lat' dir='ltr'>sunt</span> <span class='ocrx_word' id='word_1_127' title='bbox 817 1085 992 1138; x_wconf 86' lang='lat' dir='ltr'>gravia;</span> <span class='ocrx_word' id='word_1_128' title='bbox 1026 1085 1090 1128; x_wconf 88' lang='lat' dir='ltr'>ita</span> <span class='ocrx_word' id='word_1_129' title='bbox 1122 1086 1252 1127; x_wconf 89' lang='lat' dir='ltr'>etiam</span> <span class='ocrx_word' id='word_1_130' title='bbox 1286 1087 1498 1140; x_wconf 85' lang='lat' dir='ltr'>epistulae</span> <span class='ocrx_word' id='word_1_131' title='bbox 1520 1088 1613 1131; x_wconf 91' lang='lat' dir='ltr'>sive</span> <span class='ocrx_word' id='word_1_132' title='bbox 1636 1104 1851 1133; x_wconf 89' lang='lat' dir='ltr'>commen-</span> 
     </span>
     <span class='ocr_line' id='line_1_15' title="bbox 89 1149 1852 1203; baseline 0.004 -11"><span class='ocrx_word' id='word_1_133' title='bbox 89 1150 202 1200; x_wconf 90' lang='lat' dir='ltr'>tarii,</span> <span class='ocrx_word' id='word_1_134' title='bbox 244 1149 398 1203; x_wconf 90' lang='lat' dir='ltr'>quibus</span> <span class='ocrx_word' id='word_1_135' title='bbox 430 1149 514 1192; x_wconf 90' lang='grc' dir='ltr'>ΡΡ.</span> <span class='ocrx_word' id='word_1_136' title='bbox 547 1149 735 1200; x_wconf 85' lang='lat' dir='ltr'>Natalis,</span> <span class='ocrx_word' id='word_1_137' title='bbox 779 1149 988 1200; x_wconf 81' lang='lat' dir='ltr'>Canisius‚</span> <span class='ocrx_word' id='word_1_138' title='bbox 1029 1150 1242 1193; x_wconf 89' lang='lat' dir='ltr'>Ledesma</span> <span class='ocrx_word' id='word_1_139' title='bbox 1282 1152 1491 1195; x_wconf 82' lang='lat' dir='ltr'>cardinali</span> <span class='ocrx_word' id='word_1_140' title='bbox 1532 1154 1852 1199; x_wconf 86' lang='lat' dir='ltr'>Commendono</span> 
     </span>
     <span class='ocr_line' id='line_1_16' title="bbox 88 1214 1849 1272; baseline 0.004 -14"><span class='ocrx_word' id='word_1_141' title='bbox 88 1216 140 1258; x_wconf 91' lang='lat' dir='ltr'>de</span> <span class='ocrx_word' id='word_1_142' title='bbox 171 1229 278 1269; x_wconf 90' lang='lat' dir='ltr'>pace</span> <span class='ocrx_word' id='word_1_143' title='bbox 310 1214 530 1267; x_wconf 84' lang='lat' dir='ltr'>religionis</span> <span class='ocrx_word' id='word_1_144' title='bbox 563 1217 809 1267; x_wconf 89' lang='lat' dir='ltr'>augustana</span> <span class='ocrx_word' id='word_1_145' title='bbox 841 1215 1067 1268; x_wconf 85' lang='lat' dir='ltr'>quaerenti</span> <span class='ocrx_word' id='word_1_146' title='bbox 1101 1217 1386 1259; x_wconf 89' lang='lat' dir='ltr'>communiter</span> <span class='ocrx_word' id='word_1_147' title='bbox 1416 1220 1753 1272; x_wconf 86' lang='lat' dir='ltr'>responderunt;</span> <span class='ocrx_word' id='word_1_148' title='bbox 1786 1222 1849 1266; x_wconf 90' lang='lat' dir='ltr'>ita</span> 
     </span>
     <span class='ocr_line' id='line_1_17' title="bbox 87 1280 1851 1334; baseline 0.005 -12"><span class='ocrx_word' id='word_1_149' title='bbox 87 1281 268 1334; x_wconf 86' lang='lat' dir='ltr'>denique</span> <span class='ocrx_word' id='word_1_150' title='bbox 286 1280 498 1334; x_wconf 87' lang='lat' dir='ltr'>epistulae</span> <span class='ocrx_word' id='word_1_151' title='bbox 521 1280 762 1334; x_wconf 84' lang='lat' dir='ltr'>complures</span> <span class='ocrx_word' id='word_1_152' title='bbox 785 1293 811 1321; x_wconf 88' lang='lat' dir='ltr'>a</span> <span class='ocrx_word' id='word_1_153' title='bbox 828 1280 996 1322; x_wconf 85' lang='lat' dir='ltr'>Canisio</span> <span class='ocrx_word' id='word_1_154' title='bbox 1020 1280 1075 1322; x_wconf 89' lang='lat' dir='ltr'>ad</span> <span class='ocrx_word' id='word_1_155' title='bbox 1093 1281 1333 1324; x_wconf 90' lang='lat' dir='ltr'>cardinales</span> <span class='ocrx_word' id='word_1_156' title='bbox 1352 1283 1531 1324; x_wconf 90' lang='lat' dir='ltr'>Hosium</span> <span class='ocrx_word' id='word_1_157' title='bbox 1551 1287 1595 1327; x_wconf 93' lang='lat' dir='ltr'>et</span> <span class='ocrx_word' id='word_1_158' title='bbox 1613 1286 1851 1330; x_wconf 86' lang='lat' dir='ltr'>Truchsess</span> 
     </span>
     <span class='ocr_line' id='line_1_18' title="bbox 86 1344 1848 1398; baseline 0.005 -11"><span class='ocrx_word' id='word_1_159' title='bbox 86 1346 156 1387; x_wconf 86' lang='lat' dir='ltr'>vel</span> <span class='ocrx_word' id='word_1_160' title='bbox 189 1346 242 1387; x_wconf 90' lang='lat' dir='ltr'>ab</span> <span class='ocrx_word' id='word_1_161' title='bbox 274 1345 340 1386; x_wconf 92' lang='lat' dir='ltr'>his</span> <span class='ocrx_word' id='word_1_162' title='bbox 373 1345 427 1386; x_wconf 88' lang='lat' dir='ltr'>ad</span> <span class='ocrx_word' id='word_1_163' title='bbox 459 1344 676 1386; x_wconf 87' lang='lat' dir='ltr'>Canisium</span> <span class='ocrx_word' id='word_1_164' title='bbox 719 1348 762 1387; x_wconf 90' lang='lat' dir='ltr'>et</span> <span class='ocrx_word' id='word_1_165' title='bbox 794 1345 999 1398; x_wconf 87' lang='lat' dir='ltr'>Borgiam</span> <span class='ocrx_word' id='word_1_166' title='bbox 1033 1346 1175 1390; x_wconf 85' lang='lat' dir='ltr'>datae.</span> <span class='ocrx_word' id='word_1_167' title='bbox 1240 1347 1475 1389; x_wconf 83' lang='lat' dir='ltr'>Plurimum</span> <span class='ocrx_word' id='word_1_168' title='bbox 1517 1352 1561 1391; x_wconf 91' lang='lat' dir='ltr'>et</span> <span class='ocrx_word' id='word_1_169' title='bbox 1593 1365 1770 1394; x_wconf 89' lang='lat' dir='ltr'>numero</span> <span class='ocrx_word' id='word_1_170' title='bbox 1804 1357 1848 1396; x_wconf 90' lang='lat' dir='ltr'>et</span> 
     </span>
     <span class='ocr_line' id='line_1_19' title="bbox 84 1410 1846 1467; baseline 0.004 -15"><span class='ocrx_word' id='word_1_171' title='bbox 84 1424 227 1452; x_wconf 87' lang='lat' dir='ltr'>rerum</span> <span class='ocrx_word' id='word_1_172' title='bbox 269 1412 487 1452; x_wconf 88' lang='lat' dir='ltr'>momento</span> <span class='ocrx_word' id='word_1_173' title='bbox 532 1410 681 1451; x_wconf 87' lang='lat' dir='ltr'>valent</span> <span class='ocrx_word' id='word_1_174' title='bbox 725 1410 938 1464; x_wconf 88' lang='lat' dir='ltr'>epistulae</span> <span class='ocrx_word' id='word_1_175' title='bbox 979 1425 1005 1452; x_wconf 87' lang='lat' dir='ltr'>a</span> <span class='ocrx_word' id='word_1_176' title='bbox 1048 1411 1088 1454; x_wconf 83' lang='lat' dir='ltr'>S.</span> <span class='ocrx_word' id='word_1_177' title='bbox 1129 1411 1359 1454; x_wconf 84' lang='lat' dir='ltr'>Francisco</span> <span class='ocrx_word' id='word_1_178' title='bbox 1401 1413 1563 1467; x_wconf 89' lang='lat' dir='ltr'>Borgia</span> <span class='ocrx_word' id='word_1_179' title='bbox 1608 1416 1677 1457; x_wconf 89' lang='lat' dir='ltr'>vel</span> <span class='ocrx_word' id='word_1_180' title='bbox 1721 1417 1846 1460; x_wconf 91' lang='lat' dir='ltr'>huius</span> 
     </span>
     <span class='ocr_line' id='line_1_20' title="bbox 85 1475 1846 1535; baseline 0.005 -19"><span class='ocrx_word' id='word_1_181' title='bbox 85 1476 292 1517; x_wconf 88' lang='lat' dir='ltr'>mandatu</span> <span class='ocrx_word' id='word_1_182' title='bbox 325 1489 350 1516; x_wconf 90' lang='lat' dir='ltr'>a</span> <span class='ocrx_word' id='word_1_183' title='bbox 382 1475 569 1516; x_wconf 89' lang='lat' dir='ltr'>Polanco</span> <span class='ocrx_word' id='word_1_184' title='bbox 603 1475 657 1516; x_wconf 90' lang='lat' dir='ltr'>ad</span> <span class='ocrx_word' id='word_1_185' title='bbox 690 1475 906 1516; x_wconf 88' lang='lat' dir='ltr'>Canisium</span> <span class='ocrx_word' id='word_1_186' title='bbox 939 1475 1091 1521; x_wconf 81' lang='lat' dir='ltr'>datae:</span> <span class='ocrx_word' id='word_1_187' title='bbox 1134 1476 1212 1518; x_wconf 87' lang='lat' dir='ltr'>has</span> <span class='ocrx_word' id='word_1_188' title='bbox 1254 1491 1349 1519; x_wconf 87' lang='lat' dir='ltr'>mea</span> <span class='ocrx_word' id='word_1_189' title='bbox 1386 1492 1516 1520; x_wconf 90' lang='lat' dir='ltr'>manu</span> <span class='ocrx_word' id='word_1_190' title='bbox 1549 1481 1759 1535; x_wconf 83' lang='lat' dir='ltr'>exscripsi</span> <span class='ocrx_word' id='word_1_191' title='bbox 1791 1496 1846 1525; x_wconf 85' lang='lat' dir='ltr'>ex</span> 
     </span>
     <span class='ocr_line' id='line_1_21' title="bbox 83 1540 1847 1599; baseline 0.005 -18"><span class='ocrx_word' id='word_1_192' title='bbox 83 1540 270 1593; x_wconf 89' lang='lat' dir='ltr'>Borgiae</span> <span class='ocrx_word' id='word_1_193' title='bbox 302 1540 538 1592; x_wconf 84' lang='lat' dir='ltr'>Registris;</span> <span class='ocrx_word' id='word_1_194' title='bbox 582 1540 737 1582; x_wconf 90' lang='lat' dir='ltr'>summi</span> <span class='ocrx_word' id='word_1_195' title='bbox 778 1541 890 1582; x_wconf 88' lang='lat' dir='ltr'>enim</span> <span class='ocrx_word' id='word_1_196' title='bbox 924 1541 1155 1584; x_wconf 83' lang='lat' dir='ltr'>Societatis</span> <span class='ocrx_word' id='word_1_197' title='bbox 1197 1542 1494 1584; x_wconf 85' lang='lat' dir='ltr'>moderatores</span> <span class='ocrx_word' id='word_1_198' title='bbox 1536 1544 1577 1586; x_wconf 90' lang='lat' dir='ltr'>id</span> <span class='ocrx_word' id='word_1_199' title='bbox 1616 1545 1847 1599; x_wconf 87' lang='lat' dir='ltr'>diligenter</span> 
     </span>
     <span class='ocr_line' id='line_1_22' title="bbox 83 1605 1848 1665; baseline 0.005 -19"><span class='ocrx_word' id='word_1_200' title='bbox 83 1605 306 1654; x_wconf 84' lang='lat' dir='ltr'>curabant,</span> <span class='ocrx_word' id='word_1_201' title='bbox 350 1608 411 1654; x_wconf 87' lang='lat' dir='ltr'>ut,</span> <span class='ocrx_word' id='word_1_202' title='bbox 455 1619 549 1646; x_wconf 89' lang='lat' dir='ltr'>cum</span> <span class='ocrx_word' id='word_1_203' title='bbox 588 1605 642 1646; x_wconf 87' lang='lat' dir='ltr'>ab</span> <span class='ocrx_word' id='word_1_204' title='bbox 683 1605 788 1659; x_wconf 89' lang='lat' dir='ltr'>ipsis</span> <span class='ocrx_word' id='word_1_205' title='bbox 821 1606 891 1647; x_wconf 87' lang='lat' dir='ltr'>vel</span> <span class='ocrx_word' id='word_1_206' title='bbox 924 1606 978 1647; x_wconf 88' lang='lat' dir='ltr'>ad</span> <span class='ocrx_word' id='word_1_207' title='bbox 1011 1606 1158 1648; x_wconf 81' lang='lat' dir='ltr'>Socios</span> <span class='ocrx_word' id='word_1_208' title='bbox 1196 1608 1266 1649; x_wconf 87' lang='lat' dir='ltr'>vel</span> <span class='ocrx_word' id='word_1_209' title='bbox 1308 1608 1362 1649; x_wconf 87' lang='lat' dir='ltr'>ad</span> <span class='ocrx_word' id='word_1_210' title='bbox 1394 1611 1600 1651; x_wconf 79' lang='lat' dir='ltr'>externos</span> <span class='ocrx_word' id='word_1_211' title='bbox 1633 1611 1848 1665; x_wconf 90' lang='lat' dir='ltr'>epistulae</span> 
     </span>
     <span class='ocr_line' id='line_1_23' title="bbox 81 1669 1843 1727; baseline 0.004 -15"><span class='ocrx_word' id='word_1_212' title='bbox 81 1671 310 1720; x_wconf 89' lang='lat' dir='ltr'>darentur,</span> <span class='ocrx_word' id='word_1_213' title='bbox 353 1669 449 1711; x_wconf 92' lang='lat' dir='ltr'>ilico</span> <span class='ocrx_word' id='word_1_214' title='bbox 483 1670 634 1712; x_wconf 90' lang='lat' dir='ltr'>harum</span> <span class='ocrx_word' id='word_1_215' title='bbox 668 1671 737 1712; x_wconf 93' lang='lat' dir='ltr'>vel</span> <span class='ocrx_word' id='word_1_216' title='bbox 771 1671 1081 1713; x_wconf 87' lang='lat' dir='ltr'>commentaria</span> <span class='ocrx_word' id='word_1_217' title='bbox 1114 1673 1183 1713; x_wconf 83' lang='lat' dir='ltr'>vel</span> <span class='ocrx_word' id='word_1_218' title='bbox 1216 1673 1469 1727; x_wconf 87' lang='lat' dir='ltr'>apographa</span> <span class='ocrx_word' id='word_1_219' title='bbox 1502 1674 1573 1716; x_wconf 86' lang='lat' dir='ltr'>Vel</span> <span class='ocrx_word' id='word_1_220' title='bbox 1604 1677 1774 1727; x_wconf 88' lang='lat' dir='ltr'>saltem,</span> <span class='ocrx_word' id='word_1_221' title='bbox 1808 1678 1843 1719; x_wconf 92' lang='lat' dir='ltr'>si</span> 
     </span>
     <span class='ocr_line' id='line_1_24' title="bbox 81 1736 1846 1793; baseline 0.005 -17"><span class='ocrx_word' id='word_1_222' title='bbox 81 1736 251 1789; x_wconf 88' lang='lat' dir='ltr'>quando</span> <span class='ocrx_word' id='word_1_223' title='bbox 274 1738 445 1788; x_wconf 90' lang='lat' dir='ltr'>tempus</span> <span class='ocrx_word' id='word_1_224' title='bbox 478 1749 551 1776; x_wconf 91' lang='lat' dir='ltr'>eos</span> <span class='ocrx_word' id='word_1_225' title='bbox 585 1736 801 1785; x_wconf 88' lang='lat' dir='ltr'>deficeret,</span> <span class='ocrx_word' id='word_1_226' title='bbox 835 1750 1029 1778; x_wconf 88' lang='lat' dir='ltr'>summae</span> <span class='ocrx_word' id='word_1_227' title='bbox 1051 1737 1205 1778; x_wconf 90' lang='lat' dir='ltr'>breves</span> <span class='ocrx_word' id='word_1_228' title='bbox 1229 1737 1377 1780; x_wconf 89' lang='lat' dir='ltr'>ordine</span> <span class='ocrx_word' id='word_1_229' title='bbox 1399 1741 1642 1793; x_wconf 87' lang='lat' dir='ltr'>temporum</span> <span class='ocrx_word' id='word_1_230' title='bbox 1666 1746 1846 1785; x_wconf 89' lang='lat' dir='ltr'>servato</span> 
     </span>
     <span class='ocr_line' id='line_1_25' title="bbox 79 1799 1842 1856; baseline 0.004 -14"><span class='ocrx_word' id='word_1_231' title='bbox 79 1801 348 1842; x_wconf 83' lang='lat' dir='ltr'>referrentur</span> <span class='ocrx_word' id='word_1_232' title='bbox 378 1799 423 1841; x_wconf 89' lang='lat' dir='ltr'>in</span> <span class='ocrx_word' id='word_1_233' title='bbox 456 1800 637 1850; x_wconf 87' lang='lat' dir='ltr'>codices,</span> <span class='ocrx_word' id='word_1_234' title='bbox 682 1800 753 1853; x_wconf 83' lang='lat' dir='ltr'>qui</span> <span class='ocrx_word' id='word_1_235' title='bbox 786 1801 899 1854; x_wconf 89' lang='lat' dir='ltr'>apud</span> <span class='ocrx_word' id='word_1_236' title='bbox 931 1801 1047 1855; x_wconf 89' lang='lat' dir='ltr'>ipsos</span> <span class='ocrx_word' id='word_1_237' title='bbox 1079 1803 1352 1856; x_wconf 87' lang='lat' dir='ltr'>praepositos</span> <span class='ocrx_word' id='word_1_238' title='bbox 1384 1805 1613 1856; x_wconf 90' lang='lat' dir='ltr'>generales</span> <span class='ocrx_word' id='word_1_239' title='bbox 1645 1820 1842 1850; x_wconf 88' lang='lat' dir='ltr'>asserva-</span> 
     </span>
     <span class='ocr_line' id='line_1_26' title="bbox 80 1864 1844 1922; baseline 0.005 -16"><span class='ocrx_word' id='word_1_240' title='bbox 80 1865 249 1908; x_wconf 88' lang='lat' dir='ltr'>bantur.</span> <span class='ocrx_word' id='word_1_241' title='bbox 313 1864 569 1908; x_wconf 87' lang='lat' dir='ltr'>Scribebant</span> <span class='ocrx_word' id='word_1_242' title='bbox 611 1868 756 1907; x_wconf 89' lang='lat' dir='ltr'>autem</span> <span class='ocrx_word' id='word_1_243' title='bbox 797 1865 906 1908; x_wconf 86' lang='lat' dir='ltr'>haec</span> <span class='ocrx_word' id='word_1_244' title='bbox 955 1867 1206 1920; x_wconf 86' lang='lat' dir='ltr'>„Registra“</span> <span class='ocrx_word' id='word_1_245' title='bbox 1253 1868 1506 1922; x_wconf 87' lang='lat' dir='ltr'>plerumque</span> <span class='ocrx_word' id='word_1_246' title='bbox 1543 1870 1704 1913; x_wconf 83' lang='lat' dir='ltr'>fratres</span> <span class='ocrx_word' id='word_1_247' title='bbox 1741 1872 1844 1915; x_wconf 87' lang='lat' dir='ltr'>laici</span> 
     </span>
     <span class='ocr_line' id='line_1_27' title="bbox 79 1929 1843 1990; baseline 0.005 -18"><span class='ocrx_word' id='word_1_248' title='bbox 79 1929 310 1973; x_wconf 85' lang='lat' dir='ltr'>Societatis</span> <span class='ocrx_word' id='word_1_249' title='bbox 333 1929 533 1984; x_wconf 88' lang='lat' dir='ltr'>(hispani,</span> <span class='ocrx_word' id='word_1_250' title='bbox 557 1929 684 1982; x_wconf 87' lang='lat' dir='ltr'>itali),</span> <span class='ocrx_word' id='word_1_251' title='bbox 714 1930 828 1983; x_wconf 90' lang='lat' dir='ltr'>iique</span> <span class='ocrx_word' id='word_1_252' title='bbox 851 1931 965 1973; x_wconf 87' lang='lat' dir='ltr'>haud</span> <span class='ocrx_word' id='word_1_253' title='bbox 988 1933 1170 1974; x_wconf 89' lang='lat' dir='ltr'>multum</span> <span class='ocrx_word' id='word_1_254' title='bbox 1194 1933 1365 1986; x_wconf 86' lang='lat' dir='ltr'>quidem</span> <span class='ocrx_word' id='word_1_255' title='bbox 1387 1934 1586 1985; x_wconf 88' lang='lat' dir='ltr'>litterati,</span> <span class='ocrx_word' id='word_1_256' title='bbox 1612 1937 1843 1990; x_wconf 87' lang='lat' dir='ltr'>diligentes</span> 
     </span>
     <span class='ocr_line' id='line_1_28' title="bbox 77 1995 1841 2054; baseline 0.005 -17"><span class='ocrx_word' id='word_1_257' title='bbox 77 1998 224 2037; x_wconf 90' lang='lat' dir='ltr'>tamen</span> <span class='ocrx_word' id='word_1_258' title='bbox 266 1998 310 2037; x_wconf 91' lang='lat' dir='ltr'>et</span> <span class='ocrx_word' id='word_1_259' title='bbox 349 1995 561 2048; x_wconf 84' lang='lat' dir='ltr'>religiosi;</span> <span class='ocrx_word' id='word_1_260' title='bbox 609 1996 682 2048; x_wconf 90' lang='lat' dir='ltr'>qui</span> <span class='ocrx_word' id='word_1_261' title='bbox 713 1996 926 2038; x_wconf 87' lang='lat' dir='ltr'>vocabula</span> <span class='ocrx_word' id='word_1_262' title='bbox 959 1997 1130 2049; x_wconf 88' lang='lat' dir='ltr'>quidem</span> <span class='ocrx_word' id='word_1_263' title='bbox 1163 1999 1383 2049; x_wconf 90' lang='lat' dir='ltr'>nonnulla,</span> <span class='ocrx_word' id='word_1_264' title='bbox 1430 1999 1626 2054; x_wconf 90' lang='lat' dir='ltr'>inprimis</span> <span class='ocrx_word' id='word_1_265' title='bbox 1668 2003 1841 2045; x_wconf 84' lang='lat' dir='ltr'>nomina</span> 
     </span>
     <span class='ocr_line' id='line_1_29' title="bbox 77 2060 1841 2118; baseline 0.005 -16"><span class='ocrx_word' id='word_1_266' title='bbox 77 2060 274 2114; x_wconf 87' lang='lat' dir='ltr'>propria,</span> <span class='ocrx_word' id='word_1_267' title='bbox 318 2074 373 2101; x_wconf 84' lang='lat' dir='ltr'>ex</span> <span class='ocrx_word' id='word_1_268' title='bbox 413 2060 661 2112; x_wconf 89' lang='lat' dir='ltr'>ignorantia</span> <span class='ocrx_word' id='word_1_269' title='bbox 702 2061 771 2102; x_wconf 90' lang='lat' dir='ltr'>vel</span> <span class='ocrx_word' id='word_1_270' title='bbox 812 2061 1093 2104; x_wconf 84' lang='lat' dir='ltr'>festinatione</span> <span class='ocrx_word' id='word_1_271' title='bbox 1125 2063 1328 2105; x_wconf 82' lang='lat' dir='ltr'>mendose</span> <span class='ocrx_word' id='word_1_272' title='bbox 1369 2065 1742 2118; x_wconf 87' lang='lat' dir='ltr'>transcribebant,</span> <span class='ocrx_word' id='word_1_273' title='bbox 1785 2069 1841 2110; x_wconf 89' lang='lat' dir='ltr'>ab</span> 
     </span>
     <span class='ocr_line' id='line_1_30' title="bbox 78 2125 1840 2185; baseline 0.005 -18"><span class='ocrx_word' id='word_1_274' title='bbox 78 2125 192 2168; x_wconf 89' lang='lat' dir='ltr'>omni</span> <span class='ocrx_word' id='word_1_275' title='bbox 220 2139 324 2167; x_wconf 90' lang='lat' dir='ltr'>vero</span> <span class='ocrx_word' id='word_1_276' title='bbox 355 2125 508 2167; x_wconf 88' lang='lat' dir='ltr'>fraude</span> <span class='ocrx_word' id='word_1_277' title='bbox 531 2127 574 2168; x_wconf 90' lang='lat' dir='ltr'>et</span> <span class='ocrx_word' id='word_1_278' title='bbox 607 2126 702 2167; x_wconf 92' lang='lat' dir='ltr'>dolo</span> <span class='ocrx_word' id='word_1_279' title='bbox 726 2126 854 2168; x_wconf 91' lang='lat' dir='ltr'>alieni</span> <span class='ocrx_word' id='word_1_280' title='bbox 877 2130 1014 2170; x_wconf 87' lang='lat' dir='ltr'>erant.</span> <span class='ocrx_word' id='word_1_281' title='bbox 1059 2127 1258 2170; x_wconf 87' lang='lat' dir='ltr'>Ceterum</span> <span class='ocrx_word' id='word_1_282' title='bbox 1280 2129 1470 2183; x_wconf 91' lang='lat' dir='ltr'>ipsorum</span> <span class='ocrx_word' id='word_1_283' title='bbox 1492 2132 1840 2185; x_wconf 89' lang='lat' dir='ltr'>praepositorum</span> 
     </span>
     <span class='ocr_line' id='line_1_31' title="bbox 76 2190 1840 2251; baseline 0.005 -20"><span class='ocrx_word' id='word_1_284' title='bbox 76 2190 344 2243; x_wconf 86' lang='lat' dir='ltr'>generalium</span> <span class='ocrx_word' id='word_1_285' title='bbox 367 2192 412 2232; x_wconf 92' lang='lat' dir='ltr'>et</span> <span class='ocrx_word' id='word_1_286' title='bbox 433 2190 764 2232; x_wconf 87' lang='lat' dir='ltr'>secretariorum</span> <span class='ocrx_word' id='word_1_287' title='bbox 789 2191 1021 2234; x_wconf 79' lang='lat' dir='ltr'>Societatis</span> <span class='ocrx_word' id='word_1_288' title='bbox 1043 2192 1273 2246; x_wconf 89' lang='lat' dir='ltr'>plurimum</span> <span class='ocrx_word' id='word_1_289' title='bbox 1296 2194 1521 2246; x_wconf 86' lang='lat' dir='ltr'>intererat,</span> <span class='ocrx_word' id='word_1_290' title='bbox 1555 2199 1603 2238; x_wconf 91' lang='lat' dir='ltr'>ut</span> <span class='ocrx_word' id='word_1_291' title='bbox 1626 2197 1840 2251; x_wconf 85' lang='lat' dir='ltr'>epistulae</span> 
     </span>
     <span class='ocr_line' id='line_1_32' title="bbox 75 2256 1840 2313; baseline 0.005 -17"><span class='ocrx_word' id='word_1_292' title='bbox 75 2259 166 2297; x_wconf 89' lang='lat' dir='ltr'>tam</span> <span class='ocrx_word' id='word_1_293' title='bbox 199 2257 402 2297; x_wconf 86' lang='lat' dir='ltr'>accurate</span> <span class='ocrx_word' id='word_1_294' title='bbox 434 2256 839 2307; x_wconf 86' lang='lat' dir='ltr'>transcriberentur,</span> <span class='ocrx_word' id='word_1_295' title='bbox 874 2259 922 2298; x_wconf 93' lang='lat' dir='ltr'>ut</span> <span class='ocrx_word' id='word_1_296' title='bbox 953 2257 1048 2311; x_wconf 91' lang='lat' dir='ltr'>ipsi,</span> <span class='ocrx_word' id='word_1_297' title='bbox 1083 2272 1169 2311; x_wconf 87' lang='lat' dir='ltr'>qua</span> <span class='ocrx_word' id='word_1_298' title='bbox 1200 2259 1384 2308; x_wconf 82' lang='lat' dir='ltr'>ratione,</span> <span class='ocrx_word' id='word_1_299' title='bbox 1415 2261 1586 2313; x_wconf 88' lang='lat' dir='ltr'>quando</span> <span class='ocrx_word' id='word_1_300' title='bbox 1620 2262 1672 2303; x_wconf 91' lang='lat' dir='ltr'>de</span> <span class='ocrx_word' id='word_1_301' title='bbox 1704 2262 1840 2304; x_wconf 88' lang='lat' dir='ltr'>variis</span> 
     </span>
     <span class='ocr_line' id='line_1_33' title="bbox 75 2319 1839 2381; baseline 0.004 -19"><span class='ocrx_word' id='word_1_302' title='bbox 75 2320 262 2373; x_wconf 90' lang='lat' dir='ltr'>negotiis</span> <span class='ocrx_word' id='word_1_303' title='bbox 294 2319 575 2362; x_wconf 87' lang='lat' dir='ltr'>constitutum</span> <span class='ocrx_word' id='word_1_304' title='bbox 609 2323 653 2362; x_wconf 89' lang='lat' dir='ltr'>et</span> <span class='ocrx_word' id='word_1_305' title='bbox 684 2335 938 2375; x_wconf 90' lang='lat' dir='ltr'>responsum</span> <span class='ocrx_word' id='word_1_306' title='bbox 971 2325 1099 2371; x_wconf 86' lang='lat' dir='ltr'>esset,</span> <span class='ocrx_word' id='word_1_307' title='bbox 1133 2336 1189 2365; x_wconf 83' lang='lat' dir='ltr'>ex</span> <span class='ocrx_word' id='word_1_308' title='bbox 1212 2324 1426 2377; x_wconf 85' lang='lat' dir='ltr'>Registris</span> <span class='ocrx_word' id='word_1_309' title='bbox 1455 2326 1608 2378; x_wconf 90' lang='lat' dir='ltr'>quovis</span> <span class='ocrx_word' id='word_1_310' title='bbox 1640 2328 1839 2381; x_wconf 89' lang='lat' dir='ltr'>tempore</span> 
     </span>
     <span class='ocr_line' id='line_1_34' title="bbox 74 2388 1834 2444; baseline 0.004 -18"><span class='ocrx_word' id='word_1_311' title='bbox 74 2388 194 2428; x_wconf 91' lang='lat' dir='ltr'>certo</span> <span class='ocrx_word' id='word_1_312' title='bbox 227 2398 487 2437; x_wconf 85' lang='lat' dir='ltr'>cognoscere</span> <span class='ocrx_word' id='word_1_313' title='bbox 518 2388 719 2439; x_wconf 75' lang='lat' dir='ltr'>possent3</span> <span class='ocrx_word' id='word_1_314' title='bbox 753 2389 983 2440; x_wconf 88' lang='lat' dir='ltr'>praeterea</span> <span class='ocrx_word' id='word_1_315' title='bbox 1015 2388 1187 2440; x_wconf 88' lang='lat' dir='ltr'>aliquae</span> <span class='ocrx_word' id='word_1_316' title='bbox 1220 2402 1274 2430; x_wconf 77' lang='lat' dir='ltr'>ex</span> <span class='ocrx_word' id='word_1_317' title='bbox 1307 2389 1506 2443; x_wconf 88' lang='lat' dir='ltr'>epistulis</span> <span class='ocrx_word' id='word_1_318' title='bbox 1539 2391 1834 2444; x_wconf 88' lang='lat' dir='ltr'>originalibus,</span> 
     </span>
     <span class='ocr_line' id='line_1_35' title="bbox 74 2449 1836 2505; baseline 0.005 -14"><span class='ocrx_word' id='word_1_319' title='bbox 74 2463 254 2502; x_wconf 89' lang='lat' dir='ltr'>quarum</span> <span class='ocrx_word' id='word_1_320' title='bbox 293 2449 545 2504; x_wconf 84' lang='lat' dir='ltr'>apographa</span> <span class='ocrx_word' id='word_1_321' title='bbox 585 2450 627 2492; x_wconf 92' lang='lat' dir='ltr'>in</span> <span class='ocrx_word' id='word_1_322' title='bbox 660 2451 876 2504; x_wconf 84' lang='lat' dir='ltr'>Registris</span> <span class='ocrx_word' id='word_1_323' title='bbox 915 2455 1171 2503; x_wconf 84' lang='lat' dir='ltr'>cernuntur,</span> <span class='ocrx_word' id='word_1_324' title='bbox 1216 2454 1354 2496; x_wconf 87' lang='lat' dir='ltr'>adhuc</span> <span class='ocrx_word' id='word_1_325' title='bbox 1387 2458 1587 2505; x_wconf 74' lang='lat' dir='ltr'>exstant:</span> <span class='ocrx_word' id='word_1_326' title='bbox 1631 2460 1678 2499; x_wconf 87' lang='lat' dir='ltr'>ut</span> <span class='ocrx_word' id='word_1_327' title='bbox 1719 2471 1836 2499; x_wconf 88' lang='lat' dir='ltr'>com-</span> 
     </span>
     <span class='ocr_line' id='line_1_36' title="bbox 73 2513 1834 2575; baseline 0.005 -20"><span class='ocrx_word' id='word_1_328' title='bbox 73 2515 218 2568; x_wconf 87' lang='lat' dir='ltr'>plures</span> <span class='ocrx_word' id='word_1_329' title='bbox 251 2528 305 2556; x_wconf 81' lang='lat' dir='ltr'>ex</span> <span class='ocrx_word' id='word_1_330' title='bbox 337 2513 534 2568; x_wconf 86' lang='lat' dir='ltr'>epistulis</span> <span class='ocrx_word' id='word_1_331' title='bbox 567 2529 592 2556; x_wconf 88' lang='lat' dir='ltr'>a</span> <span class='ocrx_word' id='word_1_332' title='bbox 624 2515 784 2569; x_wconf 88' lang='lat' dir='ltr'>Borgia</span> <span class='ocrx_word' id='word_1_333' title='bbox 816 2516 871 2558; x_wconf 86' lang='lat' dir='ltr'>ad</span> <span class='ocrx_word' id='word_1_334' title='bbox 904 2517 950 2560; x_wconf 89' lang='lat' dir='ltr'>P.</span> <span class='ocrx_word' id='word_1_335' title='bbox 974 2517 1286 2571; x_wconf 86' lang='lat' dir='ltr'>Hieronymum</span> <span class='ocrx_word' id='word_1_336' title='bbox 1320 2519 1522 2562; x_wconf 87' lang='lat' dir='ltr'>Natalem</span> <span class='ocrx_word' id='word_1_337' title='bbox 1557 2521 1692 2570; x_wconf 88' lang='lat' dir='ltr'>datis;</span> <span class='ocrx_word' id='word_1_338' title='bbox 1727 2535 1834 2575; x_wconf 90' lang='lat' dir='ltr'>quas</span> 
     </span>
     <span class='ocr_line' id='line_1_37' title="bbox 73 2579 1838 2639; baseline 0.004 -18"><span class='ocrx_word' id='word_1_339' title='bbox 73 2580 110 2621; x_wconf 89' lang='lat' dir='ltr'>si</span> <span class='ocrx_word' id='word_1_340' title='bbox 142 2594 238 2621; x_wconf 91' lang='lat' dir='ltr'>cum</span> <span class='ocrx_word' id='word_1_341' title='bbox 270 2579 486 2632; x_wconf 86' lang='lat' dir='ltr'>Registris</span> <span class='ocrx_word' id='word_1_342' title='bbox 519 2580 773 2629; x_wconf 86' lang='lat' dir='ltr'>contuleris,</span> <span class='ocrx_word' id='word_1_343' title='bbox 816 2581 1016 2623; x_wconf 88' lang='lat' dir='ltr'>librarios</span> <span class='ocrx_word' id='word_1_344' title='bbox 1057 2583 1100 2624; x_wconf 91' lang='lat' dir='ltr'>in</span> <span class='ocrx_word' id='word_1_345' title='bbox 1141 2583 1193 2624; x_wconf 91' lang='lat' dir='ltr'>iis</span> <span class='ocrx_word' id='word_1_346' title='bbox 1234 2585 1571 2626; x_wconf 82' lang='lat' dir='ltr'>transcribendis</span> <span class='ocrx_word' id='word_1_347' title='bbox 1605 2585 1838 2639; x_wconf 88' lang='lat' dir='ltr'>diligentes</span> 
     </span>
     <span class='ocr_line' id='line_1_38' title="bbox 73 2644 1834 2701; baseline 0.006 -17"><span class='ocrx_word' id='word_1_348' title='bbox 73 2644 265 2697; x_wconf 89' lang='lat' dir='ltr'>fidosque</span> <span class='ocrx_word' id='word_1_349' title='bbox 306 2658 353 2685; x_wconf 90' lang='lat' dir='ltr'>se</span> <span class='ocrx_word' id='word_1_350' title='bbox 397 2644 647 2698; x_wconf 88' lang='lat' dir='ltr'>praebuisse</span> <span class='ocrx_word' id='word_1_351' title='bbox 692 2645 883 2694; x_wconf 81' lang='lat' dir='ltr'>videbis;</span> <span class='ocrx_word' id='word_1_352' title='bbox 929 2646 1009 2688; x_wconf 90' lang='lat' dir='ltr'>hoc</span> <span class='ocrx_word' id='word_1_353' title='bbox 1054 2662 1184 2689; x_wconf 90' lang='lat' dir='ltr'>unum</span> <span class='ocrx_word' id='word_1_354' title='bbox 1228 2648 1443 2690; x_wconf 88' lang='lat' dir='ltr'>interdum</span> <span class='ocrx_word' id='word_1_355' title='bbox 1490 2650 1736 2701; x_wconf 87' lang='lat' dir='ltr'>accidebat,</span> <span class='ocrx_word' id='word_1_356' title='bbox 1785 2654 1834 2694; x_wconf 89' lang='lat' dir='ltr'>ut</span> 
     </span>
     <span class='ocr_line' id='line_1_39' title="bbox 72 2709 1834 2770; baseline 0.005 -21"><span class='ocrx_word' id='word_1_357' title='bbox 72 2709 284 2762; x_wconf 87' lang='lat' dir='ltr'>epistulae</span> <span class='ocrx_word' id='word_1_358' title='bbox 317 2709 444 2751; x_wconf 89' lang='lat' dir='ltr'>alicui</span> <span class='ocrx_word' id='word_1_359' title='bbox 477 2723 554 2762; x_wconf 84' lang='lat' dir='ltr'>per</span> <span class='ocrx_word' id='word_1_360' title='bbox 580 2710 862 2752; x_wconf 84' lang='lat' dir='ltr'>secretarium</span> <span class='ocrx_word' id='word_1_361' title='bbox 896 2712 966 2753; x_wconf 91' lang='lat' dir='ltr'>vel</span> <span class='ocrx_word' id='word_1_362' title='bbox 997 2726 1128 2754; x_wconf 90' lang='lat' dir='ltr'>unum</span> <span class='ocrx_word' id='word_1_363' title='bbox 1152 2726 1206 2754; x_wconf 85' lang='lat' dir='ltr'>ex</span> <span class='ocrx_word' id='word_1_364' title='bbox 1230 2713 1321 2755; x_wconf 91' lang='lat' dir='ltr'>eius</span> <span class='ocrx_word' id='word_1_365' title='bbox 1343 2714 1611 2757; x_wconf 85' lang='lat' dir='ltr'>adiutoribus</span> <span class='ocrx_word' id='word_1_366' title='bbox 1643 2716 1834 2770; x_wconf 86' lang='lat' dir='ltr'>scriptae</span> 
     </span>
     <span class='ocr_line' id='line_1_40' title="bbox 72 2773 1834 2826; baseline 0.005 -12"><span class='ocrx_word' id='word_1_367' title='bbox 72 2773 257 2826; x_wconf 88' lang='lat' dir='ltr'>Borgias</span> <span class='ocrx_word' id='word_1_368' title='bbox 289 2788 373 2816; x_wconf 90' lang='lat' dir='ltr'>non</span> <span class='ocrx_word' id='word_1_369' title='bbox 405 2774 541 2815; x_wconf 91' lang='lat' dir='ltr'>solum</span> <span class='ocrx_word' id='word_1_370' title='bbox 576 2788 730 2817; x_wconf 89' lang='lat' dir='ltr'>nomen</span> <span class='ocrx_word' id='word_1_371' title='bbox 763 2776 1066 2826; x_wconf 87' lang='lat' dir='ltr'>subscriberet,</span> <span class='ocrx_word' id='word_1_372' title='bbox 1110 2778 1184 2819; x_wconf 89' lang='lat' dir='ltr'>sed</span> <span class='ocrx_word' id='word_1_373' title='bbox 1219 2778 1349 2821; x_wconf 89' lang='lat' dir='ltr'>etiam</span> <span class='ocrx_word' id='word_1_374' title='bbox 1391 2793 1470 2821; x_wconf 88' lang='lat' dir='ltr'>sua</span> <span class='ocrx_word' id='word_1_375' title='bbox 1509 2794 1638 2822; x_wconf 88' lang='lat' dir='ltr'>manu</span> <span class='ocrx_word' id='word_1_376' title='bbox 1680 2795 1834 2823; x_wconf 88' lang='lat' dir='ltr'>versus</span> 
     </span>
     <span class='ocr_line' id='line_1_41' title="bbox 73 2838 1830 2897; baseline 0.004 -16"><span class='ocrx_word' id='word_1_377' title='bbox 73 2838 237 2891; x_wconf 86' lang='lat' dir='ltr'>aliquot</span> <span class='ocrx_word' id='word_1_378' title='bbox 269 2838 470 2889; x_wconf 88' lang='lat' dir='ltr'>adderet,</span> <span class='ocrx_word' id='word_1_379' title='bbox 515 2852 654 2892; x_wconf 86' lang='lat' dir='ltr'>neque</span> <span class='ocrx_word' id='word_1_380' title='bbox 686 2843 832 2882; x_wconf 90' lang='lat' dir='ltr'>tamen</span> <span class='ocrx_word' id='word_1_381' title='bbox 872 2844 1026 2894; x_wconf 80' lang='lat' dir='ltr'>postea</span> <span class='ocrx_word' id='word_1_382' title='bbox 1058 2855 1211 2883; x_wconf 89' lang='lat' dir='ltr'>versus</span> <span class='ocrx_word' id='word_1_383' title='bbox 1242 2843 1304 2884; x_wconf 90' lang='lat' dir='ltr'>illi</span> <span class='ocrx_word' id='word_1_384' title='bbox 1337 2843 1379 2884; x_wconf 93' lang='lat' dir='ltr'>in</span> <span class='ocrx_word' id='word_1_385' title='bbox 1413 2844 1662 2897; x_wconf 88' lang='lat' dir='ltr'>Registrum</span> <span class='ocrx_word' id='word_1_386' title='bbox 1694 2846 1830 2888; x_wconf 87' lang='lat' dir='ltr'>refer-</span> 
     </span>
     <span class='ocr_line' id='line_1_42' title="bbox 70 2904 1833 2963; baseline 0.005 -19"><span class='ocrx_word' id='word_1_387' title='bbox 70 2906 242 2952; x_wconf 90' lang='lat' dir='ltr'>rentur;</span> <span class='ocrx_word' id='word_1_388' title='bbox 285 2917 396 2956; x_wconf 88' lang='lat' dir='ltr'>quae</span> <span class='ocrx_word' id='word_1_389' title='bbox 436 2906 584 2946; x_wconf 89' lang='lat' dir='ltr'>tamen</span> <span class='ocrx_word' id='word_1_390' title='bbox 621 2904 938 2959; x_wconf 85' lang='lat' dir='ltr'>„Postsoripta“</span> <span class='ocrx_word' id='word_1_391' title='bbox 977 2920 1114 2959; x_wconf 87' lang='lat' dir='ltr'>neque</span> <span class='ocrx_word' id='word_1_392' title='bbox 1151 2907 1213 2949; x_wconf 88' lang='lat' dir='ltr'>ita</span> <span class='ocrx_word' id='word_1_393' title='bbox 1244 2908 1381 2951; x_wconf 88' lang='lat' dir='ltr'>multa</span> <span class='ocrx_word' id='word_1_394' title='bbox 1412 2912 1527 2960; x_wconf 87' lang='lat' dir='ltr'>sunt,</span> <span class='ocrx_word' id='word_1_395' title='bbox 1568 2924 1707 2963; x_wconf 88' lang='lat' dir='ltr'>neque</span> <span class='ocrx_word' id='word_1_396' title='bbox 1739 2924 1833 2952; x_wconf 83' lang='lat' dir='ltr'>mo-</span> 
     </span>
    </p>
   </div>
   <div class='ocr_carea' id='block_1_3' title="bbox 71 2968 567 3021">
    <p class='ocr_par' dir='ltr' id='par_1_4' title="bbox 71 2968 567 3021">
     <span class='ocr_line' id='line_1_43' title="bbox 71 2968 567 3021; baseline 0.004 -12"><span class='ocrx_word' id='word_1_397' title='bbox 71 2968 205 3010; x_wconf 89' lang='lat' dir='ltr'>menti</span> <span class='ocrx_word' id='word_1_398' title='bbox 224 2969 344 3010; x_wconf 70' lang='lat' dir='ltr'>&#39;adeo</span> <span class='ocrx_word' id='word_1_399' title='bbox 377 2969 524 3021; x_wconf 89' lang='lat' dir='ltr'>magni</span> <span class='ocrx_word' id='word_1_400' title='bbox 540 2971 567 3012; x_wconf 88' lang='lat'>¹.</span> 
     </span>
    </p>
   </div>
   <div class='ocr_carea' id='block_1_4' title="bbox 70 3065 1831 3214">
    <p class='ocr_par' dir='ltr' id='par_1_5' title="bbox 70 3065 1831 3214">
     <span class='ocr_line' id='line_1_44' title="bbox 191 3065 1831 3118; baseline 0.005 -19"><span class='ocrx_word' id='word_1_401' title='bbox 191 3066 200 3086; x_wconf 88' lang='lat'>¹</span> <span class='ocrx_word' id='word_1_402' title='bbox 226 3065 327 3107; x_wconf 88' lang='lat' dir='ltr'>Vide,</span> <span class='ocrx_word' id='word_1_403' title='bbox 347 3077 439 3111; x_wconf 83' lang='lat' dir='ltr'>quae</span> <span class='ocrx_word' id='word_1_404' title='bbox 457 3067 498 3100; x_wconf 89' lang='lat' dir='ltr'>de</span> <span class='ocrx_word' id='word_1_405' title='bbox 518 3067 801 3112; x_wconf 81' lang='lat' dir='ltr'>praepositorum</span> <span class='ocrx_word' id='word_1_406' title='bbox 821 3069 1041 3111; x_wconf 85' lang='lat' dir='ltr'>generalium</span> <span class='ocrx_word' id='word_1_407' title='bbox 1061 3070 1224 3114; x_wconf 83' lang='lat' dir='ltr'>epistulis</span> <span class='ocrx_word' id='word_1_408' title='bbox 1243 3082 1435 3115; x_wconf 86' lang='lat' dir='ltr'>earumque</span> <span class='ocrx_word' id='word_1_409' title='bbox 1450 3071 1628 3116; x_wconf 83' lang='lat' dir='ltr'>Registris</span> <span class='ocrx_word' id='word_1_410' title='bbox 1646 3074 1831 3118; x_wconf 84' lang='lat' dir='ltr'>sapienter</span> 
     </span>
     <span class='ocr_line' id='line_1_45' title="bbox 70 3118 1829 3169; baseline 0.005 -18"><span class='ocrx_word' id='word_1_411' title='bbox 70 3120 171 3153; x_wconf 81' lang='lat' dir='ltr'>notat</span> <span class='ocrx_word' id='word_1_412' title='bbox 196 3118 235 3152; x_wconf 87' lang='lat' dir='ltr'>P.</span> <span class='ocrx_word' id='word_1_413' title='bbox 255 3120 362 3154; x_wconf 81' lang='lat' dir='ltr'>Bern.</span> <span class='ocrx_word' id='word_1_414' title='bbox 381 3120 489 3154; x_wconf 70' lang='lat' dir='ltr'>Dalm·</span> <span class='ocrx_word' id='word_1_415' title='bbox 507 3119 540 3154; x_wconf 83' lang='lat' dir='ltr'>S.</span> <span class='ocrx_word' id='word_1_416' title='bbox 556 3120 600 3161; x_wconf 60' lang='lat' dir='ltr'>J„</span> <span class='ocrx_word' id='word_1_417' title='bbox 628 3120 843 3155; x_wconf 80' lang='lat' dir='ltr'>Geschichte</span> <span class='ocrx_word' id='word_1_418' title='bbox 870 3121 932 3155; x_wconf 90' lang='lat' dir='ltr'>der</span> <span class='ocrx_word' id='word_1_419' title='bbox 951 3122 1113 3157; x_wconf 75' lang='lat' dir='ltr'>Jesuiten</span> <span class='ocrx_word' id='word_1_420' title='bbox 1133 3123 1167 3157; x_wconf 88' lang='lat' dir='ltr'>in</span> <span class='ocrx_word' id='word_1_421' title='bbox 1187 3124 1254 3157; x_wconf 88' lang='lat' dir='ltr'>den</span> <span class='ocrx_word' id='word_1_422' title='bbox 1274 3124 1435 3158; x_wconf 68' lang='lat' dir='ltr'>Liindern</span> <span class='ocrx_word' id='word_1_423' title='bbox 1455 3126 1645 3161; x_wconf 81' lang='lat' dir='ltr'>deutscher</span> <span class='ocrx_word' id='word_1_424' title='bbox 1663 3126 1781 3169; x_wconf 88' lang='lat' dir='ltr'>Zunge</span> <span class='ocrx_word' id='word_1_425' title='bbox 1800 3127 1829 3168; x_wconf 84' lang='lat' dir='ltr'>l,</span> 
     </span>
     <span class='ocr_line' id='line_1_46' title="bbox 71 3170 678 3214; baseline 0.005 -10"><span class='ocrx_word' id='word_1_426' title='bbox 71 3170 243 3214; x_wconf 85' lang='lat' dir='ltr'>Freiburg</span> <span class='ocrx_word' id='word_1_427' title='bbox 270 3171 291 3206; x_wconf 92' lang='lat' dir='ltr'>i.</span> <span class='ocrx_word' id='word_1_428' title='bbox 313 3172 368 3206; x_wconf 70' lang='grc' dir='ltr'>ΒΓ.</span> <span class='ocrx_word' id='word_1_429' title='bbox 398 3173 498 3213; x_wconf 81' lang='lat'>1907,</span> <span class='ocrx_word' id='word_1_430' title='bbox 526 3184 579 3206; x_wconf 79' lang='lat' dir='ltr'>vu</span> <span class='ocrx_word' id='word_1_431' title='bbox 608 3174 678 3207; x_wconf 72' lang='lat'><strong>343.</strong></span> 
     </span>
    </p>
   </div>
  </div>
 </body>
</html>
