<?xml version="1.0" encoding="UTF-8"?>
<!DOCTYPE html PUBLIC "-//W3C//DTD XHTML 1.0 Transitional//EN"
    "http://www.w3.org/TR/xhtml1/DTD/xhtml1-transitional.dtd">
<html xmlns="http://www.w3.org/1999/xhtml" xml:lang="en" lang="en">
 <head>
  <title>
</title>
<meta http-equiv="Content-Type" content="text/html;charset=utf-8" />
  <meta name='ocr-system' content='tesseract 3.04.00' />
  <meta name='ocr-capabilities' content='ocr_page ocr_carea ocr_par ocr_line ocrx_word'/>
</head>
<body>
  <div class='ocr_page' id='page_1' title='image "beatipetricanisi05cani_0282.png"; bbox 0 0 2077 3461; ppageno 0'>
   <div class='ocr_carea' id='block_1_1' title="bbox 231 183 1762 233">
    <p class='ocr_par' dir='ltr' id='par_1_1' title="bbox 231 183 1762 233">
     <span class='ocr_line' id='line_1_1' title="bbox 231 183 1762 233; baseline -0.003 -11"><span class='ocrx_word' id='word_1_1' title='bbox 231 192 310 233; x_wconf 81' lang='lat'>196</span> <span class='ocrx_word' id='word_1_2' title='bbox 438 187 538 222; x_wconf 86' lang='grc'><strong>1289.</strong></span> <span class='ocrx_word' id='word_1_3' title='bbox 574 185 739 221; x_wconf 87' lang='lat' dir='ltr'>Canisius</span> <span class='ocrx_word' id='word_1_4' title='bbox 764 185 947 220; x_wconf 88' lang='lat' dir='ltr'>Leonardo</span> <span class='ocrx_word' id='word_1_5' title='bbox 973 185 1112 220; x_wconf 86' lang='lat' dir='ltr'>Kessel.</span> <span class='ocrx_word' id='word_1_6' title='bbox 1152 186 1317 228; x_wconf 84' lang='lat' dir='ltr'>Augusta</span> <span class='ocrx_word' id='word_1_7' title='bbox 1340 183 1444 218; x_wconf 77' lang='lat' dir='ltr'>Vind.</span> <span class='ocrx_word' id='word_1_8' title='bbox 1467 184 1520 218; x_wconf 90' lang='grc'>19.</span> <span class='ocrx_word' id='word_1_9' title='bbox 1539 184 1639 218; x_wconf 84' lang='lat' dir='ltr'><strong>Febr.</strong></span> <span class='ocrx_word' id='word_1_10' title='bbox 1662 184 1762 218; x_wconf 90' lang='lat'>1566.</span> 
     </span>
    </p>
   </div>
   <div class='ocr_carea' id='block_1_2' title="bbox 221 301 1977 933">
    <p class='ocr_par' dir='ltr' id='par_1_2' title="bbox 222 301 1977 563">
     <span class='ocr_line' id='line_1_2' title="bbox 222 301 1977 352; baseline -0.002 -12"><span class='ocrx_word' id='word_1_11' title='bbox 222 319 254 352; x_wconf 87' lang='lat' dir='ltr'>p.</span> <span class='ocrx_word' id='word_1_12' title='bbox 285 307 362 341; x_wconf 84' lang='lat'>196.</span> <span class='ocrx_word' id='word_1_13' title='bbox 405 305 521 347; x_wconf 79' lang='lat' dir='ltr'>Quare</span> <span class='ocrx_word' id='word_1_14' title='bbox 548 316 627 338; x_wconf 89' lang='lat' dir='ltr'>eum</span> <span class='ocrx_word' id='word_1_15' title='bbox 654 305 746 338; x_wconf 89' lang='lat' dir='ltr'>inter</span> <span class='ocrx_word' id='word_1_16' title='bbox 774 305 828 338; x_wconf 89' lang='grc'>14.</span> <span class='ocrx_word' id='word_1_17' title='bbox 855 306 891 338; x_wconf 91' lang='lat' dir='ltr'>et</span> <span class='ocrx_word' id='word_1_18' title='bbox 919 304 972 338; x_wconf 85' lang='lat'>19.</span> <span class='ocrx_word' id='word_1_19' title='bbox 999 303 1181 337; x_wconf 81' lang='lat' dir='ltr'>Februarii</span> <span class='ocrx_word' id='word_1_20' title='bbox 1209 302 1443 347; x_wconf 83' lang='lat' dir='ltr'>Oenipontem</span> <span class='ocrx_word' id='word_1_21' title='bbox 1470 302 1514 335; x_wconf 93' lang='lat' dir='ltr'>ad</span> <span class='ocrx_word' id='word_1_22' title='bbox 1540 301 1705 335; x_wconf 78' lang='lat' dir='ltr'>Natalem</span> <span class='ocrx_word' id='word_1_23' title='bbox 1730 301 1870 335; x_wconf 79' lang='lat' dir='ltr'>litteras</span> <span class='ocrx_word' id='word_1_24' title='bbox 1896 301 1977 336; x_wconf 88' lang='lat' dir='ltr'>illas</span> 
     </span>
     <span class='ocr_line' id='line_1_3' title="bbox 222 353 1975 400; baseline -0.003 -7"><span class='ocrx_word' id='word_1_25' title='bbox 222 359 361 393; x_wconf 76' lang='lat' dir='ltr'>misisse</span> <span class='ocrx_word' id='word_1_26' title='bbox 387 357 603 392; x_wconf 90' lang='lat' dir='ltr'>censendum</span> <span class='ocrx_word' id='word_1_27' title='bbox 629 359 694 392; x_wconf 90' lang='lat' dir='ltr'>est.</span> <span class='ocrx_word' id='word_1_28' title='bbox 745 356 843 399; x_wconf 82' lang='lat' dir='ltr'>Quae</span> <span class='ocrx_word' id='word_1_29' title='bbox 868 368 983 400; x_wconf 89' lang='lat' dir='ltr'>neque</span> <span class='ocrx_word' id='word_1_30' title='bbox 1009 367 1102 389; x_wconf 90' lang='lat' dir='ltr'>nunc</span> <span class='ocrx_word' id='word_1_31' title='bbox 1128 357 1283 395; x_wconf 85' lang='lat' dir='ltr'>exstant,</span> <span class='ocrx_word' id='word_1_32' title='bbox 1314 366 1429 398; x_wconf 90' lang='lat' dir='ltr'>neque</span> <span class='ocrx_word' id='word_1_33' title='bbox 1455 355 1489 388; x_wconf 92' lang='lat' dir='ltr'>in</span> <span class='ocrx_word' id='word_1_34' title='bbox 1516 354 1656 388; x_wconf 87' lang='lat' dir='ltr'>Natalis</span> <span class='ocrx_word' id='word_1_35' title='bbox 1684 353 1857 398; x_wconf 75' lang='lat' dir='ltr'>epistulis,</span> <span class='ocrx_word' id='word_1_36' title='bbox 1885 365 1975 398; x_wconf 87' lang='lat' dir='ltr'>quae</span> 
     </span>
     <span class='ocr_line' id='line_1_4' title="bbox 223 407 1975 457; baseline -0.002 -11"><span class='ocrx_word' id='word_1_37' title='bbox 223 412 365 457; x_wconf 90' lang='lat' dir='ltr'>quidem</span> <span class='ocrx_word' id='word_1_38' title='bbox 401 410 516 445; x_wconf 83' lang='lat' dir='ltr'>adhuc</span> <span class='ocrx_word' id='word_1_39' title='bbox 551 412 706 451; x_wconf 82' lang='lat' dir='ltr'>exstent,</span> <span class='ocrx_word' id='word_1_40' title='bbox 745 411 1087 449; x_wconf 79' lang='lat' dir='ltr'>commemorantur3</span> <span class='ocrx_word' id='word_1_41' title='bbox 1126 408 1219 442; x_wconf 86' lang='lat' dir='ltr'>unde</span> <span class='ocrx_word' id='word_1_42' title='bbox 1255 407 1387 449; x_wconf 84' lang='lat' dir='ltr'>dubito,</span> <span class='ocrx_word' id='word_1_43' title='bbox 1425 419 1508 441; x_wconf 90' lang='lat' dir='ltr'>num</span> <span class='ocrx_word' id='word_1_44' title='bbox 1545 407 1664 441; x_wconf 90' lang='lat' dir='ltr'>Natali</span> <span class='ocrx_word' id='word_1_45' title='bbox 1700 407 1855 441; x_wconf 82' lang='lat' dir='ltr'>traditae</span> <span class='ocrx_word' id='word_1_46' title='bbox 1892 407 1975 442; x_wconf 84' lang='lat' dir='ltr'>sint.</span> 
     </span>
     <span class='ocr_line' id='line_1_5' title="bbox 222 460 1976 507; baseline -0.003 -8"><span class='ocrx_word' id='word_1_47' title='bbox 222 465 362 499; x_wconf 88' lang='lat' dir='ltr'>Natalis</span> <span class='ocrx_word' id='word_1_48' title='bbox 398 466 493 498; x_wconf 82' lang='lat' dir='ltr'>certe</span> <span class='ocrx_word' id='word_1_49' title='bbox 520 475 599 497; x_wconf 91' lang='lat' dir='ltr'>cum</span> <span class='ocrx_word' id='word_1_50' title='bbox 626 463 733 498; x_wconf 89' lang='lat' dir='ltr'>sociis</span> <span class='ocrx_word' id='word_1_51' title='bbox 760 462 960 507; x_wconf 89' lang='lat' dir='ltr'>Oeniponte</span> <span class='ocrx_word' id='word_1_52' title='bbox 987 464 1085 496; x_wconf 88' lang='lat' dir='ltr'>recta</span> <span class='ocrx_word' id='word_1_53' title='bbox 1110 461 1215 506; x_wconf 88' lang='lat' dir='ltr'>petiit</span> <span class='ocrx_word' id='word_1_54' title='bbox 1240 461 1441 503; x_wconf 82' lang='lat' dir='ltr'>Augustam</span> <span class='ocrx_word' id='word_1_55' title='bbox 1477 471 1588 504; x_wconf 91' lang='lat' dir='ltr'>eoque</span> <span class='ocrx_word' id='word_1_56' title='bbox 1624 461 1656 494; x_wconf 88' lang='lat'>6.</span> <span class='ocrx_word' id='word_1_57' title='bbox 1682 460 1804 494; x_wconf 82' lang='lat' dir='ltr'>Martii</span> <span class='ocrx_word' id='word_1_58' title='bbox 1830 460 1976 494; x_wconf 83' lang='lat' dir='ltr'>advenit</span> 
     </span>
     <span class='ocr_line' id='line_1_6' title="bbox 226 517 654 563; baseline -0.002 -11"><span class='ocrx_word' id='word_1_59' title='bbox 226 518 330 563; x_wconf 87' lang='lat' dir='ltr'>(Epp.</span> <span class='ocrx_word' id='word_1_60' title='bbox 357 518 479 551; x_wconf 75' lang='lat' dir='ltr'>Nadal</span> <span class='ocrx_word' id='word_1_61' title='bbox 507 517 555 550; x_wconf 86' lang='lat' dir='ltr'>HI</span> <span class='ocrx_word' id='word_1_62' title='bbox 584 517 654 559; x_wconf 86' lang='lat'>14).</span> 
     </span>
    </p>

    <p class='ocr_par' dir='ltr' id='par_1_3' title="bbox 221 566 1977 933">
     <span class='ocr_line' id='line_1_7' title="bbox 340 566 1975 610; baseline -0.002 -6"><span class='ocrx_word' id='word_1_63' title='bbox 340 569 585 605; x_wconf 87' lang='lat' dir='ltr'>Maximiliano</span> <span class='ocrx_word' id='word_1_64' title='bbox 605 570 648 604; x_wconf 89' lang='lat' dir='ltr'>ll.</span> <span class='ocrx_word' id='word_1_65' title='bbox 667 569 849 603; x_wconf 84' lang='lat' dir='ltr'>Sociorum</span> <span class='ocrx_word' id='word_1_66' title='bbox 876 569 1055 602; x_wconf 86' lang='lat' dir='ltr'>adventus</span> <span class='ocrx_word' id='word_1_67' title='bbox 1081 567 1245 610; x_wconf 87' lang='lat' dir='ltr'>ingratus</span> <span class='ocrx_word' id='word_1_68' title='bbox 1273 569 1359 601; x_wconf 88' lang='lat' dir='ltr'>erat.</span> <span class='ocrx_word' id='word_1_69' title='bbox 1396 567 1582 609; x_wconf 82' lang='lat' dir='ltr'>Augustae</span> <span class='ocrx_word' id='word_1_70' title='bbox 1611 566 1664 601; x_wconf 87' lang='lat'>14.</span> <span class='ocrx_word' id='word_1_71' title='bbox 1683 566 1865 599; x_wconf 82' lang='lat' dir='ltr'>Februarii</span> <span class='ocrx_word' id='word_1_72' title='bbox 1885 566 1975 600; x_wconf 88' lang='lat'>1566</span> 
     </span>
     <span class='ocr_line' id='line_1_8' title="bbox 221 619 1976 664; baseline -0.003 -6"><span class='ocrx_word' id='word_1_73' title='bbox 221 625 257 658; x_wconf 91' lang='lat' dir='ltr'>in</span> <span class='ocrx_word' id='word_1_74' title='bbox 283 624 360 658; x_wconf 89' lang='lat' dir='ltr'>eius</span> <span class='ocrx_word' id='word_1_75' title='bbox 386 619 532 657; x_wconf 85' lang='lat' dir='ltr'>consilio</span> <span class='ocrx_word' id='word_1_76' title='bbox 558 622 735 657; x_wconf 88' lang='lat' dir='ltr'>sanctiore</span> <span class='ocrx_word' id='word_1_77' title='bbox 761 622 937 656; x_wconf 88' lang='lat' dir='ltr'>statutum</span> <span class='ocrx_word' id='word_1_78' title='bbox 965 622 1029 662; x_wconf 83' lang='lat' dir='ltr'>est,</span> <span class='ocrx_word' id='word_1_79' title='bbox 1056 623 1097 655; x_wconf 85' lang='lat' dir='ltr'>ut</span> <span class='ocrx_word' id='word_1_80' title='bbox 1122 621 1298 664; x_wconf 86' lang='lat' dir='ltr'>Prospero</span> <span class='ocrx_word' id='word_1_81' title='bbox 1325 620 1368 654; x_wconf 89' lang='lat' dir='ltr'>ab</span> <span class='ocrx_word' id='word_1_82' title='bbox 1395 620 1501 659; x_wconf 84' lang='lat' dir='ltr'>Aron,</span> <span class='ocrx_word' id='word_1_83' title='bbox 1537 630 1703 653; x_wconf 86' lang='lat' dir='ltr'>caesareo</span> <span class='ocrx_word' id='word_1_84' title='bbox 1738 619 1830 663; x_wconf 88' lang='lat' dir='ltr'>apud</span> <span class='ocrx_word' id='word_1_85' title='bbox 1863 619 1976 663; x_wconf 89' lang='lat' dir='ltr'>ponti-</span> 
     </span>
     <span class='ocr_line' id='line_1_9' title="bbox 221 671 1975 718; baseline -0.004 -7"><span class='ocrx_word' id='word_1_86' title='bbox 221 677 324 712; x_wconf 88' lang='lat' dir='ltr'>ficem</span> <span class='ocrx_word' id='word_1_87' title='bbox 350 676 491 718; x_wconf 82' lang='lat' dir='ltr'>oratori,</span> <span class='ocrx_word' id='word_1_88' title='bbox 526 675 761 710; x_wconf 79' lang='lat' dir='ltr'>scriberetur:</span> <span class='ocrx_word' id='word_1_89' title='bbox 803 674 858 716; x_wconf 81' lang='lat' dir='ltr'>„Si</span> <span class='ocrx_word' id='word_1_90' title='bbox 895 674 1089 708; x_wconf 88' lang='lat' dir='ltr'>adventum</span> <span class='ocrx_word' id='word_1_91' title='bbox 1125 674 1235 717; x_wconf 83' lang='lat' dir='ltr'>legati</span> <span class='ocrx_word' id='word_1_92' title='bbox 1263 676 1298 707; x_wconf 88' lang='lat' dir='ltr'>et</span> <span class='ocrx_word' id='word_1_93' title='bbox 1324 673 1533 706; x_wconf 87' lang='lat' dir='ltr'>nunciorum</span> <span class='ocrx_word' id='word_1_94' title='bbox 1560 683 1601 706; x_wconf 86' lang='lat' dir='ltr'>ac</span> <span class='ocrx_word' id='word_1_95' title='bbox 1627 671 1840 706; x_wconf 88' lang='lat' dir='ltr'>Iesuitarum</span> <span class='ocrx_word' id='word_1_96' title='bbox 1867 672 1975 716; x_wconf 88' lang='lat' dir='ltr'>impe-</span> 
     </span>
     <span class='ocr_line' id='line_1_10' title="bbox 222 724 1977 775; baseline -0.003 -11"><span class='ocrx_word' id='word_1_97' title='bbox 222 731 296 764; x_wconf 90' lang='lat' dir='ltr'>dire</span> <span class='ocrx_word' id='word_1_98' title='bbox 334 731 470 775; x_wconf 83' lang='lat' dir='ltr'>potest,</span> <span class='ocrx_word' id='word_1_99' title='bbox 509 729 639 762; x_wconf 83' lang='lat' dir='ltr'>faciat“</span> <span class='ocrx_word' id='word_1_100' title='bbox 683 727 823 770; x_wconf 73' lang='lat' dir='ltr'>(Turba</span> <span class='ocrx_word' id='word_1_101' title='bbox 862 727 884 761; x_wconf 91' lang='lat' dir='ltr'>l.</span> <span class='ocrx_word' id='word_1_102' title='bbox 921 739 951 760; x_wconf 90' lang='lat' dir='ltr'>c.</span> <span class='ocrx_word' id='word_1_103' title='bbox 987 727 1038 760; x_wconf 88' lang='lat' dir='ltr'>III</span> <span class='ocrx_word' id='word_1_104' title='bbox 1076 726 1189 765; x_wconf 69' lang='lat'>307⁵).</span> <span class='ocrx_word' id='word_1_105' title='bbox 1245 725 1410 768; x_wconf 67' lang='lat' dir='ltr'>„Refer-et</span> <span class='ocrx_word' id='word_1_106' title='bbox 1448 725 1576 765; x_wconf 85' lang='lat' dir='ltr'>enim“,</span> <span class='ocrx_word' id='word_1_107' title='bbox 1615 724 1666 758; x_wconf 86' lang='lat' dir='ltr'>ita</span> <span class='ocrx_word' id='word_1_108' title='bbox 1701 725 1977 759; x_wconf 66' lang='lat' dir='ltr'>Maximinanus</span> 
     </span>
     <span class='ocr_line' id='line_1_11' title="bbox 224 778 1975 826; baseline -0.004 -8"><span class='ocrx_word' id='word_1_109' title='bbox 224 784 277 818; x_wconf 90' lang='lat'>16.</span> <span class='ocrx_word' id='word_1_110' title='bbox 314 783 498 818; x_wconf 81' lang='lat' dir='ltr'>Februarii</span> <span class='ocrx_word' id='word_1_111' title='bbox 535 782 710 826; x_wconf 90' lang='lat' dir='ltr'>Prospero</span> <span class='ocrx_word' id='word_1_112' title='bbox 748 781 913 825; x_wconf 77' lang='lat' dir='ltr'>scripsit,</span> <span class='ocrx_word' id='word_1_113' title='bbox 956 782 1098 823; x_wconf 79' lang='lat' dir='ltr'>„coetus</span> <span class='ocrx_word' id='word_1_114' title='bbox 1138 783 1173 813; x_wconf 89' lang='lat' dir='ltr'>et</span> <span class='ocrx_word' id='word_1_115' title='bbox 1210 779 1316 813; x_wconf 87' lang='lat' dir='ltr'>turba</span> <span class='ocrx_word' id='word_1_116' title='bbox 1353 779 1423 813; x_wconf 88' lang='lat' dir='ltr'>ista</span> <span class='ocrx_word' id='word_1_117' title='bbox 1459 778 1783 812; x_wconf 84' lang='lat' dir='ltr'>ecclesiasticorum</span> <span class='ocrx_word' id='word_1_118' title='bbox 1820 778 1975 822; x_wconf 86' lang='lat' dir='ltr'>speciem</span> 
     </span>
     <span class='ocr_line' id='line_1_12' title="bbox 221 830 1975 880; baseline -0.003 -10"><span class='ocrx_word' id='word_1_119' title='bbox 221 836 361 880; x_wconf 88' lang='lat' dir='ltr'>collegii</span> <span class='ocrx_word' id='word_1_120' title='bbox 398 835 582 870; x_wconf 87' lang='lat' dir='ltr'>cuiusdam</span> <span class='ocrx_word' id='word_1_121' title='bbox 617 833 820 877; x_wconf 84' lang='lat' dir='ltr'>theologici.</span> <span class='ocrx_word' id='word_1_122' title='bbox 872 833 994 877; x_wconf 88' lang='lat' dir='ltr'>anue</span> <span class='ocrx_word' id='word_1_123' title='bbox 1029 844 1087 867; x_wconf 88' lang='lat' dir='ltr'>res</span> <span class='ocrx_word' id='word_1_124' title='bbox 1122 835 1161 866; x_wconf 91' lang='lat' dir='ltr'>ut</span> <span class='ocrx_word' id='word_1_125' title='bbox 1196 835 1251 866; x_wconf 90' lang='lat' dir='ltr'>est</span> <span class='ocrx_word' id='word_1_126' title='bbox 1281 833 1452 866; x_wconf 86' lang='lat' dir='ltr'>inusitata</span> <span class='ocrx_word' id='word_1_127' title='bbox 1482 831 1532 864; x_wconf 79' lang='lat' dir='ltr'>ita</span> <span class='ocrx_word' id='word_1_128' title='bbox 1559 830 1681 865; x_wconf 88' lang='lat' dir='ltr'>multis</span> <span class='ocrx_word' id='word_1_129' title='bbox 1706 830 1975 864; x_wconf 81' lang='lat' dir='ltr'>admirationem</span> 
     </span>
     <span class='ocr_line' id='line_1_13' title="bbox 221 884 1864 933; baseline -0.004 -9"><span class='ocrx_word' id='word_1_130' title='bbox 221 890 330 924; x_wconf 88' lang='lat' dir='ltr'>faciet</span> <span class='ocrx_word' id='word_1_131' title='bbox 357 892 392 923; x_wconf 87' lang='lat' dir='ltr'>et</span> <span class='ocrx_word' id='word_1_132' title='bbox 417 888 578 933; x_wconf 86' lang='lat' dir='ltr'>pluribus</span> <span class='ocrx_word' id='word_1_133' title='bbox 605 898 745 930; x_wconf 86' lang='lat' dir='ltr'>quoque</span> <span class='ocrx_word' id='word_1_134' title='bbox 771 886 955 920; x_wconf 84' lang='lat' dir='ltr'>sinistram</span> <span class='ocrx_word' id='word_1_135' title='bbox 981 886 1221 931; x_wconf 83' lang='lat' dir='ltr'>suspicionem</span> <span class='ocrx_word' id='word_1_136' title='bbox 1248 885 1424 919; x_wconf 85' lang='lat' dir='ltr'>movebit“</span> <span class='ocrx_word' id='word_1_137' title='bbox 1458 885 1642 926; x_wconf 60' lang='lat' dir='ltr'>(Selmena-2</span> <span class='ocrx_word' id='word_1_138' title='bbox 1669 884 1690 917; x_wconf 92' lang='lat' dir='ltr'>l.</span> <span class='ocrx_word' id='word_1_139' title='bbox 1719 896 1748 917; x_wconf 86' lang='lat' dir='ltr'>c.</span> <span class='ocrx_word' id='word_1_140' title='bbox 1776 884 1790 917; x_wconf 93' lang='grc' dir='ltr'>Ι</span> <span class='ocrx_word' id='word_1_141' title='bbox 1818 885 1864 926; x_wconf 85' lang='lat'>7).</span> 
     </span>
    </p>
   </div>
   <div class='ocr_carea' id='block_1_3' title="bbox 223 998 1976 1042">
    <p class='ocr_par' dir='ltr' id='par_1_4' title="bbox 223 998 1976 1042">
     <span class='ocr_line' id='line_1_14' title="bbox 223 998 1976 1042; baseline -0.005 -2"><span class='ocrx_word' id='word_1_142' title='bbox 223 1003 374 1040; x_wconf 72' lang='lat'>1289.</span> <span class='ocrx_word' id='word_1_143' title='bbox 475 1003 689 1038; x_wconf 80' lang='lat' dir='ltr'>CANISIUS</span> <span class='ocrx_word' id='word_1_144' title='bbox 716 1002 776 1038; x_wconf 81' lang='lat' dir='ltr'>P.</span> <span class='ocrx_word' id='word_1_145' title='bbox 804 1000 1175 1037; x_wconf 73' lang='lat' dir='ltr'><strong>LEONARDO</strong></span> <span class='ocrx_word' id='word_1_146' title='bbox 1204 999 1472 1036; x_wconf 76' lang='lat' dir='ltr'>KESSEL</span> <span class='ocrx_word' id='word_1_147' title='bbox 1502 999 1554 1035; x_wconf 75' lang='lat' dir='ltr'>S.</span> <span class='ocrx_word' id='word_1_148' title='bbox 1582 998 1652 1042; x_wconf 68' lang='lat' dir='ltr'>J„</span> <span class='ocrx_word' id='word_1_149' title='bbox 1680 999 1808 1034; x_wconf 83' lang='lat' dir='ltr'>rectori</span> <span class='ocrx_word' id='word_1_150' title='bbox 1836 999 1976 1042; x_wconf 86' lang='lat' dir='ltr'>collegii</span> 
     </span>
    </p>
   </div>
   <div class='ocr_carea' id='block_1_4' title="bbox 411 1052 1928 1098">
    <p class='ocr_par' dir='ltr' id='par_1_5' title="bbox 411 1052 1928 1098">
     <span class='ocr_line' id='line_1_15' title="bbox 411 1052 1928 1098; baseline -0.003 -7"><span class='ocrx_word' id='word_1_151' title='bbox 411 1056 633 1091; x_wconf 88' lang='lat' dir='ltr'>coloniensis.</span> <span class='ocrx_word' id='word_1_152' title='bbox 1049 1056 1215 1098; x_wconf 86' lang='lat' dir='ltr'>Augusta</span> <span class='ocrx_word' id='word_1_153' title='bbox 1241 1054 1507 1088; x_wconf 88' lang='lat' dir='ltr'>Vindelicorum</span> <span class='ocrx_word' id='word_1_154' title='bbox 1536 1054 1588 1087; x_wconf 86' lang='lat'>19.</span> <span class='ocrx_word' id='word_1_155' title='bbox 1617 1052 1799 1087; x_wconf 83' lang='lat' dir='ltr'>Februarii</span> <span class='ocrx_word' id='word_1_156' title='bbox 1828 1053 1928 1086; x_wconf 92' lang='lat'>1566.</span> 
     </span>
    </p>
   </div>
   <div class='ocr_carea' id='block_1_5' title="bbox 221 1122 1980 1330">
    <p class='ocr_par' dir='ltr' id='par_1_6' title="bbox 221 1122 1980 1330">
     <span class='ocr_line' id='line_1_16' title="bbox 341 1122 1979 1172; baseline -0.004 -11"><span class='ocrx_word' id='word_1_157' title='bbox 341 1127 396 1161; x_wconf 81' lang='lat' dir='ltr'>Ex</span> <span class='ocrx_word' id='word_1_158' title='bbox 431 1127 637 1172; x_wconf 84' lang='lat' dir='ltr'>apographo</span> <span class='ocrx_word' id='word_1_159' title='bbox 672 1127 778 1160; x_wconf 89' lang='lat' dir='ltr'>huius</span> <span class='ocrx_word' id='word_1_160' title='bbox 814 1125 1017 1159; x_wconf 87' lang='lat' dir='ltr'>litterarum</span> <span class='ocrx_word' id='word_1_161' title='bbox 1052 1124 1177 1169; x_wconf 87' lang='lat' dir='ltr'>partis,</span> <span class='ocrx_word' id='word_1_162' title='bbox 1214 1125 1305 1168; x_wconf 90' lang='lat' dir='ltr'>quod</span> <span class='ocrx_word' id='word_1_163' title='bbox 1334 1123 1500 1157; x_wconf 88' lang='lat' dir='ltr'>Coloniae</span> <span class='ocrx_word' id='word_1_164' title='bbox 1535 1123 1570 1156; x_wconf 90' lang='lat' dir='ltr'>in</span> <span class='ocrx_word' id='word_1_165' title='bbox 1606 1122 1754 1165; x_wconf 89' lang='lat' dir='ltr'>collegio</span> <span class='ocrx_word' id='word_1_166' title='bbox 1790 1122 1979 1157; x_wconf 74' lang='lat' dir='ltr'>societatis</span> 
     </span>
     <span class='ocr_line' id='line_1_17' title="bbox 227 1175 1980 1225; baseline -0.004 -10"><span class='ocrx_word' id='word_1_167' title='bbox 227 1181 348 1215; x_wconf 80' lang='lat' dir='ltr'>eodem</span> <span class='ocrx_word' id='word_1_168' title='bbox 376 1180 453 1214; x_wconf 85' lang='lat' dir='ltr'>fere</span> <span class='ocrx_word' id='word_1_169' title='bbox 480 1183 641 1225; x_wconf 83' lang='lat' dir='ltr'>tempore</span> <span class='ocrx_word' id='word_1_170' title='bbox 667 1180 841 1224; x_wconf 83' lang='lat' dir='ltr'>scriptum</span> <span class='ocrx_word' id='word_1_171' title='bbox 867 1181 903 1212; x_wconf 88' lang='lat' dir='ltr'>et</span> <span class='ocrx_word' id='word_1_172' title='bbox 927 1179 978 1212; x_wconf 91' lang='lat' dir='ltr'>sic</span> <span class='ocrx_word' id='word_1_173' title='bbox 997 1178 1207 1222; x_wconf 85' lang='lat' dir='ltr'>inscriptum</span> <span class='ocrx_word' id='word_1_174' title='bbox 1227 1180 1300 1211; x_wconf 83' lang='lat' dir='ltr'>est:</span> <span class='ocrx_word' id='word_1_175' title='bbox 1332 1177 1390 1219; x_wconf 86' lang='lat' dir='ltr'>„P.</span> <span class='ocrx_word' id='word_1_176' title='bbox 1409 1177 1538 1210; x_wconf 86' lang='lat' dir='ltr'>Petrus</span> <span class='ocrx_word' id='word_1_177' title='bbox 1557 1176 1722 1210; x_wconf 86' lang='lat' dir='ltr'>Canisius</span> <span class='ocrx_word' id='word_1_178' title='bbox 1743 1176 1784 1210; x_wconf 88' lang='grc'>19</span> <span class='ocrx_word' id='word_1_179' title='bbox 1800 1175 1980 1219; x_wconf 85' lang='lat' dir='ltr'>Februarij</span> 
     </span>
     <span class='ocr_line' id='line_1_18' title="bbox 221 1228 1976 1274; baseline -0.003 -6"><span class='ocrx_word' id='word_1_180' title='bbox 221 1234 313 1268; x_wconf 89' lang='lat' dir='ltr'>inter</span> <span class='ocrx_word' id='word_1_181' title='bbox 339 1235 483 1268; x_wconf 88' lang='lat' dir='ltr'>caetera</span> <span class='ocrx_word' id='word_1_182' title='bbox 509 1233 592 1268; x_wconf 79' lang='lat' dir='ltr'>sic.“</span> <span class='ocrx_word' id='word_1_183' title='bbox 632 1233 716 1267; x_wconf 88' lang='lat' dir='ltr'>Cod.</span> <span class='ocrx_word' id='word_1_184' title='bbox 744 1233 855 1267; x_wconf 89' lang='lat' dir='ltr'>colon.</span> <span class='ocrx_word' id='word_1_185' title='bbox 888 1231 944 1274; x_wconf 77' lang='lat' dir='ltr'>„L.</span> <span class='ocrx_word' id='word_1_186' title='bbox 972 1231 1057 1273; x_wconf 74' lang='lat' dir='ltr'>Qu.“</span> <span class='ocrx_word' id='word_1_187' title='bbox 1087 1231 1112 1265; x_wconf 87' lang='lat' dir='ltr'>f.</span> <span class='ocrx_word' id='word_1_188' title='bbox 1140 1231 1212 1265; x_wconf 60' lang='lat' dir='ltr'>aab.</span> <span class='ocrx_word' id='word_1_189' title='bbox 1264 1231 1408 1272; x_wconf 83' lang='lat' dir='ltr'>Integra</span> <span class='ocrx_word' id='word_1_190' title='bbox 1433 1240 1545 1273; x_wconf 86' lang='lat' dir='ltr'>paene</span> <span class='ocrx_word' id='word_1_191' title='bbox 1572 1240 1654 1273; x_wconf 81' lang='lat' dir='ltr'>pars</span> <span class='ocrx_word' id='word_1_192' title='bbox 1683 1228 1819 1272; x_wconf 88' lang='lat' dir='ltr'>(aliqua</span> <span class='ocrx_word' id='word_1_193' title='bbox 1845 1228 1976 1263; x_wconf 83' lang='lat' dir='ltr'>omissa</span> 
     </span>
     <span class='ocr_line' id='line_1_19' title="bbox 222 1282 1610 1330; baseline -0.004 -9"><span class='ocrx_word' id='word_1_194' title='bbox 222 1287 319 1326; x_wconf 86' lang='lat' dir='ltr'>sunt)</span> <span class='ocrx_word' id='word_1_195' title='bbox 350 1299 393 1321; x_wconf 79' lang='lat' dir='ltr'>ex</span> <span class='ocrx_word' id='word_1_196' title='bbox 422 1287 544 1320; x_wconf 87' lang='lat' dir='ltr'>eodem</span> <span class='ocrx_word' id='word_1_197' title='bbox 572 1285 777 1330; x_wconf 87' lang='lat' dir='ltr'>apographo</span> <span class='ocrx_word' id='word_1_198' title='bbox 804 1285 955 1328; x_wconf 84' lang='lat' dir='ltr'>vulgata</span> <span class='ocrx_word' id='word_1_199' title='bbox 981 1286 1037 1318; x_wconf 89' lang='lat' dir='ltr'>est</span> <span class='ocrx_word' id='word_1_200' title='bbox 1062 1284 1106 1318; x_wconf 87' lang='lat' dir='ltr'>ab</span> <span class='ocrx_word' id='word_1_201' title='bbox 1134 1285 1280 1317; x_wconf 76' lang='lat' dir='ltr'>Hansen</span> <span class='ocrx_word' id='word_1_202' title='bbox 1305 1283 1326 1316; x_wconf 95' lang='lat' dir='ltr'>l.</span> <span class='ocrx_word' id='word_1_203' title='bbox 1356 1294 1385 1316; x_wconf 90' lang='lat' dir='ltr'>c.</span> <span class='ocrx_word' id='word_1_204' title='bbox 1413 1282 1610 1316; x_wconf 76' lang='lat'>523—524.</span> 
     </span>
    </p>
   </div>
   <div class='ocr_carea' id='block_1_6' title="bbox 217 1353 1978 1508">
    <p class='ocr_par' dir='ltr' id='par_1_7' title="bbox 217 1353 1978 1508">
     <span class='ocr_line' id='line_1_20' title="bbox 343 1353 1978 1397; baseline -0.004 -6"><span class='ocrx_word' id='word_1_205' title='bbox 343 1359 528 1391; x_wconf 68' lang='lat' dir='ltr'>Contioozes</span> <span class='ocrx_word' id='word_1_206' title='bbox 558 1357 705 1390; x_wconf 63' lang='lat' dir='ltr'>Canis-ii.</span> <span class='ocrx_word' id='word_1_207' title='bbox 758 1356 1036 1389; x_wconf 73' lang='lat' dir='ltr'>Commendomcs</span> <span class='ocrx_word' id='word_1_208' title='bbox 1061 1355 1203 1397; x_wconf 70' lang='lat' dir='ltr'>leyatus.</span> <span class='ocrx_word' id='word_1_209' title='bbox 1256 1354 1327 1386; x_wconf 88' lang='lat' dir='ltr'>PP.</span> <span class='ocrx_word' id='word_1_210' title='bbox 1354 1353 1498 1386; x_wconf 78' lang='lat' dir='ltr'>Natalis</span> <span class='ocrx_word' id='word_1_211' title='bbox 1523 1357 1553 1385; x_wconf 76' lang='lat' dir='ltr'>et</span> <span class='ocrx_word' id='word_1_212' title='bbox 1579 1353 1758 1386; x_wconf 79' lang='lat' dir='ltr'>Ledesma.</span> <span class='ocrx_word' id='word_1_213' title='bbox 1810 1353 1978 1385; x_wconf 68' lang='lat' dir='ltr'>Maximi-</span> 
     </span>
     <span class='ocr_line' id='line_1_21' title="bbox 220 1405 1978 1452; baseline -0.003 -8"><span class='ocrx_word' id='word_1_214' title='bbox 220 1413 340 1445; x_wconf 73' lang='lat' dir='ltr'>Ie&#39;anecs</span> <span class='ocrx_word' id='word_1_215' title='bbox 358 1412 406 1444; x_wconf 90' lang='grc' dir='ltr'><strong>ΙΙ.</strong></span> <span class='ocrx_word' id='word_1_216' title='bbox 435 1410 644 1443; x_wconf 74' lang='lat' dir='ltr'>catholicum</span> <span class='ocrx_word' id='word_1_217' title='bbox 671 1421 705 1443; x_wconf 78' lang='lat' dir='ltr'>se</span> <span class='ocrx_word' id='word_1_218' title='bbox 728 1410 881 1452; x_wconf 77' lang='lat' dir='ltr'>praebet.</span> <span class='ocrx_word' id='word_1_219' title='bbox 918 1409 1004 1441; x_wconf 71' lang='lat' dir='ltr'>Pius</span> <span class='ocrx_word' id='word_1_220' title='bbox 1023 1409 1084 1441; x_wconf 70' lang='grc' dir='ltr'>[Γ.</span> <span class='ocrx_word' id='word_1_221' title='bbox 1114 1419 1201 1449; x_wconf 75' lang='lat' dir='ltr'>„non</span> <span class='ocrx_word' id='word_1_222' title='bbox 1230 1408 1304 1440; x_wconf 74' lang='lat' dir='ltr'>sine</span> <span class='ocrx_word' id='word_1_223' title='bbox 1330 1405 1527 1439; x_wconf 58' lang='lat' dir='ltr'>miraeulffl</span> <span class='ocrx_word' id='word_1_224' title='bbox 1555 1406 1698 1446; x_wconf 77' lang='lat' dir='ltr'>electus‚·</span> <span class='ocrx_word' id='word_1_225' title='bbox 1724 1407 1798 1438; x_wconf 75' lang='lat' dir='ltr'>eius</span> <span class='ocrx_word' id='word_1_226' title='bbox 1822 1407 1978 1448; x_wconf 73' lang='lat' dir='ltr'>rirtutes,</span> 
     </span>
     <span class='ocr_line' id='line_1_22' title="bbox 217 1463 992 1508; baseline -0.005 -10"><span class='ocrx_word' id='word_1_227' title='bbox 217 1465 411 1508; x_wconf 75' lang='lat' dir='ltr'>praeclara</span> <span class='ocrx_word' id='word_1_228' title='bbox 439 1465 556 1506; x_wconf 75' lang='lat' dir='ltr'>initia,</span> <span class='ocrx_word' id='word_1_229' title='bbox 584 1474 686 1496; x_wconf 80' lang='lat' dir='ltr'>amor</span> <span class='ocrx_word' id='word_1_230' title='bbox 713 1464 749 1495; x_wconf 78' lang='grc' dir='ltr'>ἱη</span> <span class='ocrx_word' id='word_1_231' title='bbox 777 1463 992 1496; x_wconf 74' lang='lat' dir='ltr'>Societatem.</span> 
     </span>
    </p>
   </div>
   <div class='ocr_carea' id='block_1_7' title="bbox 223 1536 1979 2309">
    <p class='ocr_par' dir='ltr' id='par_1_8' title="bbox 341 1536 1857 1593">
     <span class='ocr_line' id='line_1_23' title="bbox 341 1536 1857 1593; baseline -0.004 -10"><span class='ocrx_word' id='word_1_232' title='bbox 341 1568 391 1572; x_wconf 75' lang='lat'>—</span> <span class='ocrx_word' id='word_1_233' title='bbox 429 1566 482 1569; x_wconf 82' lang='lat'>——</span> <span class='ocrx_word' id='word_1_234' title='bbox 518 1540 839 1593; x_wconf 85' lang='lat' dir='ltr'>Euangelizabo</span> <span class='ocrx_word' id='word_1_235' title='bbox 872 1539 937 1580; x_wconf 90' lang='lat' dir='ltr'>his</span> <span class='ocrx_word' id='word_1_236' title='bbox 971 1538 1156 1591; x_wconf 84' lang='lat' dir='ltr'>comitijs</span> <span class='ocrx_word' id='word_1_237' title='bbox 1188 1538 1230 1579; x_wconf 92' lang='lat' dir='ltr'>in</span> <span class='ocrx_word' id='word_1_238' title='bbox 1264 1538 1443 1590; x_wconf 88' lang='lat' dir='ltr'>antiqua</span> <span class='ocrx_word' id='word_1_239' title='bbox 1474 1551 1570 1578; x_wconf 87' lang='lat' dir='ltr'>mea</span> <span class='ocrx_word' id='word_1_240' title='bbox 1603 1536 1816 1578; x_wconf 86' lang='lat' dir='ltr'>Cathedra</span> <span class='ocrx_word' id='word_1_241' title='bbox 1831 1538 1857 1578; x_wconf 85' lang='lat'>1.</span> 
     </span>
    </p>

    <p class='ocr_par' dir='ltr' id='par_1_9' title="bbox 223 1601 1979 1916">
     <span class='ocr_line' id='line_1_24' title="bbox 345 1601 1978 1655; baseline -0.004 -6"><span class='ocrx_word' id='word_1_242' title='bbox 345 1607 476 1649; x_wconf 89' lang='lat' dir='ltr'>Venit</span> <span class='ocrx_word' id='word_1_243' title='bbox 506 1605 824 1647; x_wconf 87' lang='lat' dir='ltr'>illustrissimus</span> <span class='ocrx_word' id='word_1_244' title='bbox 855 1603 1063 1645; x_wconf 90' lang='lat' dir='ltr'>Dominus</span> <span class='ocrx_word' id='word_1_245' title='bbox 1085 1604 1278 1655; x_wconf 85' lang='lat' dir='ltr'>Legatus</span> <span class='ocrx_word' id='word_1_246' title='bbox 1310 1605 1355 1645; x_wconf 92' lang='lat' dir='ltr'>et</span> <span class='ocrx_word' id='word_1_247' title='bbox 1377 1601 1616 1644; x_wconf 88' lang='lat' dir='ltr'>Cardinalis</span> <span class='ocrx_word' id='word_1_248' title='bbox 1639 1601 1978 1643; x_wconf 86' lang='lat' dir='ltr'>Commendonus</span> 
     </span>
     <span class='ocr_line' id='line_1_25' title="bbox 224 1666 1978 1720; baseline -0.004 -6"><span class='ocrx_word' id='word_1_249' title='bbox 224 1686 249 1714; x_wconf 90' lang='lat' dir='ltr'>a</span> <span class='ocrx_word' id='word_1_250' title='bbox 272 1672 478 1714; x_wconf 89' lang='lat' dir='ltr'>Pontifice</span> <span class='ocrx_word' id='word_1_251' title='bbox 510 1671 679 1720; x_wconf 88' lang='lat' dir='ltr'>missus,</span> <span class='ocrx_word' id='word_1_252' title='bbox 714 1669 873 1711; x_wconf 89' lang='lat' dir='ltr'>nostris</span> <span class='ocrx_word' id='word_1_253' title='bbox 897 1668 1216 1710; x_wconf 81' lang='lat' dir='ltr'>addictissimus</span> <span class='ocrx_word' id='word_1_254' title='bbox 1229 1669 1257 1710; x_wconf 83' lang='lat'>2.</span> <span class='ocrx_word' id='word_1_255' title='bbox 1311 1667 1441 1709; x_wconf 88' lang='lat' dir='ltr'>Breui</span> <span class='ocrx_word' id='word_1_256' title='bbox 1474 1669 1678 1719; x_wconf 90' lang='lat' dir='ltr'>sequetur</span> <span class='ocrx_word' id='word_1_257' title='bbox 1699 1666 1978 1708; x_wconf 85' lang='lat' dir='ltr'>Reuerendus</span> 
     </span>
     <span class='ocr_line' id='line_1_26' title="bbox 224 1731 1978 1788; baseline -0.004 -9"><span class='ocrx_word' id='word_1_258' title='bbox 224 1738 269 1780; x_wconf 93' lang='lat' dir='ltr'>P.</span> <span class='ocrx_word' id='word_1_259' title='bbox 293 1736 480 1786; x_wconf 82' lang='lat' dir='ltr'>Natalis,</span> <span class='ocrx_word' id='word_1_260' title='bbox 514 1735 584 1788; x_wconf 90' lang='lat' dir='ltr'>qui</span> <span class='ocrx_word' id='word_1_261' title='bbox 606 1735 852 1787; x_wconf 85' lang='lat' dir='ltr'>Theologus</span> <span class='ocrx_word' id='word_1_262' title='bbox 885 1734 967 1775; x_wconf 86' lang='lat' dir='ltr'>erit</span> <span class='ocrx_word' id='word_1_263' title='bbox 1000 1733 1103 1776; x_wconf 87' lang='lat' dir='ltr'>dicti</span> <span class='ocrx_word' id='word_1_264' title='bbox 1135 1733 1291 1786; x_wconf 85' lang='lat' dir='ltr'>Legati</span> <span class='ocrx_word' id='word_1_265' title='bbox 1323 1746 1418 1774; x_wconf 90' lang='lat' dir='ltr'>cum</span> <span class='ocrx_word' id='word_1_266' title='bbox 1452 1733 1502 1774; x_wconf 91' lang='lat' dir='ltr'>D.</span> <span class='ocrx_word' id='word_1_267' title='bbox 1526 1732 1748 1782; x_wconf 64' lang='lat' dir='ltr'>Ledesnm,</span> <span class='ocrx_word' id='word_1_268' title='bbox 1780 1731 1978 1784; x_wconf 89' lang='lat' dir='ltr'>idemque</span> 
     </span>
     <span class='ocr_line' id='line_1_27' title="bbox 223 1797 1979 1854; baseline -0.005 -10"><span class='ocrx_word' id='word_1_269' title='bbox 223 1802 425 1844; x_wconf 89' lang='lat' dir='ltr'>uisitator</span> <span class='ocrx_word' id='word_1_270' title='bbox 447 1802 631 1854; x_wconf 90' lang='lat' dir='ltr'>quatuor</span> <span class='ocrx_word' id='word_1_271' title='bbox 653 1799 976 1841; x_wconf 86' lang='lat' dir='ltr'>Prouinciarum</span> <span class='ocrx_word' id='word_1_272' title='bbox 1001 1798 1258 1840; x_wconf 81' lang='lat' dir='ltr'>Germaniae</span> <span class='ocrx_word' id='word_1_273' title='bbox 1271 1799 1298 1840; x_wconf 83' lang='lat'>3.</span> <span class='ocrx_word' id='word_1_274' title='bbox 1353 1797 1472 1838; x_wconf 90' lang='lat' dir='ltr'>Illius</span> <span class='ocrx_word' id='word_1_275' title='bbox 1499 1797 1731 1838; x_wconf 88' lang='lat' dir='ltr'>aduentum</span> <span class='ocrx_word' id='word_1_276' title='bbox 1754 1809 1979 1850; x_wconf 89' lang='lat' dir='ltr'>speramus</span> 
     </span>
     <span class='ocr_line' id='line_1_28' title="bbox 223 1862 1514 1916; baseline -0.005 -7"><span class='ocrx_word' id='word_1_277' title='bbox 223 1871 314 1910; x_wconf 90' lang='lat' dir='ltr'>tum</span> <span class='ocrx_word' id='word_1_278' title='bbox 348 1865 520 1916; x_wconf 82' lang='lat' dir='ltr'>nostris,</span> <span class='ocrx_word' id='word_1_279' title='bbox 554 1868 645 1907; x_wconf 87' lang='lat' dir='ltr'>tum</span> <span class='ocrx_word' id='word_1_280' title='bbox 678 1864 899 1905; x_wconf 87' lang='lat' dir='ltr'>Ecclesiae</span> <span class='ocrx_word' id='word_1_281' title='bbox 932 1864 1058 1905; x_wconf 89' lang='lat' dir='ltr'>rebus</span> <span class='ocrx_word' id='word_1_282' title='bbox 1091 1877 1249 1916; x_wconf 87' lang='lat' dir='ltr'>magno</span> <span class='ocrx_word' id='word_1_283' title='bbox 1282 1862 1377 1904; x_wconf 89' lang='lat' dir='ltr'>usui</span> <span class='ocrx_word' id='word_1_284' title='bbox 1409 1862 1514 1904; x_wconf 85' lang='lat' dir='ltr'>fore.</span> 
     </span>
    </p>

    <p class='ocr_par' dir='ltr' id='par_1_10' title="bbox 223 1925 1978 2109">
     <span class='ocr_line' id='line_1_29' title="bbox 343 1925 1977 1982; baseline -0.004 -10"><span class='ocrx_word' id='word_1_285' title='bbox 343 1932 501 1973; x_wconf 87' lang='lat' dir='ltr'>Caesar</span> <span class='ocrx_word' id='word_1_286' title='bbox 522 1929 727 1971; x_wconf 84' lang='lat' dir='ltr'>Catholici</span> <span class='ocrx_word' id='word_1_287' title='bbox 753 1928 962 1982; x_wconf 90' lang='lat' dir='ltr'>Principis</span> <span class='ocrx_word' id='word_1_288' title='bbox 986 1928 1229 1981; x_wconf 83' lang='lat' dir='ltr'>exemplum</span> <span class='ocrx_word' id='word_1_289' title='bbox 1252 1927 1434 1981; x_wconf 88' lang='lat' dir='ltr'>praebet</span> <span class='ocrx_word' id='word_1_290' title='bbox 1457 1926 1663 1968; x_wconf 85' lang='lat' dir='ltr'>omnibus.</span> <span class='ocrx_word' id='word_1_291' title='bbox 1701 1926 1749 1966; x_wconf 91' lang='lat' dir='ltr'>In</span> <span class='ocrx_word' id='word_1_292' title='bbox 1771 1925 1977 1979; x_wconf 84' lang='lat' dir='ltr'>templum</span> 
     </span>
     <span class='ocr_line' id='line_1_30' title="bbox 225 1991 1978 2047; baseline -0.005 -8"><span class='ocrx_word' id='word_1_293' title='bbox 225 1997 328 2047; x_wconf 82' lang='lat' dir='ltr'>abit,</span> <span class='ocrx_word' id='word_1_294' title='bbox 364 1995 589 2038; x_wconf 88' lang='lat' dir='ltr'>conciones</span> <span class='ocrx_word' id='word_1_295' title='bbox 622 1996 665 2036; x_wconf 90' lang='lat' dir='ltr'>et</span> <span class='ocrx_word' id='word_1_296' title='bbox 696 2008 786 2035; x_wconf 83' lang='lat' dir='ltr'>rem</span> <span class='ocrx_word' id='word_1_297' title='bbox 821 1993 1009 2034; x_wconf 88' lang='lat' dir='ltr'>diuinam</span> <span class='ocrx_word' id='word_1_298' title='bbox 1043 1993 1174 2035; x_wconf 87' lang='lat' dir='ltr'>audit.</span> <span class='ocrx_word' id='word_1_299' title='bbox 1239 1991 1484 2034; x_wconf 84' lang='lat' dir='ltr'>Catholicos</span> <span class='ocrx_word' id='word_1_300' title='bbox 1517 1991 1805 2044; x_wconf 84' lang='lat' dir='ltr'>amplectitur,</span> <span class='ocrx_word' id='word_1_301' title='bbox 1845 2004 1978 2042; x_wconf 88' lang='lat' dir='ltr'>quan-</span> 
     </span>
     <span class='ocr_line' id='line_1_31' title="bbox 223 2056 1579 2109; baseline -0.005 -5"><span class='ocrx_word' id='word_1_302' title='bbox 223 2061 382 2104; x_wconf 89' lang='lat' dir='ltr'>tumuis</span> <span class='ocrx_word' id='word_1_303' title='bbox 414 2060 456 2101; x_wconf 91' lang='lat' dir='ltr'>id</span> <span class='ocrx_word' id='word_1_304' title='bbox 488 2059 633 2101; x_wconf 87' lang='lat' dir='ltr'>uidere</span> <span class='ocrx_word' id='word_1_305' title='bbox 666 2061 710 2100; x_wconf 90' lang='lat' dir='ltr'>et</span> <span class='ocrx_word' id='word_1_306' title='bbox 742 2058 890 2100; x_wconf 88' lang='lat' dir='ltr'>audire</span> <span class='ocrx_word' id='word_1_307' title='bbox 923 2058 1152 2100; x_wconf 90' lang='lat' dir='ltr'>molestum</span> <span class='ocrx_word' id='word_1_308' title='bbox 1186 2056 1243 2098; x_wconf 90' lang='lat' dir='ltr'>sit</span> <span class='ocrx_word' id='word_1_309' title='bbox 1275 2056 1579 2109; x_wconf 69' lang='lat' dir='ltr'>aduersal‘ijs4.</span> 
     </span>
    </p>

    <p class='ocr_par' dir='ltr' id='par_1_11' title="bbox 225 2120 1979 2309">
     <span class='ocr_line' id='line_1_32' title="bbox 343 2120 1978 2176; baseline -0.004 -9"><span class='ocrx_word' id='word_1_310' title='bbox 343 2126 406 2167; x_wconf 91' lang='lat' dir='ltr'>De</span> <span class='ocrx_word' id='word_1_311' title='bbox 439 2138 550 2166; x_wconf 93' lang='lat' dir='ltr'>nouo</span> <span class='ocrx_word' id='word_1_312' title='bbox 573 2123 781 2165; x_wconf 89' lang='lat' dir='ltr'>Pontifice</span> <span class='ocrx_word' id='word_1_313' title='bbox 814 2136 997 2176; x_wconf 85' lang='lat' dir='ltr'>magnus</span> <span class='ocrx_word' id='word_1_314' title='bbox 1030 2125 1146 2164; x_wconf 89' lang='lat' dir='ltr'>esset</span> <span class='ocrx_word' id='word_1_315' title='bbox 1178 2121 1392 2163; x_wconf 87' lang='lat' dir='ltr'>scribendi</span> <span class='ocrx_word' id='word_1_316' title='bbox 1425 2134 1614 2174; x_wconf 88' lang='lat' dir='ltr'>campus,</span> <span class='ocrx_word' id='word_1_317' title='bbox 1649 2121 1724 2162; x_wconf 91' lang='lat' dir='ltr'>sed</span> <span class='ocrx_word' id='word_1_318' title='bbox 1751 2120 1978 2163; x_wconf 88' lang='lat' dir='ltr'>adiunctae</span> 
     </span>
     <span class='ocr_line' id='line_1_33' title="bbox 225 2185 1979 2240; baseline -0.004 -7"><span class='ocrx_word' id='word_1_319' title='bbox 225 2191 378 2233; x_wconf 87' lang='lat' dir='ltr'>literae</span> <span class='ocrx_word' id='word_1_320' title='bbox 410 2203 501 2232; x_wconf 80' lang='lat' dir='ltr'>rem</span> <span class='ocrx_word' id='word_1_321' title='bbox 534 2188 642 2230; x_wconf 88' lang='lat' dir='ltr'>satis</span> <span class='ocrx_word' id='word_1_322' title='bbox 675 2188 905 2229; x_wconf 89' lang='lat' dir='ltr'>ostendent</span> <span class='ocrx_word' id='word_1_323' title='bbox 917 2189 947 2230; x_wconf 78' lang='lat'>5.</span> <span class='ocrx_word' id='word_1_324' title='bbox 1010 2187 1140 2229; x_wconf 77' lang='lat' dir='ltr'>Faxit</span> <span class='ocrx_word' id='word_1_325' title='bbox 1172 2188 1288 2228; x_wconf 91' lang='lat' dir='ltr'>Deus</span> <span class='ocrx_word' id='word_1_326' title='bbox 1319 2188 1368 2227; x_wconf 88' lang='lat' dir='ltr'>ut</span> <span class='ocrx_word' id='word_1_327' title='bbox 1400 2185 1607 2240; x_wconf 83' lang='lat' dir='ltr'>optimum</span> <span class='ocrx_word' id='word_1_328' title='bbox 1639 2185 1979 2227; x_wconf 87' lang='lat' dir='ltr'>sanctissimum-</span> 
     </span>
     <span class='ocr_line' id='line_1_34' title="bbox 227 2249 1979 2309; baseline -0.005 -11"><span class='ocrx_word' id='word_1_329' title='bbox 227 2269 307 2309; x_wconf 89' lang='lat' dir='ltr'>que</span> <span class='ocrx_word' id='word_1_330' title='bbox 350 2256 575 2298; x_wconf 88' lang='lat' dir='ltr'>Pastorem</span> <span class='ocrx_word' id='word_1_331' title='bbox 617 2253 686 2294; x_wconf 90' lang='lat' dir='ltr'>diu</span> <span class='ocrx_word' id='word_1_332' title='bbox 729 2253 1013 2302; x_wconf 86' lang='lat' dir='ltr'>retineamus,</span> <span class='ocrx_word' id='word_1_333' title='bbox 1048 2253 1118 2304; x_wconf 89' lang='lat' dir='ltr'>qui</span> <span class='ocrx_word' id='word_1_334' title='bbox 1160 2266 1243 2293; x_wconf 89' lang='lat' dir='ltr'>non</span> <span class='ocrx_word' id='word_1_335' title='bbox 1286 2251 1377 2292; x_wconf 90' lang='lat' dir='ltr'>sine</span> <span class='ocrx_word' id='word_1_336' title='bbox 1418 2250 1625 2292; x_wconf 88' lang='lat' dir='ltr'>miraculo</span> <span class='ocrx_word' id='word_1_337' title='bbox 1667 2250 1893 2300; x_wconf 71' lang='lat' dir='ltr'>electus³⁶,</span> <span class='ocrx_word' id='word_1_338' title='bbox 1936 2249 1979 2290; x_wconf 91' lang='lat' dir='ltr'>in</span> 
     </span>
    </p>
   </div>
   <div class='ocr_carea' id='block_1_8' title="bbox 347 2331 1812 2367">
    <p class='ocr_par' dir='ltr' id='par_1_12' title="bbox 347 2331 1812 2367">
     <span class='ocr_line' id='line_1_35' title="bbox 347 2331 1812 2367; baseline -0.005 -7"><span class='ocrx_word' id='word_1_339' title='bbox 347 2339 374 2367; x_wconf 72' lang='lat' dir='ltr'>a)</span> <span class='ocrx_word' id='word_1_340' title='bbox 396 2337 441 2360; x_wconf 79' lang='lat' dir='ltr'>Ita</span> <span class='ocrx_word' id='word_1_341' title='bbox 464 2338 537 2359; x_wconf 76' lang='lat' dir='ltr'>recte</span> <span class='ocrx_word' id='word_1_342' title='bbox 558 2333 684 2358; x_wconf 61' lang='lat' dir='ltr'>com-emit</span> <span class='ocrx_word' id='word_1_343' title='bbox 700 2334 817 2357; x_wconf 76' lang='lat' dir='ltr'>Hansen</span> <span class='ocrx_word' id='word_1_344' title='bbox 839 2340 874 2357; x_wconf 61' lang='lat' dir='ltr'>ez</span> <span class='ocrx_word' id='word_1_345' title='bbox 895 2331 1011 2362; x_wconf 81' lang='lat' dir='ltr'>doctus,</span> <span class='ocrx_word' id='word_1_346' title='bbox 1032 2333 1104 2363; x_wconf 65' lang='lat' dir='ltr'>quod</span> <span class='ocrx_word' id='word_1_347' title='bbox 1125 2333 1154 2356; x_wconf 71' lang='lat' dir='ltr'>in</span> <span class='ocrx_word' id='word_1_348' title='bbox 1176 2341 1276 2364; x_wconf 70' lang='grc' dir='ltr'><strong>αρυῃν.</strong></span> <span class='ocrx_word' id='word_1_349' title='bbox 1293 2333 1420 2363; x_wconf 75' lang='lat' dir='ltr'>positum</span> <span class='ocrx_word' id='word_1_350' title='bbox 1442 2335 1500 2361; x_wconf 75' lang='lat' dir='ltr'>est,·</span> <span class='ocrx_word' id='word_1_351' title='bbox 1523 2332 1584 2356; x_wconf 71' lang='lat' dir='ltr'>vide</span> <span class='ocrx_word' id='word_1_352' title='bbox 1604 2332 1687 2361; x_wconf 72' lang='lat' dir='ltr'>infra</span> <span class='ocrx_word' id='word_1_353' title='bbox 1708 2331 1774 2355; x_wconf 73' lang='lat' dir='ltr'>adn.</span> <span class='ocrx_word' id='word_1_354' title='bbox 1788 2333 1812 2354; x_wconf 76' lang='grc' dir='ltr'><strong>(ι’.</strong></span> 
     </span>
    </p>
   </div>
   <div class='ocr_carea' id='block_1_9' title="bbox 435 2396 641 2399">
    <p class='ocr_par' dir='ltr' id='par_1_13' title="bbox 435 2396 641 2399">
     <span class='ocr_line' id='line_1_36' title="bbox 435 2396 641 2399; baseline 0 0"><span class='ocrx_word' id='word_1_355' title='bbox 435 2396 641 2399; x_wconf 95' lang='lat' dir='ltr'> </span> 
     </span>
    </p>
   </div>
   <div class='ocr_carea' id='block_1_10' title="bbox 230 2425 1982 3203">
    <p class='ocr_par' dir='ltr' id='par_1_14' title="bbox 351 2425 1212 2471">
     <span class='ocr_line' id='line_1_37' title="bbox 351 2425 1212 2471; baseline -0.005 -8"><span class='ocrx_word' id='word_1_356' title='bbox 351 2432 357 2449; x_wconf 93' lang='lat'><strong>¹</strong></span> <span class='ocrx_word' id='word_1_357' title='bbox 385 2429 425 2470; x_wconf 83' lang='lat' dir='ltr'>ln</span> <span class='ocrx_word' id='word_1_358' title='bbox 451 2440 553 2463; x_wconf 90' lang='lat' dir='ltr'>sacro</span> <span class='ocrx_word' id='word_1_359' title='bbox 582 2428 757 2471; x_wconf 87' lang='lat' dir='ltr'>suggestu</span> <span class='ocrx_word' id='word_1_360' title='bbox 785 2425 958 2459; x_wconf 88' lang='lat' dir='ltr'>ecclesiae</span> <span class='ocrx_word' id='word_1_361' title='bbox 985 2425 1212 2460; x_wconf 87' lang='lat' dir='ltr'>cathedralis.</span> 
     </span>
    </p>

    <p class='ocr_par' dir='ltr' id='par_1_15' title="bbox 232 2476 1981 2578">
     <span class='ocr_line' id='line_1_38' title="bbox 348 2476 1981 2525; baseline -0.005 -9"><span class='ocrx_word' id='word_1_362' title='bbox 348 2483 360 2501; x_wconf 74' lang='lat'><strong>²</strong></span> <span class='ocrx_word' id='word_1_363' title='bbox 387 2481 589 2525; x_wconf 85' lang='lat' dir='ltr'>Augustam</span> <span class='ocrx_word' id='word_1_364' title='bbox 616 2479 763 2514; x_wconf 84' lang='lat' dir='ltr'>advenit</span> <span class='ocrx_word' id='word_1_365' title='bbox 792 2479 843 2513; x_wconf 86' lang='lat'>17.</span> <span class='ocrx_word' id='word_1_366' title='bbox 871 2478 1053 2512; x_wconf 86' lang='lat' dir='ltr'>Februarii</span> <span class='ocrx_word' id='word_1_367' title='bbox 1089 2479 1154 2519; x_wconf 86' lang='lat' dir='ltr'>(W.</span> <span class='ocrx_word' id='word_1_368' title='bbox 1182 2479 1224 2512; x_wconf 86' lang='lat' dir='ltr'>E.</span> <span class='ocrx_word' id='word_1_369' title='bbox 1254 2479 1422 2512; x_wconf 59' lang='lat' dir='ltr'>Seleu-am</span> <span class='ocrx_word' id='word_1_370' title='bbox 1456 2477 1478 2510; x_wconf 91' lang='lat' dir='ltr'>l.</span> <span class='ocrx_word' id='word_1_371' title='bbox 1506 2489 1534 2511; x_wconf 93' lang='lat' dir='ltr'>c.</span> <span class='ocrx_word' id='word_1_372' title='bbox 1562 2477 1576 2509; x_wconf 91' lang='grc' dir='ltr'>Ι</span> <span class='ocrx_word' id='word_1_373' title='bbox 1602 2477 1634 2510; x_wconf 92' lang='lat'>4.</span> <span class='ocrx_word' id='word_1_374' title='bbox 1685 2476 1981 2519; x_wconf 65' lang='lat' dir='ltr'>Lctgsowarsinius</span> 
     </span>
     <span class='ocr_line' id='line_1_39' title="bbox 232 2530 1535 2578; baseline -0.004 -10"><span class='ocrx_word' id='word_1_375' title='bbox 232 2535 265 2568; x_wconf 88' lang='lat' dir='ltr'>in</span> <span class='ocrx_word' id='word_1_376' title='bbox 292 2534 442 2578; x_wconf 83' lang='lat' dir='ltr'>Pogiani</span> <span class='ocrx_word' id='word_1_377' title='bbox 469 2533 642 2578; x_wconf 89' lang='lat' dir='ltr'>Epistolis</span> <span class='ocrx_word' id='word_1_378' title='bbox 667 2533 717 2566; x_wconf 88' lang='lat' dir='ltr'>IV</span> <span class='ocrx_word' id='word_1_379' title='bbox 744 2531 841 2574; x_wconf 89' lang='grc'><strong>288).</strong></span> <span class='ocrx_word' id='word_1_380' title='bbox 988 2532 1000 2551; x_wconf 82' lang='lat'><strong>³</strong></span> <span class='ocrx_word' id='word_1_381' title='bbox 1026 2531 1117 2565; x_wconf 88' lang='lat' dir='ltr'>Vide</span> <span class='ocrx_word' id='word_1_382' title='bbox 1143 2542 1251 2575; x_wconf 87' lang='lat' dir='ltr'>supra</span> <span class='ocrx_word' id='word_1_383' title='bbox 1277 2542 1310 2575; x_wconf 87' lang='lat' dir='ltr'>p.</span> <span class='ocrx_word' id='word_1_384' title='bbox 1340 2530 1535 2564; x_wconf 78' lang='lat'>183—184.</span> 
     </span>
    </p>

    <p class='ocr_par' dir='ltr' id='par_1_16' title="bbox 230 2580 1981 2841">
     <span class='ocr_line' id='line_1_40' title="bbox 349 2580 1981 2627; baseline -0.005 -6"><span class='ocrx_word' id='word_1_385' title='bbox 349 2589 361 2607; x_wconf 71' lang='lat'>4</span> <span class='ocrx_word' id='word_1_386' title='bbox 388 2586 656 2621; x_wconf 81' lang='lat' dir='ltr'>Maximilianus</span> <span class='ocrx_word' id='word_1_387' title='bbox 683 2586 726 2619; x_wconf 88' lang='lat' dir='ltr'>II.</span> <span class='ocrx_word' id='word_1_388' title='bbox 755 2585 810 2619; x_wconf 84' lang='lat'>20.</span> <span class='ocrx_word' id='word_1_389' title='bbox 829 2584 985 2618; x_wconf 84' lang='lat' dir='ltr'>Ianuarii</span> <span class='ocrx_word' id='word_1_390' title='bbox 1004 2584 1205 2627; x_wconf 87' lang='lat' dir='ltr'>Augustam</span> <span class='ocrx_word' id='word_1_391' title='bbox 1232 2584 1416 2624; x_wconf 87' lang='lat' dir='ltr'>advectus,</span> <span class='ocrx_word' id='word_1_392' title='bbox 1442 2583 1478 2616; x_wconf 90' lang='lat' dir='ltr'>in</span> <span class='ocrx_word' id='word_1_393' title='bbox 1504 2583 1605 2616; x_wconf 88' lang='lat' dir='ltr'>domo</span> <span class='ocrx_word' id='word_1_394' title='bbox 1632 2581 1818 2624; x_wconf 76' lang='lat' dir='ltr'>suggerica</span> <span class='ocrx_word' id='word_1_395' title='bbox 1842 2580 1878 2614; x_wconf 91' lang='lat' dir='ltr'>in</span> <span class='ocrx_word' id='word_1_396' title='bbox 1904 2580 1981 2614; x_wconf 88' lang='lat' dir='ltr'>foro</span> 
     </span>
     <span class='ocr_line' id='line_1_41' title="bbox 230 2633 1981 2683; baseline -0.004 -10"><span class='ocrx_word' id='word_1_397' title='bbox 230 2640 368 2674; x_wconf 87' lang='lat' dir='ltr'>vinario</span> <span class='ocrx_word' id='word_1_398' title='bbox 396 2639 703 2683; x_wconf 44' lang='lat' dir='ltr'>(ffVeinmark‘ff‘)</span> <span class='ocrx_word' id='word_1_399' title='bbox 732 2638 803 2672; x_wconf 87' lang='lat' dir='ltr'>sita</span> <span class='ocrx_word' id='word_1_400' title='bbox 829 2637 1035 2677; x_wconf 88' lang='lat' dir='ltr'>habitabat;</span> <span class='ocrx_word' id='word_1_401' title='bbox 1072 2648 1162 2681; x_wconf 88' lang='lat' dir='ltr'>quae</span> <span class='ocrx_word' id='word_1_402' title='bbox 1199 2637 1324 2670; x_wconf 89' lang='lat' dir='ltr'>domus</span> <span class='ocrx_word' id='word_1_403' title='bbox 1351 2639 1428 2670; x_wconf 88' lang='lat' dir='ltr'>erat</span> <span class='ocrx_word' id='word_1_404' title='bbox 1452 2635 1566 2670; x_wconf 90' lang='lat' dir='ltr'>Marci</span> <span class='ocrx_word' id='word_1_405' title='bbox 1591 2635 1653 2669; x_wconf 86' lang='grc' dir='ltr'><strong>ΙΙΙ.</strong></span> <span class='ocrx_word' id='word_1_406' title='bbox 1679 2633 1844 2677; x_wconf 85' lang='lat' dir='ltr'>Fuggeri‚</span> <span class='ocrx_word' id='word_1_407' title='bbox 1880 2634 1981 2667; x_wconf 90' lang='lat' dir='ltr'>cuius</span> 
     </span>
     <span class='ocr_line' id='line_1_42' title="bbox 232 2688 1980 2737; baseline -0.004 -11"><span class='ocrx_word' id='word_1_408' title='bbox 232 2704 377 2726; x_wconf 78' lang='lat' dir='ltr'>uxorem</span> <span class='ocrx_word' id='word_1_409' title='bbox 405 2692 579 2737; x_wconf 82' lang='lat' dir='ltr'>Sibyllam</span> <span class='ocrx_word' id='word_1_410' title='bbox 607 2691 825 2725; x_wconf 87' lang='lat' dir='ltr'>comitissam</span> <span class='ocrx_word' id='word_1_411' title='bbox 853 2690 895 2724; x_wconf 89' lang='lat' dir='ltr'>de</span> <span class='ocrx_word' id='word_1_412' title='bbox 921 2689 1111 2724; x_wconf 86' lang='lat' dir='ltr'>Eberstein</span> <span class='ocrx_word' id='word_1_413' title='bbox 1137 2690 1303 2724; x_wconf 86' lang='lat' dir='ltr'>Canisius</span> <span class='ocrx_word' id='word_1_414' title='bbox 1339 2701 1369 2723; x_wconf 89' lang='lat' dir='ltr'>a.</span> <span class='ocrx_word' id='word_1_415' title='bbox 1399 2689 1489 2723; x_wconf 80' lang='lat'>1560</span> <span class='ocrx_word' id='word_1_416' title='bbox 1525 2691 1560 2722; x_wconf 89' lang='lat' dir='ltr'>et</span> <span class='ocrx_word' id='word_1_417' title='bbox 1588 2688 1673 2721; x_wconf 86' lang='lat'>1561</span> <span class='ocrx_word' id='word_1_418' title='bbox 1712 2698 1755 2720; x_wconf 83' lang='lat' dir='ltr'>ex</span> <span class='ocrx_word' id='word_1_419' title='bbox 1782 2688 1980 2730; x_wconf 73' lang='lat' dir='ltr'>protestan-</span> 
     </span>
     <span class='ocr_line' id='line_1_43' title="bbox 232 2739 1981 2786; baseline -0.003 -9"><span class='ocrx_word' id='word_1_420' title='bbox 232 2745 336 2778; x_wconf 89' lang='lat' dir='ltr'>tismo</span> <span class='ocrx_word' id='word_1_421' title='bbox 363 2745 406 2778; x_wconf 86' lang='lat' dir='ltr'>ad</span> <span class='ocrx_word' id='word_1_422' title='bbox 435 2745 622 2779; x_wconf 86' lang='lat' dir='ltr'>ecclesiam</span> <span class='ocrx_word' id='word_1_423' title='bbox 648 2744 842 2778; x_wconf 82' lang='lat' dir='ltr'>reduxerat</span> <span class='ocrx_word' id='word_1_424' title='bbox 871 2742 1059 2786; x_wconf 57' lang='lat' dir='ltr'>(Haben-lin</span> <span class='ocrx_word' id='word_1_425' title='bbox 1088 2742 1227 2776; x_wconf 80' lang='lat' dir='ltr'>l.e.V1</span> <span class='ocrx_word' id='word_1_426' title='bbox 1257 2743 1334 2776; x_wconf 86' lang='lat'>135.</span> <span class='ocrx_word' id='word_1_427' title='bbox 1375 2743 1493 2775; x_wconf 75' lang='lat' dir='ltr'>Turba</span> <span class='ocrx_word' id='word_1_428' title='bbox 1520 2741 1542 2774; x_wconf 90' lang='grc'>1.</span> <span class='ocrx_word' id='word_1_429' title='bbox 1562 2752 1591 2774; x_wconf 88' lang='lat' dir='ltr'>c.</span> <span class='ocrx_word' id='word_1_430' title='bbox 1618 2740 1669 2773; x_wconf 87' lang='lat' dir='ltr'>III</span> <span class='ocrx_word' id='word_1_431' title='bbox 1694 2739 1789 2774; x_wconf 79' lang='lat'>307¹.</span> <span class='ocrx_word' id='word_1_432' title='bbox 1825 2740 1911 2773; x_wconf 75' lang='lat' dir='ltr'>Can.</span> <span class='ocrx_word' id='word_1_433' title='bbox 1930 2739 1981 2772; x_wconf 88' lang='grc' dir='ltr'>ΠΙ</span> 
     </span>
     <span class='ocr_line' id='line_1_44' title="bbox 234 2795 1237 2841; baseline -0.001 -11"><span class='ocrx_word' id='word_1_434' title='bbox 234 2798 449 2841; x_wconf 76' lang='grc'><strong>655-657).</strong></span> <span class='ocrx_word' id='word_1_435' title='bbox 612 2799 623 2817; x_wconf 85' lang='lat'>⁵</span> <span class='ocrx_word' id='word_1_436' title='bbox 650 2797 701 2830; x_wconf 89' lang='lat' dir='ltr'>De</span> <span class='ocrx_word' id='word_1_437' title='bbox 727 2797 783 2831; x_wconf 90' lang='lat' dir='ltr'>his</span> <span class='ocrx_word' id='word_1_438' title='bbox 810 2808 843 2830; x_wconf 92' lang='lat' dir='ltr'>v.</span> <span class='ocrx_word' id='word_1_439' title='bbox 871 2807 979 2840; x_wconf 87' lang='lat' dir='ltr'>supra</span> <span class='ocrx_word' id='word_1_440' title='bbox 1004 2807 1038 2840; x_wconf 89' lang='lat' dir='ltr'>p.</span> <span class='ocrx_word' id='word_1_441' title='bbox 1068 2796 1131 2829; x_wconf 82' lang='lat'>167</span> <span class='ocrx_word' id='word_1_442' title='bbox 1161 2795 1237 2829; x_wconf 85' lang='lat'>184.</span> 
     </span>
    </p>

    <p class='ocr_par' dir='ltr' id='par_1_17' title="bbox 235 2844 1982 3203">
     <span class='ocr_line' id='line_1_45' title="bbox 354 2844 1982 2894; baseline -0.004 -10"><span class='ocrx_word' id='word_1_443' title='bbox 354 2851 365 2867; x_wconf 61' lang='lat'>‘⁵&#39;</span> <span class='ocrx_word' id='word_1_444' title='bbox 401 2850 548 2884; x_wconf 85' lang='lat' dir='ltr'>Praeter</span> <span class='ocrx_word' id='word_1_445' title='bbox 583 2851 737 2884; x_wconf 89' lang='lat' dir='ltr'>omnium</span> <span class='ocrx_word' id='word_1_446' title='bbox 775 2849 1096 2894; x_wconf 86' lang='lat' dir='ltr'>exspectationem,</span> <span class='ocrx_word' id='word_1_447' title='bbox 1132 2848 1316 2892; x_wconf 85' lang='lat' dir='ltr'>repentino</span> <span class='ocrx_word' id='word_1_448' title='bbox 1352 2847 1506 2881; x_wconf 87' lang='lat' dir='ltr'>omnium</span> <span class='ocrx_word' id='word_1_449' title='bbox 1542 2844 1774 2879; x_wconf 84' lang='lat' dir='ltr'>cardinalium</span> <span class='ocrx_word' id='word_1_450' title='bbox 1807 2856 1982 2879; x_wconf 87' lang='lat' dir='ltr'>consensu</span> 
     </span>
     <span class='ocr_line' id='line_1_46' title="bbox 240 2897 1982 2945; baseline -0.002 -11"><span class='ocrx_word' id='word_1_451' title='bbox 240 2912 321 2945; x_wconf 84' lang='lat' dir='ltr'>„per</span> <span class='ocrx_word' id='word_1_452' title='bbox 348 2902 609 2936; x_wconf 86' lang='lat' dir='ltr'>adorationem“</span> <span class='ocrx_word' id='word_1_453' title='bbox 640 2903 776 2937; x_wconf 89' lang='lat' dir='ltr'>electus</span> <span class='ocrx_word' id='word_1_454' title='bbox 803 2904 880 2936; x_wconf 84' lang='lat' dir='ltr'>erat</span> <span class='ocrx_word' id='word_1_455' title='bbox 908 2902 981 2945; x_wconf 86' lang='lat' dir='ltr'>(Jo.</span> <span class='ocrx_word' id='word_1_456' title='bbox 1001 2903 1084 2935; x_wconf 79' lang='lat' dir='ltr'>Ant.</span> <span class='ocrx_word' id='word_1_457' title='bbox 1107 2902 1292 2944; x_wconf 78' lang='lat' dir='ltr'>Gabutz&#39;us,</span> <span class='ocrx_word' id='word_1_458' title='bbox 1319 2900 1403 2933; x_wconf 87' lang='lat' dir='ltr'>Vita</span> <span class='ocrx_word' id='word_1_459' title='bbox 1428 2899 1482 2932; x_wconf 88' lang='lat' dir='ltr'>Pii</span> <span class='ocrx_word' id='word_1_460' title='bbox 1509 2898 1562 2938; x_wconf 91' lang='lat' dir='ltr'>V.‚</span> <span class='ocrx_word' id='word_1_461' title='bbox 1589 2897 1612 2931; x_wconf 93' lang='grc'>1.</span> <span class='ocrx_word' id='word_1_462' title='bbox 1634 2898 1662 2938; x_wconf 90' lang='grc'><strong>1,</strong></span> <span class='ocrx_word' id='word_1_463' title='bbox 1690 2908 1718 2931; x_wconf 95' lang='lat' dir='ltr'>c.</span> <span class='ocrx_word' id='word_1_464' title='bbox 1746 2897 1777 2937; x_wconf 83' lang='lat'>4,</span> <span class='ocrx_word' id='word_1_465' title='bbox 1804 2909 1835 2930; x_wconf 88' lang='lat'>11.</span> <span class='ocrx_word' id='word_1_466' title='bbox 1855 2897 1910 2938; x_wconf 80' lang='lat'>42,</span> <span class='ocrx_word' id='word_1_467' title='bbox 1945 2897 1982 2931; x_wconf 87' lang='lat' dir='ltr'>in</span> 
     </span>
     <span class='ocr_line' id='line_1_47' title="bbox 235 2949 1980 2999; baseline -0.001 -13"><span class='ocrx_word' id='word_1_468' title='bbox 235 2954 337 2987; x_wconf 86' lang='lat' dir='ltr'>Actis</span> <span class='ocrx_word' id='word_1_469' title='bbox 366 2953 575 2988; x_wconf 81' lang='lat' dir='ltr'>Sanctorum</span> <span class='ocrx_word' id='word_1_470' title='bbox 603 2956 687 2989; x_wconf 87' lang='lat' dir='ltr'>Maii</span> <span class='ocrx_word' id='word_1_471' title='bbox 714 2956 739 2996; x_wconf 82' lang='grc' dir='ltr'>Ι,</span> <span class='ocrx_word' id='word_1_472' title='bbox 767 2955 988 2999; x_wconf 85' lang='lat' dir='ltr'>Antverpiae</span> <span class='ocrx_word' id='word_1_473' title='bbox 1017 2954 1116 2993; x_wconf 88' lang='grc'><strong>1680,</strong></span> <span class='ocrx_word' id='word_1_474' title='bbox 1153 2953 1232 2988; x_wconf 86' lang='grc'><strong>628.</strong></span> <span class='ocrx_word' id='word_1_475' title='bbox 1285 2953 1515 2994; x_wconf 56' lang='lat' dir='ltr'>Lada-chius,</span> <span class='ocrx_word' id='word_1_476' title='bbox 1551 2949 1708 2984; x_wconf 87' lang='lat' dir='ltr'>Annales</span> <span class='ocrx_word' id='word_1_477' title='bbox 1735 2950 1980 2990; x_wconf 86' lang='lat' dir='ltr'>ecclesiastici,</span> 
     </span>
     <span class='ocr_line' id='line_1_48' title="bbox 235 3002 1976 3051; baseline -0.002 -13"><span class='ocrx_word' id='word_1_478' title='bbox 235 3006 271 3039; x_wconf 91' lang='lat' dir='ltr'>in</span> <span class='ocrx_word' id='word_1_479' title='bbox 297 3017 327 3039; x_wconf 89' lang='lat' dir='ltr'>a.</span> <span class='ocrx_word' id='word_1_480' title='bbox 350 3006 449 3046; x_wconf 88' lang='lat'>1566,</span> <span class='ocrx_word' id='word_1_481' title='bbox 476 3019 508 3040; x_wconf 91' lang='lat' dir='ltr'>n.</span> <span class='ocrx_word' id='word_1_482' title='bbox 536 3007 556 3040; x_wconf 89' lang='grc'><strong>2</strong></span> <span class='ocrx_word' id='word_1_483' title='bbox 584 3008 603 3041; x_wconf 84' lang='grc'>3</span> <span class='ocrx_word' id='word_1_484' title='bbox 633 3007 704 3051; x_wconf 86' lang='grc'><strong>11).</strong></span> <span class='ocrx_word' id='word_1_485' title='bbox 744 3008 782 3041; x_wconf 92' lang='lat' dir='ltr'>In</span> <span class='ocrx_word' id='word_1_486' title='bbox 802 3009 984 3041; x_wconf 72' lang='lat' dir='ltr'>Bennonis</span> <span class='ocrx_word' id='word_1_487' title='bbox 1002 3008 1156 3050; x_wconf 70' lang='lat' dir='ltr'>Hillz&#39;yer</span> <span class='ocrx_word' id='word_1_488' title='bbox 1181 3006 1300 3040; x_wconf 89' lang='lat' dir='ltr'>libello</span> <span class='ocrx_word' id='word_1_489' title='bbox 1323 3005 1407 3047; x_wconf 86' lang='lat' dir='ltr'>„Die</span> <span class='ocrx_word' id='word_1_490' title='bbox 1425 3003 1534 3037; x_wconf 89' lang='lat' dir='ltr'>Wahl</span> <span class='ocrx_word' id='word_1_491' title='bbox 1550 3002 1646 3036; x_wconf 79' lang='lat' dir='ltr'>Pius’</span> <span class='ocrx_word' id='word_1_492' title='bbox 1665 3002 1707 3036; x_wconf 87' lang='lat' dir='ltr'>V.</span> <span class='ocrx_word' id='word_1_493' title='bbox 1727 3014 1806 3036; x_wconf 90' lang='lat' dir='ltr'>zum</span> <span class='ocrx_word' id='word_1_494' title='bbox 1826 3003 1976 3047; x_wconf 83' lang='lat' dir='ltr'>Papste“</span> 
     </span>
     <span class='ocr_line' id='line_1_49' title="bbox 239 3054 1980 3104; baseline -0.002 -14"><span class='ocrx_word' id='word_1_495' title='bbox 239 3057 399 3102; x_wconf 86' lang='lat' dir='ltr'>(Leipzig</span> <span class='ocrx_word' id='word_1_496' title='bbox 420 3059 524 3101; x_wconf 84' lang='grc'><strong>1891)</strong></span> <span class='ocrx_word' id='word_1_497' title='bbox 545 3060 587 3093; x_wconf 91' lang='lat' dir='ltr'>de</span> <span class='ocrx_word' id='word_1_498' title='bbox 605 3059 672 3093; x_wconf 90' lang='lat' dir='ltr'>hoc</span> <span class='ocrx_word' id='word_1_499' title='bbox 690 3060 853 3094; x_wconf 85' lang='lat' dir='ltr'>conclavi</span> <span class='ocrx_word' id='word_1_500' title='bbox 872 3071 983 3104; x_wconf 88' lang='lat' dir='ltr'>paene</span> <span class='ocrx_word' id='word_1_501' title='bbox 1001 3059 1090 3093; x_wconf 87' lang='lat' dir='ltr'>nihil</span> <span class='ocrx_word' id='word_1_502' title='bbox 1108 3059 1248 3099; x_wconf 87' lang='lat' dir='ltr'>dicitur,</span> <span class='ocrx_word' id='word_1_503' title='bbox 1268 3059 1310 3092; x_wconf 91' lang='lat' dir='ltr'>de</span> <span class='ocrx_word' id='word_1_504' title='bbox 1328 3057 1382 3091; x_wconf 90' lang='lat' dir='ltr'>Pii</span> <span class='ocrx_word' id='word_1_505' title='bbox 1400 3056 1460 3090; x_wconf 93' lang='lat' dir='ltr'>IV.</span> <span class='ocrx_word' id='word_1_506' title='bbox 1480 3067 1564 3089; x_wconf 88' lang='lat' dir='ltr'>vero</span> <span class='ocrx_word' id='word_1_507' title='bbox 1583 3054 1730 3098; x_wconf 88' lang='lat' dir='ltr'>eiusque</span> <span class='ocrx_word' id='word_1_508' title='bbox 1748 3055 1980 3088; x_wconf 88' lang='lat' dir='ltr'>cardinalium</span> 
     </span>
     <span class='ocr_line' id='line_1_50' title="bbox 237 3101 1978 3156; baseline -0.002 -13"><span class='ocrx_word' id='word_1_509' title='bbox 237 3110 336 3143; x_wconf 84' lang='lat' dir='ltr'>vitiis</span> <span class='ocrx_word' id='word_1_510' title='bbox 362 3110 543 3154; x_wconf 89' lang='lat' dir='ltr'>complura</span> <span class='ocrx_word' id='word_1_511' title='bbox 570 3112 735 3155; x_wconf 84' lang='lat' dir='ltr'>ineptius,</span> <span class='ocrx_word' id='word_1_512' title='bbox 771 3123 877 3156; x_wconf 87' lang='lat' dir='ltr'>quam</span> <span class='ocrx_word' id='word_1_513' title='bbox 906 3112 1026 3145; x_wconf 88' lang='lat' dir='ltr'>verius</span> <span class='ocrx_word' id='word_1_514' title='bbox 1059 3113 1288 3151; x_wconf 84' lang='lat' dir='ltr'>asseruntur;</span> <span class='ocrx_word' id='word_1_515' title='bbox 1324 3110 1366 3143; x_wconf 87' lang='lat' dir='ltr'>de</span> <span class='ocrx_word' id='word_1_516' title='bbox 1393 3119 1462 3153; x_wconf 88' lang='lat' dir='ltr'>qua</span> <span class='ocrx_word' id='word_1_517' title='bbox 1487 3119 1525 3141; x_wconf 91' lang='lat' dir='ltr'>re</span> <span class='ocrx_word' id='word_1_518' title='bbox 1551 3108 1596 3141; x_wconf 89' lang='lat' dir='ltr'>cf.</span> <span class='ocrx_word' id='word_1_519' title='bbox 1624 3107 1729 3141; x_wconf 87' lang='lat' dir='ltr'>etiam</span> <span class='ocrx_word' id='word_1_520' title='bbox 1757 3109 1832 3141; x_wconf 76' lang='lat' dir='ltr'>Jos.</span> <span class='ocrx_word' id='word_1_521' title='bbox 1860 3101 1978 3148; x_wconf 64' lang='lat' dir='ltr'>Sus-ta,</span> 
     </span>
     <span class='ocr_line' id='line_1_51' title="bbox 238 3160 1663 3203; baseline -0.002 -7"><span class='ocrx_word' id='word_1_522' title='bbox 238 3162 301 3196; x_wconf 91' lang='lat' dir='ltr'>Die</span> <span class='ocrx_word' id='word_1_523' title='bbox 328 3162 504 3196; x_wconf 73' lang='lat' dir='ltr'>romische</span> <span class='ocrx_word' id='word_1_524' title='bbox 531 3163 635 3196; x_wconf 84' lang='lat' dir='ltr'>Curie</span> <span class='ocrx_word' id='word_1_525' title='bbox 662 3165 733 3198; x_wconf 87' lang='lat' dir='ltr'>und</span> <span class='ocrx_word' id='word_1_526' title='bbox 759 3165 822 3198; x_wconf 87' lang='lat' dir='ltr'>das</span> <span class='ocrx_word' id='word_1_527' title='bbox 850 3164 971 3198; x_wconf 86' lang='lat' dir='ltr'>Concil</span> <span class='ocrx_word' id='word_1_528' title='bbox 998 3175 1067 3197; x_wconf 89' lang='lat' dir='ltr'>von</span> <span class='ocrx_word' id='word_1_529' title='bbox 1094 3163 1219 3197; x_wconf 87' lang='lat' dir='ltr'>Trient</span> <span class='ocrx_word' id='word_1_530' title='bbox 1244 3163 1269 3203; x_wconf 91' lang='lat' dir='ltr'>I,</span> <span class='ocrx_word' id='word_1_531' title='bbox 1297 3162 1403 3195; x_wconf 88' lang='lat' dir='ltr'>Wien</span> <span class='ocrx_word' id='word_1_532' title='bbox 1431 3160 1531 3200; x_wconf 79' lang='lat'>1904,</span> <span class='ocrx_word' id='word_1_533' title='bbox 1558 3160 1663 3194; x_wconf 77' lang='lat' dir='ltr'>xxxl.</span> 
     </span>
    </p>
   </div>
  </div>
 </body>
</html>
