2077 3461
923 711 960 752 V

124 798 504 856 DESCRIPTIO
542 800 820 856 CODIOUM
858 800 1049 856 MANU
1087 799 1497 856 SCRIPTORUM
1534 801 1607 857 IN
1645 802 1773 859 HOC

526 881 867 937 VOLUMINE
905 881 1375 937 ADHIBITORUM.

189 993 257 1034 Ad
296 992 420 1034 huius
461 991 688 1033 voluminis
730 991 939 1046 epistulas
980 995 1165 1045 actaque
1206 992 1447 1046 colligenda
1488 997 1532 1036 et
1569 994 1827 1038 illustranda

72 1057 253 1100 adhibiti
284 1061 385 1099 sunt
410 1059 501 1099 132
536 1071 594 1098 co
608 1057 725 1099 dice
740 1071 760 1098 s
792 1056 1074 1110 fasciculique
1096 1071 1226 1099 manu
1248 1058 1413 1112 scripti,
1447 1058 1518 1112 qui
1540 1059 1583 1100 in
1606 1060 1825 1103 variarum

71 1127 285 1166 terrarum
319 1121 568 1164 archivis
600 1121 1082 1175 bibliothecisque
1114 1124 1177 1163 45
1212 1125 1515 1166 asservantur:

72 1216 420 1270 Antverpiae
451 1215 495 1257 in
526 1230 673 1257 museo
706 1215 975 1269 plantiniano
1010 1215 1095 1268 (1);

75 1284 361 1335 Augustae
394 1281 812 1322 Vindelicorum
857 1280 1127 1333 (Augsburg)
1168 1281 1211 1322 in
1255 1281 1442 1324 archivis
1483 1282 1628 1325 curiae
1661 1284 1824 1338 episco-

189 1346 300 1401 palis
332 1345 395 1398 (2)
429 1348 473 1388 et
504 1345 729 1398 fuggerico
763 1345 848 1398 (1);

72 1412 333 1454 Coloniae
380 1410 727 1464 Agrippinae
774 1410 924 1463 (Koln)
972 1410 1014 1451 in
1067 1410 1254 1452 archivis
1307 1411 1517 1454 ecclesiae
1568 1413 1827 1466 parochialis

188 1477 236 1519 B.
261 1476 318 1518 M.
342 1475 393 1518 V.
418 1475 459 1516 in
494 1475 660 1517 caelum
694 1477 943 1529 assumptae
977 1474 1054 1527 (2),
1088 1475 1292 1517 historico
1324 1476 1442 1518 urbis
1475 1476 1553 1530 (5),
1586 1478 1825 1520 studiorum

188 1541 466 1583 fundatorum
499 1540 585 1593 (4);

72 1606 374 1649 Cracoviae
415 1605 458 1646 in
490 1605 752 1647 bibliotheca
785 1605 1085 1647 universitatis
1116 1605 1400 1658 iagellonicae
1432 1605 1495 1658 (1)
1529 1609 1572 1648 et
1604 1607 1647 1649 in
1679 1622 1826 1651 museo

186 1670 391 1726 principis
424 1670 701 1723 Czartoryski
734 1669 820 1723 (3);

72 1737 330 1790 Dilingae
361 1735 405 1776 in
437 1735 696 1777 bibliotheca
728 1735 849 1788 regia
883 1735 971 1788 (2);

70 1801 457 1853 Frauenburgi
488 1800 531 1842 in
566 1799 741 1842 archivo
775 1800 1007 1854 episcopali
1041 1800 1127 1851 (2):

70 1866 329 1920 Friburgi
362 1865 698 1918 Brisgoviae
730 1865 774 1906 in
807 1864 983 1906 archivo
1017 1864 1162 1906 curiae
1194 1865 1574 1920 archiepiscopalis
1607 1868 1691 1919 (1);

70 1931 330 1984 Friburgi
362 1931 751 1972 Helvetiorum
784 1930 826 1970 in
858 1930 1120 1972 bibliotheca
1151 1930 1412 1984 reipublicae
1446 1930 1531 1983 (1);

71 1997 281 2040 Gothae
312 1996 354 2037 in
388 1995 649 2037 bibliotheca
682 1995 822 2036 ducali
855 1995 941 2048 (1);

71 2060 478 2115 Guelpherbyti
511 2059 866 2113 (Wolfenbiittel)
898 2060 942 2101 in
975 2059 1235 2101 bibliotheca
1267 2060 1408 2102 ducali
1441 2061 1527 2114 (1);

72 2124 360 2180 Herbipoli
402 2125 684 2178 (Wiirzburg)
726 2124 768 2166 in
811 2124 997 2167 archivis
1040 2125 1183 2167 curiae
1225 2125 1481 2179 episcopalis
1514 2126 1577 2180 (1)
1619 2131 1662 2169 et
1703 2127 1823 2180 regio

186 2191 278 2234 sive
299 2189 569 2232 Franconiae
590 2189 806 2231 inferioris
830 2189 893 2243 (4)
917 2193 961 2231 et
982 2190 1024 2230 in
1055 2189 1391 2243 ‚‚registratura“
1413 2190 1713 2234 universitatis
1737 2192 1821 2245 (1);

69 2255 410 2310 Ingolstadii
442 2254 485 2295 in
519 2254 693 2296 archivo
727 2254 936 2296 ecclesiae
968 2254 1229 2308 parochialis
1262 2255 1310 2297 Β.
1336 2255 1391 2297 M.
1418 2256 1468 2297 V.
1504 2255 1589 2307 (1);

69 2320 299 2363 Londini
332 2320 373 2361 in
406 2332 553 2360 museo
586 2318 828 2360 britannico
862 2318 951 2371 (3);

68 2384 437 2436 Luxemburgi
470 2384 513 2425 in
545 2383 804 2426 bibliotheca
837 2384 1008 2438 publica
1041 2383 1127 2436 (1);

72 2451 384 2502 Maihingae
428 2449 471 2489 in
512 2448 773 2490 bibliotheca
804 2448 1041 2503 principum
1075 2449 1127 2490 de
1161 2449 1702 2502 Oettingen-NVallerstein
1735 2450 1820 2503 (1);

68 2514 530 2558 Mariae-Arbore
583 2514 899 2565 (Marienbaum
952 2514 994 2555 in
1043 2514 1249 2555 Borussia
1300 2514 1510 2565 rhenana)
1558 2515 1598 2555 in
1647 2515 1822 2556 archivo

186 2579 393 2622 ecclesiae
425 2578 685 2632 parochialis
718 2577 803 2632 (2);

70 2644 389 2698 Moguntiae
421 2643 464 2684 in
497 2643 756 2686 bibliotheca
788 2644 952 2685 urbana
985 2644 1071 2695 (2);

70 2709 343 2752 Monachii
384 2708 426 2749 in
468 2707 643 2749 archivo
684 2708 807 2761 regni
840 2708 1031 2749 bavarici
1064 2708 1156 2749 sive
1195 2707 1551 2757 „Reichsarchiv“
1590 2707 1652 2761 (5)
1696 2712 1739 2750 et
1779 2710 1823 2750 in

186 2773 454 2816 bibliothecis
496 2772 618 2825 regia
658 2772 749 2814 sive
798 2773 929 2822 „Hof-
971 2773 1056 2814 und
1091 2772 1504 2815 Staatsbibliothek“
1543 2773 1606 2825 (2)
1648 2776 1691 2816 et
1732 2774 1821 2815 uni-

185 2838 408 2880 versitatis
442 2837 527 2890 (2);

69 2902 399 2946 Monasterii
430 2902 882 2955 WVestphalorum
917 2902 958 2943 in
993 2902 1168 2943 archivo
1201 2901 1321 2954 regio
1355 2902 1439 2953 (1);

71 2968 398 3020 Noviomagi
430 2967 472 3008 in
506 2967 680 3009 archivo
714 2967 830 3008 urbis
864 2966 952 3019 (2);

70 3032 379 3084 Osnaburgi
413 3032 455 3073 in
489 3031 664 3073 archivo
697 3032 816 3083 regio
850 3032 935 3084 (1);

70 3095 338 3150 Ottingae
387 3096 600 3139 veteris
648 3095 905 3148 (Altotting)
954 3095 995 3135 in
1041 3095 1302 3137 monasterio
1347 3097 1568 3150 superiore
1613 3097 1701 3138 iffi.
1738 3097 1817 3138 PP.

186 3160 496 3215 Capucinorum
530 3161 614 3213 (l);
