2077 3461
258 198 337 238 128
738 192 837 226 1259.
866 191 1030 226 Canisius
1057 190 1090 225 S.
1110 189 1298 224 Francisco
1314 173 1366 222 *de
1392 187 1532 231 Borgia.

252 313 465 368 pectanda
506 312 730 354 literarum
763 310 1036 364 expeditione
1052 310 1077 359 1,
1113 321 1219 361 quas
1251 307 1461 348 hactenus
1503 308 1546 348 et
1578 319 1657 358 ego
1700 318 1753 346 ex
1786 305 1889 346 urbe
1920 318 2005 346 non

251 378 411 420 adferri
445 377 580 426 doleo,
614 379 713 430 post
744 378 811 418 tot
842 378 1075 427 tantasque
1106 371 1424 426 promissiones.

374 442 526 484 Dicam
574 441 626 483 de
673 440 861 494 Collegio
910 437 1234 492 Herbipolensi,
1289 435 1400 489 quod
1446 434 1695 489 priusquam
1740 434 2006 484 instituatur,

254 507 552 550 animaduerto
601 505 873 559 diligentiore
921 503 1105 557 quadam
1152 501 1418 556 inspectione
1465 499 1547 541 loci
1593 514 1668 541 seu
1715 498 1963 552 monasterij
1977 499 2007 548 2,

253 572 365 626 quod
405 572 566 614 nostris
607 570 907 625 applicabitur,
951 582 1057 622 opus
1100 580 1206 610 esse.
1270 566 1384 608 Nam
1423 568 1596 607 veteres
1637 564 1727 606 eius
1766 564 1849 606 loci
1888 563 2010 605 habi-

253 637 442 680 tationes
482 651 567 679 non
608 636 715 678 satis
755 637 910 689 patent
943 633 1042 683 Soli,
1087 646 1136 674 ac
1178 631 1354 673 nimium
1386 630 1429 672 in
1461 633 1579 672 terra
1610 629 1821 683 profunde
1852 629 2009 677 iacent,

255 715 542 756 magnamque
573 700 857 742 mutationem
890 698 1126 751 requirunt,
1170 699 1214 738 et
1245 697 1465 749 sumptusfl
1496 694 1610 736 forte
1641 693 1838 744 maiores,
1883 707 2009 746 quarn

255 767 493 821 Episcopus
516 766 622 808 velit
644 764 933 818 suppeditare.
977 761 1222 804 Cuiusmodi
1244 760 1524 803 difficultates
1557 773 1651 800 curn
1684 773 1763 812 ego
1796 758 1834 799 ei
1867 772 2010 800 coram

256 845 529 886 exponerem,
573 842 811 882 causasque
851 827 1104 882 proferrem,
1148 840 1223 868 cur
1263 825 1400 868 nostri
1442 825 1495 866 ad
1528 826 1756 866 venturam
1799 826 2011 865 aestatem

256 897 408 939 adesse
440 910 524 936 non
557 897 747 949 possent,
780 893 966 935 nondum
998 890 1244 934 constitutis
1278 889 1499 940 classibus,
1533 902 1671 941 neque
1704 889 1861 942 parata
1892 886 2013 928 nobis

257 961 537 1011 habitatione,
580 959 755 1013 rogavit
785 958 858 1000 ille
891 957 1133 1006 admodum,
1176 958 1225 997 ut
1255 955 1299 996 in
1331 954 1472 997 reditu
1504 967 1598 995 meo
1632 952 1823 994 venirem
1857 951 2014 994 Herbi—

257 1026 400 1080 polim,
444 1040 494 1067 ac
533 1017 585 1067 de
616 1024 774 1067 futuris
807 1022 1014 1076 aedificijs
1047 1035 1221 1075 agerem
1255 1019 1518 1073 diligentius
1582 1019 1743 1060 Verum
1776 1018 2014 1072 expectabo

258 1105 509 1145 responsum
542 1089 823 1132 Reuerendae
856 1088 901 1130 P.
937 1088 998 1138 T.‚
1042 1092 1089 1128 ut
1122 1087 1291 1128 statuat
1330 1084 1514 1138 primum
1548 1083 1599 1125 de
1631 1084 1806 1126 Summa
1838 1081 2014 1136 negotij,

260 1170 368 1209 quae
391 1155 432 1196 in
456 1156 527 1197 illo
551 1154 716 1196 versari
739 1154 924 1203 videtur,
949 1166 1075 1206 quam
1100 1151 1267 1192 demum
1291 1163 1411 1204 spem
1435 1149 1548 1191 dicto
1572 1147 1785 1202 Episcopo
1808 1147 2016 1201 praebere

262 1220 465 1262 debeamb
498 1220 549 1261 de
582 1223 828 1261 nostrorum
861 1218 1064 1260 aduentu.
1127 1215 1326 1257 Postulat
1362 1214 1434 1255 ille
1467 1213 1573 1255 certi
1605 1213 1766 1266 aliquid
1799 1211 2015 1261 constitui,

262 1284 518 1339 praesertim
559 1287 607 1326 ut
647 1283 826 1325 veniant
868 1283 963 1332 duo,
1007 1285 1051 1324 et
1083 1294 1137 1322 ex
1174 1279 1240 1321 his
1273 1278 1550 1320 concionator
1581 1291 1690 1319 unus
1724 1276 2016 1325 Germanicus,

264 1350 334 1404 qui
366 1364 487 1391 suam
522 1349 651 1392 etiam
686 1349 787 1390 dent
820 1361 995 1402 operam
1027 1347 1200 1388 futurae
1222 1346 1467 1387 structurae
1488 1342 1647 1384 rectius
1679 1341 2017 1396 promouendae:

264 1415 490 1469 pollicetur
521 1429 568 1456 se
599 1414 748 1469 paucis
780 1413 997 1455 mensibus
1029 1410 1324 1453 absoluturum
1358 1408 1524 1450 edificia
1554 1409 1647 1449 tum
1680 1406 1894 1457 classium,
1926 1408 2018 1448 tum

266 1480 442 1533 Collegij
485 1479 634 1529 nostri,
677 1479 711 1520 si
744 1478 876 1520 semel
919 1479 1177 1518 conuentum
1218 1473 1370 1515 fuerit:
1413 1473 1488 1514 sed
1526 1471 1875 1526 operaeprecium
1909 1484 2017 1520 6556,

266 1547 315 1586 ut
358 1544 634 1586 concionator
677 1542 814 1585 veluti
856 1555 1113 1596 praecursor
1156 1539 1291 1589 adsit,
1340 1551 1390 1579 ac
1435 1536 1553 1590 vulgi
1602 1536 1767 1579 animos
1810 1534 1932 1577 nobis
1976 1537 2021 1577 et

267 1609 455 1662 Collegio
488 1608 627 1662 magis
667 1608 890 1661 magisque
923 1605 1143 1648 conciliet:
1186 1605 1465 1657 impetratum
1498 1615 1609 1643 nunc
1641 1615 1735 1643 esse
1768 1614 2021 1642 consensum

268 1674 590 1724 Canonicorum,
617 1676 665 1716 ut
686 1674 767 1715 hoc
790 1672 1023 1725 Collegium
1049 1670 1169 1712 nobis
1192 1673 1236 1711 et
1258 1667 1464 1711 Societati
1487 1666 1727 1721 applicetur
1739 1667 1768 1716 3,
1801 1665 2021 1719 ingentem

268 1740 392 1782 huius
424 1739 644 1781 Ecclesiae
684 1738 988 1780 necessitatem
1031 1736 1091 1778 sic
1123 1735 1356 1789 postulare,
1398 1735 1447 1774 ut
1477 1734 1647 1774 mature
1679 1731 1935 1773 accedamus
1968 1729 2022 1771 ad

270 1806 381 1846 hanc
403 1805 574 1845 vineam
607 1804 913 1851 excolendam,
948 1815 1031 1843 11011
1065 1800 1310 1842 defuturum
1333 1796 1493 1839 nostris
1526 1810 1632 1849 quos
1663 1795 1784 1838 initio
1818 1798 2022 1847 quatuor-

272 1870 408 1912 decim
441 1868 554 1910 mitti
586 1869 820 1922 postulant,
861 1867 972 1908 unde
1005 1865 1116 1919 quod
1149 1864 1267 1906 vitae
1300 1865 1343 1905 et
1375 1861 1562 1915 Collegio
1595 1861 1702 1903 satis
1734 1860 1791 1901 sit
1821 1859 2022 1901 habeant.

389 1934 562 1976 Interea
593 1946 698 1974 vero
738 1932 816 1974 has
854 1930 1021 1985 reperio
1054 1929 1346 1971 difficultates.
1409 1927 1474 1968 De
1507 1925 1637 1968 certis
1669 1923 1948 1979 prouentibus
1981 1925 2024 1964 et

273 1999 449 2052 Collegij
498 1997 718 2040 dotatione
764 1997 925 2038 nullam
973 1996 1182 2037 hactenus
1228 1992 1489 2034 mentionem
1536 1990 1722 2039 faciunt,
1776 1988 1855 2031 etsi
1903 1987 2024 2030 nobis

274 2063 471 2106 vacantis
501 2065 592 2104 tam
625 2061 696 2104 diu
728 2060 978 2113 monasterij
1011 2061 1122 2101 bona
1156 2058 1310 2099 debere
1342 2057 1584 2098 videantur.
1647 2054 1822 2102 Parcus,
1865 2052 1900 2094 si
1942 2066 2025 2094 11011

274 2134 429 2178 tenaX,
475 2127 712 2181 Episcopus
755 2140 849 2167 esse
891 2125 1066 2174 dicitur,
1113 2123 1224 2164 sicut
1265 2122 1355 2163 eius
1397 2119 1714 2163 Cancellarius4
1754 2117 1856 2159 mihi
1896 2116 2026 2158 fateri

274 2194 392 2235 visus
436 2196 515 2243 est,
560 2206 718 2244 rogans
762 2192 810 2232 ut
852 2190 971 2231 illum
1016 2189 1290 2230 admonerem
1335 2186 1387 2227 de
1430 2184 1661 2226 maioribus
1702 2182 1942 2236 sumptibus
1982 2181 2023 2222 in

276 2258 451 2312 Collegij
494 2259 759 2299 structuram
801 2254 1081 2296 conferendis.
1145 2251 1392 2294 Paratiores
1434 2249 1633 2291 uidentur
1665 2248 1718 2290 ad
1750 2247 2025 2289 Conuictores

276 2327 479 2366 externos
522 2336 649 2375 quam
692 2322 863 2362 nostros
904 2318 1112 2360 fouendos
1151 2320 1280 2369 atque
1321 2313 1680 2368 multiplicandos,
1752 2313 1832 2354 Est
1873 2310 2025 2352 ciuitas

275 2387 504 2430 haereticis
546 2385 813 2440 opinionibus
857 2384 1038 2425 multum
1082 2382 1258 2423 imbuta.
1331 2381 1411 2422 Est
1452 2379 1598 2420 Clerus
1642 2377 1839 2419 militaris
1884 2375 2025 2428 potius

277 2467 402 2506 quam
437 2450 685 2505 spiritualis,
721 2452 764 2491 et
786 2449 874 2490 suis
896 2448 1116 2489 abundant
1138 2445 1268 2499 vitijs.
1312 2444 1525 2496 Utrinque
1559 2446 1647 2484 tam
1680 2455 1705 2483 a
1737 2441 1864 2489 clerO,
1898 2453 2024 2491 quam

278 2533 303 2559 a
343 2517 500 2571 populo
541 2515 701 2557 nostris
741 2513 963 2555 imminere
1005 2511 1176 2553 videtur
1218 2509 1391 2551 difficile
1424 2508 1674 2560 variumque
1715 2506 1947 2553 certamen,
1990 2503 2024 2544 si

278 2596 455 2635 usquam
490 2581 580 2622 fere
614 2579 715 2621 alibi
746 2579 789 2620 in
814 2576 1055 2620 Germania.
1110 2575 1177 2616 Ex
1210 2574 1421 2615 nobilibus
1454 2586 1559 2625 quos
1580 2572 1623 2612 in
1644 2568 1885 2612 Franconia
1907 2568 2025 2609 vide-

280 2661 372 2688 mus
413 2660 506 2687 esse
548 2644 765 2698 plurimos,
809 2641 1051 2696 paucissimi
1091 2639 1297 2681 Catholici
1338 2637 1622 2691 reperiuntur,
1665 2634 1735 2686 qui
1776 2647 1876 2675 suos
1917 2632 2026 2673 filios

398 2743 425 2774 a)
448 2744 480 2767 In
501 2744 579 2767 ‹ti-cle.
600 2745 756 2766 correctum
777 2749 813 2765 ea:
832 2739 970 2772 sumptis.
1043 2737 1072 2767 1))
1094 2738 1139 2762 Sic
1158 2738 1187 2761 in
1208 2737 1287 2761 arch.
1307 2744 1380 2760 corr.
1401 2738 1441 2760 est
1461 2742 1496 2759 ea:
1516 2732 1686 2758 debeamus.

404 2856 411 2873 ¹
448 2854 524 2887 Hae
558 2854 700 2887 litterae
736 2851 952 2896 apostolicae
987 2850 1098 2884 Roma
1134 2849 1165 2883 3.
1198 2847 1410 2882 Novembris
1445 2845 1489 2879 ad
1525 2843 1705 2877 Canisium
1739 2841 1870 2875 missae
1907 2840 2025 2879 erant3

284 2906 364 2940 vide
390 2918 497 2950 supra
523 2918 554 2950 p.
585 2907 661 2940 121.

402 2960 415 2978 ‘³
440 2959 648 2993 Monasterii
674 2958 708 2992 S.
727 2958 889 3001 Agnetis,
916 2956 1007 3000 quod
1036 2955 1273 2989 Clarissarum
1299 2953 1437 2989 fuerat:
1464 2949 1545 2984 vide
1571 2959 1679 2992 supra
1706 2959 1738 2991 p.
1767 2947 1845 2980 121.

403 3012 415 3030 ³
441 3012 512 3044 Aut
537 3012 700 3045 Canisius
727 3010 883 3055 episcopi
909 3010 1019 3043 verba
1044 3020 1112 3041 11011
1140 3009 1235 3041 recte
1264 3005 1452 3044 intellexit,
1479 3004 1541 3036 aut
1565 3001 1625 3034 ille
1652 3002 1727 3044 ipse
1755 2999 1908 3039 erravit3
1934 3008 2026 3038 nam,

284 3066 323 3097 ut
358 3075 401 3096 ex
437 3064 569 3097 Canisii
604 3064 734 3097 litteris
773 3062 978 3107 (prioribus)
1019 3062 1072 3095 17.
1101 3059 1233 3104 Aprilis
1263 3058 1349 3092 1567
1387 3057 1430 3090 ad
1465 3054 1632 3097 Borgiam
1668 3052 1761 3086 datis
1794 3050 2026 3093 intellegitur,

285 3116 383 3150 nulla
408 3128 491 3160 spes
517 3118 594 3149 erat
618 3116 723 3149 huius
750 3126 918 3149 assensus
945 3113 1169 3158 impetrandi.

404 3171 416 3189 4
444 3168 633 3202 Balthasar
659 3169 702 3201 ab
728 3168 843 3200 Hellu.
