2045 3471
185 180 269 221 578
508 176 603 210 Mon.
623 176 692 210 672
719 175 796 210 sive
822 187 904 219 aug.
926 176 960 219 (c
979 176 1030 219 8).
1069 176 1168 210 Inter
1194 175 1225 210 8.
1245 178 1281 209 et
1308 175 1362 209 17.
1381 174 1504 209 Martii
1524 175 1625 209 1566.

183 297 239 338 ha
271 296 476 338 mandato
509 310 535 337 a
566 295 739 337 inuitar’
770 295 838 337 doi
871 298 894 337 o
927 300 995 338 tre
1028 295 1168 345 nolte,
1209 296 1280 336 ma
1323 294 1504 336 essendo
1547 293 1653 336 stati
1695 293 1836 346 questi
1878 292 1947 334 doi

184 361 322 414 giorni
356 360 561 403 chiamati
585 360 656 402 dal
688 360 835 413 legato
869 363 913 403 et
946 361 1016 402 dal
1039 359 1221 410 Nuncio,
1255 373 1342 400 non
1373 358 1601 400 habbiamo
1634 361 1812 412 possuto
1845 358 1946 400 obe-

184 426 274 467 dire
306 425 443 467 insino
477 427 503 466 a
533 425 679 478 hoggi.

302 516 357 550 Ab
384 519 555 551 autumno
591 528 621 551 a.
651 517 742 551 1565
767 528 882 561 usque
908 517 952 551 ad
978 528 1043 551 ver
1078 528 1108 550 a.
1138 516 1225 550 1571
1255 514 1442 560 apostolici
1468 515 1562 559 apud
1588 515 1874 549 Maximilianum
1900 515 1946 549 11.

183 569 299 604 nuntii
333 569 490 604 officium
525 569 672 604 tenebat
698 569 873 604 Melchior
908 581 1026 604 comes
1061 570 1104 603 de
1129 569 1249 612 Biglia
1284 569 1549 613 protonotarius
1585 568 1813 613 apostolicus.
1864 567 1946 601 Phi-

182 622 270 668 lippi
296 623 340 657 11.
367 623 565 668 Hispaniae
599 623 696 667 regis
731 625 909 658 oratorem
943 623 1037 667 apud
1073 622 1359 656 Maximilianum
1397 632 1417 655 a
1450 633 1496 655 111.
1524 621 1654 655 Martio
1684 622 1773 656 1565
1809 621 1853 655 ad
1879 620 1946 654 De-

183 676 363 710 cembrem
391 677 481 712 1570
516 676 648 720 agebat
683 676 840 711 Thomas
865 676 1038 711 Perrenot
1073 676 1115 710 de
1143 675 1390 720 Chantonnay‚
1426 675 1538 708 frater
1573 674 1766 709 cardinalis
1800 673 1947 708 Antonii

182 730 357 764 Perrenot
375 730 418 764 de
437 729 644 764 Granvella.
685 729 738 763 Ex
756 729 898 763 Natalis
916 731 1036 763 autem
1056 729 1176 762 verbis
1195 728 1316 771 colligi
1336 739 1439 773 posse
1466 727 1619 769 videtur,
1655 739 1734 762 cum
1753 727 1884 761 Natale
1910 729 1948 760 et

182 782 357 817 Ledesma
392 783 499 817 etiam
534 783 651 827 ipsum
679 782 861 817 Canisium
895 794 965 816 non
997 782 1112 816 solum
1139 782 1231 826 apud
1259 781 1389 815 Biliam
1414 781 1591 822 nuntium,
1627 781 1690 815 sed
1716 781 1822 814 etiam
1851 779 1946 825 apud

184 834 484 870 Commendonum
523 836 742 870 cardinalem
781 838 816 870 et
854 836 948 881 apud
987 835 1235 869 Perrenotium
1275 838 1452 869 oratorem
1490 845 1650 868 cenasse.
1710 834 1744 868 S.
1780 833 1867 867 Pius
1901 833 1944 867 V.

183 888 445 924 Commendono
471 890 718 930 mandaverat,
744 891 784 923 ut
810 889 840 923 si
866 889 951 933 quid
978 889 1021 923 ab
1048 889 1263 933 imperatore
1282 889 1475 933 impetrare
1496 887 1615 928 vellet,
1642 886 1842 921 Perrenotii
1865 898 1945 920 con-

183 942 261 977 silio
289 944 324 976 et
350 942 485 977 auxilio
512 945 675 976 uteretur
704 942 891 985 (Rq-oquae?
916 942 938 976 1.
967 955 994 976 c,
1023 941 1082 986 [cf.
1109 953 1218 986 supra
1244 953 1276 986 p.
1304 940 1387 985 238]
1414 941 1448 974 11
1477 940 1691 984 181-182).

184 1095 289 1132 672
315 1096 394 1130 sive
421 1104 543 1140 aug.
565 1095 616 1140 (c
637 1094 714 1140 8).
788 1096 891 1131 Inter
917 1095 950 1131 8.
977 1096 1014 1130 et
1039 1094 1085 1130 17.
1105 1094 1229 1131 Martii
1255 1094 1350 1130 1566.

301 1184 357 1218 Ex
383 1184 579 1229 archetypo
605 1196 626 1218 a
652 1183 691 1218 P.
711 1183 845 1218 Didaco
864 1184 1023 1218 Jimenez
1050 1184 1084 1218 S.
1105 1184 1137 1218 J.
1157 1183 1291 1228 scripto
1318 1186 1353 1217 et
1379 1195 1400 1218 a
1426 1183 1555 1217 Natale
1581 1183 1795 1228 subscripto.
1838 1183 1941 1226 „EN‘

183 1251 214 1272 n.
236 1238 314 1273 103.
365 1237 485 1272 Etiam
511 1238 546 1270 in
574 1237 661 1282 Epp.
690 1238 811 1271 Naclal
836 1237 887 1271 III
914 1237 1064 1271 24-26.
1118 1237 1282 1282 Epistula
1308 1248 1396 1271 usus
1423 1239 1477 1270 est
1504 1237 1711 1281 Sace-hintes,
1738 1237 1832 1271 Hist.
1861 1236 1893 1272 S.
1910 1238 1943 1272 J.

185 1291 243 1332 111,
270 1291 291 1325 1.
320 1292 351 1333 2,
378 1303 411 1325 11.
439 1291 494 1325 23.

302 1373 372 1407 ΡΡ.
407 1373 552 1406 Natalis
586 1377 616 1406 et
655 1373 821 1406 Ccmisias
856 1374 1159 1416 archiepiscopum
1198 1375 1441 1416 ncossatzte'mmz
1480 1374 1610 1406 adeant
1647 1374 1729 1416 (slat
1763 1373 1944 1417 eolleyiam

184 1428 427 1469 mogmntinam
465 1430 494 1458 et
529 1426 568 1459 P.
605 1427 706 1459 Azcer
745 1431 910 1459 rectorem
951 1427 1095 1466 laudat)
1136 1430 1166 1458 et
1203 1427 1301 1469 apud
1340 1428 1531 1468 Georyium
1566 1427 1770 1469 Fuqyerum
1808 1432 1942 1460 cenant.

186 1479 372 1512 Canislam
405 1480 528 1521 mayni
559 1480 702 1521 faciant
728 1480 927 1512 cardinalis
956 1480 1244 1523 Commcndonus,
1282 1481 1379 1512 Billa
1410 1481 1556 1512 mentius
1591 1480 1811 1522 apostolicus,
1840 1481 1946 1522 prin-

183 1534 275 1575 cipes
301 1532 474 1565 catholici.
525 1532 623 1565 Idem
649 1533 849 1565 cardinalis
876 1535 910 1565 in
939 1533 1079 1565 ecclesia
1107 1533 1305 1565 cathedrali
1334 1534 1478 1566 Cantsio
1498 1537 1643 1575 peccata
1671 1533 1864 1574 confitetur.

300 1621 493 1674 Natalis,
537 1635 629 1662 cum
661 1623 853 1675 Auyusta
888 1625 926 1663 ,9.
952 1623 1105 1663 Martii
1137 1624 1251 1663 1560·
1292 1622 1470 1663 Romam
1512 1624 1569 1663 aa
1601 1623 1644 1664 S.
1669 1623 1944 1664 Franciscum

184 1687 235 1727 (le
266 1686 427 1740 Boryia
454 1687 743 1740 praepositam
771 1688 1007 1740 yeaeralem
1039 1688 1200 1728 litteras
1235 1687 1429 1737 dedisset,
1463 1687 1656 1741 Aayasta
1690 1689 1758 1730 16.
1792 1688 1947 1729 Martii

183 1752 299 1792 1566
338 1751 489 1791 iterum
531 1752 662 1792 eidem
705 1753 900 1805 scripsit;
943 1753 985 1792 in
1027 1752 1177 1806 quibus
1218 1754 1368 1793 litteris
1400 1751 1571 1793 Natalis
1611 1753 1713 1793 haec
1753 1753 1812 1793 ad
1853 1767 1944 1794 eum

184 1817 340 1857 rettulit
373 1815 422 1857 cle
454 1816 635 1856 Daniele
666 1816 852 1857 Brenclel
885 1817 1193 1871 archiepiscopo
1226 1822 1262 1858 et
1296 1819 1461 1859 electore
1493 1819 1745 1871 moquntino,
1788 1818 1944 1860 [fr-sula

184 1881 234 1921 (le
255 1880 535 1921 Liclztenvstein
562 1880 807 1934 Georyz'lII.
832 1881 873 1921 F
874 1883 1016 1935 ayyeri
1046 1895 1190 1932 acore,
1225 1883 1442 1923 cardinali
1476 1882 1779 1923 Commenclono
1812 1883 1946 1937 leyato

180 1945 402 2000 pontificio,
437 1945 662 1986 Allelclziore
683 1946 801 1987 Bilta
826 1948 972 1987 nuntio
995 1948 1241 2001 apostolico:
1274 1945 1515 1988 Habbiamo
1539 1946 1716 1988 visitato
1739 1946 1781 1988 Jl
1806 1946 1944 1988 Padre

183 2008 351 2051 Canisio
394 2011 438 2051 et
469 2009 509 2050 io
543 2009 925 2051 all’Arciuescouo
970 2010 1011 2051 di
1043 2011 1284 2064 Maguntia,
1328 2011 1363 2052 Il
1396 2011 1523 2064 quale
1564 2011 1600 2052 ci
1642 2011 1832 2054 riceuete
1865 2025 1944 2052 con

183 2074 317 2116 molta
348 2074 573 2127 benignita
605 2078 649 2116 et
682 2077 704 2115 e
736 2075 869 2116 molto
903 2078 1107 2118 contento
1141 2076 1207 2118 del
1241 2090 1318 2118 suo
1344 2075 1533 2129 Collegio
1566 2076 1680 2118 della
1712 2090 1790 2117 sua
1823 2076 1944 2126 01113,

183 2142 226 2181 01
259 2139 327 2180 del
360 2139 500 2180 Padre
532 2139 692 2181 Dottor
723 2138 957 2182 Lamberto
990 2140 1173 2183 Rettore
1216 2141 1256 2182 di
1299 2141 1441 2193 quello
1474 2140 1552 2182 che
1584 2141 1737 2182 adesso
1768 2141 1946 2194 predica

181 2203 224 2244 in
249 2202 384 2257 Spira.
407 2239 413 2245 .
437 2239 442 2245 .
466 2238 474 2245 .
528 2203 649 2245 Hieri
672 2203 709 2245 01
731 2204 867 2246 11111110
901 2207 926 2246 a
957 2219 1116 2259 pranso
1149 2206 1192 2247 la
1214 2206 1398 2259 Signora
1420 2205 1615 2247 Fuchera
1647 2208 1692 2247 et
1720 2205 1945 2247 andasimo

181 2269 225 2310 J1
256 2268 396 2310 Padre
428 2268 597 2310 Canisio
631 2271 674 2311 et
705 2269 772 2319 Jo,
808 2271 852 2311 et
882 2269 913 2310 il
946 2269 1126 2323 Signore
1157 2271 1332 2323 Giorgio
1354 2271 1575 2312 Fuccharo
1608 2284 1685 2311 suo
1717 2270 1874 2313 marito
1907 2271 1943 2312 ci

181 2333 371 2375 riceuete
404 2347 483 2374 con
515 2333 667 2386 grand'
686 2332 909 2376 humanita
948 2336 992 2376 et
1024 2335 1337 2377 beneuolentia.
1364 2371 1370 2377 .
1399 2371 1406 2377 .
1434 2371 1441 2378 .
1504 2335 1548 2376 Jl
1580 2335 1720 2377 Padre
1751 2335 1945 2378 Maestro

183 2397 351 2439 Canisio
396 2400 467 2440 sta
510 2399 643 2447 bene;
799 2398 855 2440 ha
901 2400 1053 2453 grand'
1088 2400 1308 2442 authorita
1356 2414 1540 2454 appreso
1584 2400 1611 2440 l'
1639 2399 1944 2442 Jllustrissimo

182 2463 370 2515 Legato,
417 2466 461 2505 01
504 2462 880 2505 Reuerendissimo
926 2464 1113 2515 Nuntio,
1167 2468 1212 2506 01
1258 2465 1363 2508 111111
1410 2465 1441 2506 11
1484 2464 1683 2518 Prencipi
1728 2464 1941 2515 catholici,

184 2527 420 2569 confessasi
472 2541 551 2569 con
598 2527 657 2569 lui
709 2528 878 2581 publice
925 2529 1040 2571 nella
1087 2529 1231 2571 chiesa
1278 2529 1472 2582 magiore
1487 2532 1514 2579 1,
1571 2532 1614 2571 et
1661 2528 1753 2570 dice
1799 2543 1943 2571 messa

182 2592 351 2645 publice
397 2592 512 2634 nella
557 2593 725 2646 capella
772 2596 921 2635 nostra
965 2594 1005 2635 10
1049 2594 1161 2636 feste
1207 2597 1251 2636 01
1296 2594 1546 2636 (1011101110110
1586 2594 1613 2634 l'
1637 2593 1942 2636 Jllustrissimo

185 2656 364 2709 Legato.

303 2748 504 2783 cardinalis
529 2749 641 2792 igitur
669 2747 952 2784 Commendonus
987 2750 1022 2783 in
1049 2750 1202 2784 ecclesia
1229 2750 1428 2785 cathedrali
1455 2750 1597 2784 Canisio
1623 2752 1773 2794 peccata
1799 2750 1942 2784 confite-

185 2799 289 2833 batur
315 2803 351 2834 et
375 2800 411 2834 in
436 2801 570 2836 sacello
596 2802 630 2836 S.
649 2801 831 2836 Lamberti
857 2802 1003 2836 missam
1031 2803 1182 2838 dicebat.
1223 2803 1372 2838 Labitur
1398 2806 1518 2837 autem
1544 2804 1709 2846 Dorz'yny
1739 2802 1775 2845 (l.
1795 2814 1824 2836 c.
1843 2803 1941 2847 267),

185 2862 289 2894 quem
316 2856 515 2897 sequuntur
542 2855 678 2898 Python
706 2854 744 2898 (1.
765 2866 793 2888 0.
821 2855 919 2899 229),
946 2857 1060 2889 Boero
1089 2855 1126 2899 (1.
1152 2868 1180 2891 0.
1209 2857 1305 2900 296),
1333 2856 1394 2890 alii
1421 2856 1483 2900 (cf.
1501 2857 1602 2889 Riess
1626 2855 1649 2889 l.
1669 2867 1697 2889 0.
1725 2855 1941 2899 <sm—355),

187 2915 266 2937 cum
302 2905 344 2938 de
381 2905 522 2940 Canisio
557 2907 735 2941 affirmat:
776 2907 863 2949 „Les
901 2907 1105 2942 Cardinaux
1137 2909 1397 2951 Commendon,
1435 2911 1470 2943 et
1495 2908 1676 2942 Truchses
1703 2935 1708 2941 .
1737 2935 1744 2941 .
1772 2908 1943 2943 l’avoient

187 2956 297 2989 choisi
333 2969 375 2990 en
411 2959 629 3002 particulier‚
664 2971 753 3004 pour
788 2963 863 2994 0110
898 2961 931 2994 10
958 2961 1147 2996 Directeur
1173 2962 1215 2995 de
1241 2962 1318 2996 leur
1344 2962 1582 2996 conscience.“
1637 2960 1836 2995 Truchsess
1863 2973 1941 2996 con-

188 3008 378 3042 fessarium
404 3010 516 3044 Roma
542 3023 663 3045 secum
690 3012 890 3046 adduxerat
916 3014 955 3048 P.
982 3014 1202 3048 Ludovicum
1229 3015 1271 3048 de
1297 3015 1490 3055 Mendoza;
1516 3026 1550 3048 v,
1577 3025 1685 3058 supra
1712 3025 1744 3058 p.
1772 3014 1851 3048 216.

311 3136 320 3155 ¹
349 3135 401 3169 Cf.
430 3138 653 3181 ‚5:1·‹·l1imcm‚
682 3138 768 3173 Can.
795 3140 991 3181 229-230,
1019 3144 1053 3174 et
1080 3141 1162 3175 Hist
1190 3141 1223 3176 S.
1251 3143 1283 3177 J.
1309 3142 1370 3182 ΙΙΙ,
1398 3142 1421 3176 1.
1448 3142 1478 3183 2,
1506 3153 1538 3175 11.
1566 3141 1622 3175 23.
