2077 3461
249 181 352 210 XLVI

293 298 382 332 1565

292 409 381 444 1565

291 573 380 607 1565
423 608 425 628 l

291 685 380 719 1565

291 849 379 883 1565
422 828 424 850 ³

280 975 389 1014 1565
421 975 598 1017 ineunt.
614 989 666 1017 111.
679 976 787 1028 Aug.

290 1113 378 1146 1565
420 1109 422 1137 5

289 1272 377 1305 1565
420 1258 421 1319 j

289 1430 377 1464 1565

288 1536 376 1570 1565
418 1510 420 1591 ξ

287 1641 374 1675 1565
417 1633 419 1713 j

285 1855 374 1890 1565
416 1907 417 1916 ¹

285 1962 372 1995 1565
416 1943 417 1980 ἶ

286 2120 373 2154 1565

284 2232 372 2266 1565
415 2219 416 2257 3

283 2291 371 2324 1565
415 2292 416 2307 ³

284 2396 371 2430 1565
414 2433 415 2445 χ

272 2676 381 2716 1565

282 2943 370 2976 1565
414 2923 415 2954 ³

283 3048 371 3082 1565

704 181 765 215 ΙΙΙ.
792 180 949 215 Tabulae
975 181 1246 224 chronologicae
1271 181 1368 215 vitae
1395 181 1540 216 Oanisii.

546 298 610 332 Iul.
638 298 694 334 20.

546 410 610 443 lul.
639 410 693 444 23.

545 574 608 609 Iul.
637 575 682 608 ‘24

423 702 424 715 1
465 687 529 720 Iul.
549 687 616 725 24„
635 687 701 726 26„

543 851 606 885 Iul.
634 851 687 885 28.

543 1116 634 1157 Aug.
662 1115 693 1148 3.

538 1274 628 1317 Aug.
657 1274 688 1307 6.

539 1433 629 1476 Aug.
658 1433 688 1467 S.

531 1540 623 1582 Aug.
644 1540 697 1573 11.

531 1646 622 1687 Aug.
644 1645 698 1679 13.

517 2676 633 2728 Sept.
663 2677 697 2717 1.

533 2942 628 2987 Sept.
657 2943 686 2977 2.

532 3048 627 3092 Sept.
654 3049 686 3082 3.

833 298 935 332 Nova
965 299 1138 341 „formula
1165 298 1377 340 scribendi“,
1404 298 1725 333 Constitutionibus
1754 299 1790 333 in
1817 311 1856 333 eo
1882 298 1999 344 capite

892 351 1099 392 immutatis,
1128 351 1289 396 componi
1316 351 1458 385 iubetur
1487 352 1600 394 (754).

833 409 884 444 De
903 413 1009 444 cantu
1028 410 1160 444 missae
1186 412 1222 444 et
1239 421 1482 454 vesperarum,
1510 410 1551 444 de
1578 410 1847 445 seminariorum
1867 411 1999 456 episco—

890 463 1023 507 palium
1050 462 1275 504 admissione,
1303 463 1345 497 de
1370 464 1530 507 tempore
1556 464 1871 507 congregationum
1894 475 1997 507 gene-

891 515 1030 556 ralium,
1041 516 1148 549 rebus
1159 516 1311 550 multum
1327 515 1485 559 agitatis,
1497 515 1617 559 aliqua
1632 516 1871 550 decernuntur
1885 516 1996 559 (754).

833 573 1022 608 Incohatur
1057 574 1286 618 quatriduum
1325 574 1654 614 „inforinationun1“
1686 575 1730 608 ad
1764 586 1875 609 novos
1910 575 1997 609 assi-

889 629 1028 660 stentes
1053 627 1294 671 spectantium
1320 627 1432 670 (754).

770 714 775 720 .
832 685 961 729 Aliqua
996 685 1038 718 de
1068 686 1354 727 „assistentium“
1386 689 1421 719 et
1450 686 1720 728 „admonitoris“
1750 685 1922 721 electione
1956 698 1997 721 ac

890 739 932 771 (16
967 737 1204 772 universitate
1230 738 1415 773 valentina
1451 739 1702 784 expenduntur
1736 741 1772 772 et
1804 739 1996 774 decernun-

888 794 947 824 tur
975 790 1090 834 (754).

831 849 1005 891 Quattuor
1036 850 1288 891 „assistentes“
1319 853 1354 884 et
1388 851 1625 893 „admonitor“
1664 851 1858 895 praepositi
1891 862 1995 894 gene—

887 903 973 936 ralis
999 903 1181 946 eliguntur
1209 904 1321 947 (754).

829 974 871 1016 C.
906 974 1064 1028 aliique
1104 975 1392 1029 provinciales
1432 975 1619 1025 instant,
1661 979 1709 1017 ut
1750 975 1830 1017 sibi
1868 989 1993 1028 quam

887 1039 1069 1093 primum
1103 1040 1273 1082 domum
1305 1040 1445 1082 redire
1477 1040 1607 1082 liceat
1639 1039 1774 1094 (757).

828 1114 879 1148 De
905 1115 1076 1149 bonorum
1105 1115 1355 1150 distributione
1383 1116 1622 1156 constituitur,
1654 1118 1690 1150 et
1715 1115 1855 1158 collegii
1880 1115 1995 1149 herbi-

887 1167 1043 1212 polensis
1081 1169 1251 1203 admissio
1283 1169 1478 1214 praepositi
1510 1169 1688 1212 generalis
1730 1169 1877 1202 arbitrio
1919 1179 1993 1213 per-

885 1221 1041 1255 mittitur
1068 1222 1153 1264 (754
1179 1222 1275 1265 757).

828 1274 878 1308 De
905 1274 1015 1308 variis
1041 1274 1202 1318 collegiis
1237 1275 1374 1318 agitur:
1412 1275 1614 1320 praeposito
1650 1274 1808 1317 generali
1840 1274 1994 1308 facultas

886 1327 991 1361 datur
1025 1327 1167 1370 collegii
1204 1328 1388 1372 dilingani,
1423 1328 1493 1362 nisi
1527 1327 1655 1361 melius
1691 1328 1843 1368 dotetur,
1879 1327 1994 1361 dimit-

884 1381 981 1414 tendi
1011 1380 1095 1423 (754
1122 1382 1219 1422 757).

829 1433 1084 1475 „Definitores“
1114 1434 1294 1476 eliguntur
1320 1436 1356 1467 et
1385 1433 1588 1477 singulares
1613 1433 1750 1477 aliquot
1775 1444 1904 1467 causae
1938 1433 1995 1467 de-

883 1486 1055 1520 finiuntur
1085 1488 1196 1529 (754).

825 1539 876 1573 De
902 1539 1077 1573 sodalium
1105 1540 1140 1573 in
1168 1539 1329 1583 collegiis
1355 1551 1501 1573 numero
1527 1539 1700 1573 statuitur
1736 1541 1772 1572 et
1805 1539 1906 1573 varia
1935 1539 1994 1573 de-

883 1592 1084 1626 finitoribus
1111 1593 1384 1626 committuntur
1412 1592 1525 1635 (754).

824 1645 991 1679 Facultas
1018 1646 1257 1690 amplificandi
1284 1645 1396 1679 Sociis
1423 1648 1563 1690 tempus
1590 1645 1759 1679 orationis
1786 1645 1989 1689 praeposito

883 1698 1041 1739 generali
1070 1699 1123 1741 (re
1149 1710 1212 1743 per
1238 1699 1375 1742 aliquot
1401 1698 1478 1732 dics
1504 1698 1682 1740 discussa)
1711 1698 1833 1738 datum
1869 1697 1989 1741 aliqua

884 1751 1130 1786 definitoribus
1145 1752 1435 1791 committuntur;
1455 1751 1633 1794 aliquibus
1651 1751 1693 1784 de
1711 1750 1988 1793 congregatione

882 1805 1112 1848 permittitur,
1140 1807 1180 1838 ut
1205 1804 1241 1837 in
1267 1804 1421 1848 patriam
1447 1804 1594 1837 redeant
1621 1803 1732 1845 (754).

803 1866 805 1889 1
825 1857 1014 1901 Complura
1040 1857 1185 1900 negotia
1210 1860 1414 1891 tractantur
1449 1859 1484 1890 et
1510 1856 1734 1890 definitorum
1765 1867 1871 1889 curae
1897 1866 1988 1889 com-

883 1911 1075 1944 mittuntur
1104 1910 1215 1953 (754).

802 1963 990 2008 {Urgetun
1025 1965 1065 1996 ut
1091 1964 1320 2006 congregatio
1346 1962 1501 2003 finiatur,
1537 1964 1573 1996 et
1601 1964 1760 2002 cavetur,
1795 1973 1838 1994 ne
1865 1960 1984 1994 eadem

883 2018 964 2049 ante
990 2016 1095 2049 finem
1123 2016 1256 2050 mensis
1290 2015 1521 2055 terminetur;
1559 2014 1629 2048 alia
1664 2014 1838 2058 quaedam
1870 2014 1987 2047 decer-

880 2071 1013 2102 nuntur
1040 2070 1153 2112 (754).

803 2134 804 2152 ÷
824 2122 1062 2165 Congregatio
1077 2122 1153 2155 iure
1168 2122 1338 2156 bonorum
1354 2121 1586 2155 immobilium
1601 2121 1891 2164 possidendorum
1904 2131 1986 2163 quo-

881 2186 1033 2218 cumque
1059 2175 1254 2208 cedendum
1283 2186 1360 2208 esse
1379 2176 1502 2208 censet
1528 2176 1560 2207 et
1580 2173 1650 2207 alia
1668 2173 1853 2207 constituit
1873 2172 1985 2215 (754).

823 2234 903 2268 Alia
928 2234 1102 2277 quaedam
1128 2235 1262 2267 tractat
1287 2245 1353 2267 nec
1378 2236 1499 2267 tamen
1527 2233 1682 2266 absolvit
1709 2232 1822 2275 (754).

821 2292 873 2326 De
908 2292 1171 2329 definitoribus,
1211 2292 1483 2333 assistentibus,
1522 2292 1602 2326 aliis
1636 2291 1742 2325 rebus
1776 2290 1895 2334 aliqua
1930 2290 1986 2323 de-

880 2348 1074 2379 cernuntur
1103 2345 1214 2388 (755).

801 2398 978 2434 :Litterae
1014 2398 1293 2441 quadriinestres
1328 2398 1363 2430 in
1399 2398 1572 2439 „annnas“
1605 2398 1878 2431 convertuntur:
1915 2395 1986 2429 alia

883 2454 1101 2485 statuuntur.
1146 2451 1288 2484 Canisio
1315 2454 1351 2484 et
1376 2462 1438 2484 suo
1475 2453 1509 2484 et
1540 2450 1688 2484 aliorum
1714 2448 1984 2494 provincialium

879 2504 1019 2538 nomine
1044 2504 1211 2545 instante,
1249 2508 1290 2537 ut
1320 2503 1550 2546 congregatio
1576 2514 1620 2537 m.
1641 2504 1803 2545 Augusto
1829 2501 1984 2543 finiatur,

880 2557 1008 2601 placet,
1035 2559 1075 2590 ut
1101 2557 1131 2591 3.
1152 2556 1373 2600 Septembris
1399 2556 1619 2596 absolvatur,
1645 2554 1792 2597 reliquis
1808 2554 1914 2588 rebus
1940 2554 1983 2588 ad

880 2610 1084 2643 definitores
1114 2609 1257 2643 reiectis
1285 2609 1368 2651 (755
1396 2609 1491 2651 758).

823 2675 1033 2717 Petitione
1075 2675 1257 2726 quadam
1292 2673 1522 2715 cardinalis
1555 2672 1798 2725 Augustani
1836 2670 1981 2724 (quam

879 2739 1071 2780 Canisius
1124 2739 1177 2780 ad
1224 2738 1428 2791 Borgiam
1481 2736 1714 2788 detulerat)
1762 2736 1982 2789 proposita

879 2803 1157 2856 congregatio
1191 2802 1324 2844 Sociis
1364 2801 1595 2850 interdicit,
1637 2814 1690 2841 ne
1727 2800 1873 2849 „aulas
1914 2814 1981 2841 se-

800 2890 802 2926 5
879 2869 1107 2921 quantur“‚
1141 2867 1221 2908 nisi
1254 2868 1308 2909 ad
1340 2867 1471 2908 breve
1502 2869 1671 2918 tempus
1704 2863 1838 2915 (759).

800 2931 871 2979 JDe
906 2943 1024 2982 bonis,
1063 2942 1102 2976 P.
1138 2941 1278 2975 Natalis
1316 2941 1477 2982 scholiis,
1516 2940 1596 2974 aliis
1630 2939 1736 2972 rebus
1771 2938 1890 2982 aliqua
1925 2938 1981 2972 de-

878 2998 1071 3029 cernuntur
1099 2994 1212 3037 (755).

820 3048 1056 3091 Congregatio
1083 3048 1278 3087 constituit,
1314 3049 1355 3080 ut
1381 3046 1473 3080 Socii
1504 3045 1604 3087 „lites
1630 3044 1790 3078 forenses
1815 3044 1975 3086 fugiant‘*

799 3089 800 3099 ¹
878 3104 912 3135 et
947 3101 982 3134 in
1018 3100 1178 3134 doctrina
1214 3100 1409 3134 christiana
1445 3097 1655 3142 explicanda
1682 3097 1870 3139 diligentes
1896 3096 1979 3130 sint.

877 3153 1034 3196 Regulas
1060 3152 1232 3192 contrahi,
1263 3151 1558 3195 congregationes
1584 3149 1821 3194 provinciales
1846 3149 1979 3190 haberi,
