2077 3461
241 203 330 233 XXX
787 203 832 239 II.
859 203 1084 238 Prooemium
1111 203 1304 239 voluminis
1329 204 1458 249 quinti.

241 330 346 363 quem
373 319 596 355 obedientiae
621 324 768 356 sanctae
802 321 877 356 scio
909 321 1049 356 deberi‘
1081 322 1195 366 (523).
1245 322 1332 357 Pius
1349 321 1393 356 V.
1420 321 1456 356 in
1491 322 1633 357 decreto
1659 323 1828 368 perstitit.
1878 323 2005 368 Itaque

240 372 376 406 factum
403 376 477 413 est,
511 376 551 408 ut
578 372 744 409 Canisius
778 374 914 419 aliquot
940 375 1043 409 annis
1077 377 1159 419 post
1190 374 1300 409 libros
1326 374 1370 408 de
1395 374 1526 409 Ioanne
1554 375 1718 420 Baptista
1752 379 1788 411 et
1822 376 1866 411 de
1890 376 2005 411 Beata

240 424 355 459 Maria
374 425 523 469 Virgine
552 427 630 461 sive
661 427 1025 469 „Commentariorum
1051 427 1094 462 de
1112 427 1221 462 Verbi
1247 427 1313 461 Dei
1344 427 1557 472 corruptelis
1582 427 1715 463 Tomus
1740 429 1828 464 duos
1854 457 1862 464 .
1883 457 1889 463 .
1910 457 1917 464 .
1943 429 2002 463 ad-

240 489 368 513 versus
395 478 662 514 Centuriatores
687 480 1022 524 Magdeburgicos“,
1048 492 1138 525 opus
1164 480 1299 524 grande
1325 483 1362 514 et
1385 482 1601 525 spectatum,
1627 481 1759 516 ederet.

359 531 538 567 Externos
563 544 705 578 quoque
731 533 825 568 Socii
858 534 902 567 ad
932 533 1161 568 scribendum
1186 532 1385 567 incitabant
1420 536 1457 568 et
1490 534 1526 568 in
1560 534 1747 569 scribendo
1772 535 2006 570 adiuvabant.

241 583 401 618 Graecae
436 584 470 619 S.
496 585 629 629 Ignatii
664 586 841 631 epistulae
876 586 920 620 ab
947 586 991 620 iis
1017 585 1166 620 Romam
1192 586 1395 628 mittuntur,
1430 588 1470 620 ut
1504 586 1540 620 in
1566 598 1671 621 usum
1697 587 1791 622 docti
1818 587 2001 622 cuiusdam

240 637 308 670 viri
334 637 460 681 belgae
488 637 715 684 (Hieronymi
733 639 917 680 Vairnelii,
944 640 1046 684 puto)
1075 650 1155 673 cum
1182 638 1302 673 codice
1328 639 1496 674 vaticano
1521 640 1752 674 conferantur
1771 640 2002 684 (123—125).

241 689 406 725 Canisius
431 692 660 726 conciliorum
687 695 769 726 acta
800 692 921 736 aliqua
947 704 991 726 ex
1019 691 1244 726 bibliothecis
1278 691 1435 727 romanis
1461 693 1645 738 exscripta
1671 693 1855 728 Coloniam
1879 693 2002 736 mittit,

240 747 278 777 ut
305 743 488 788 proximae
507 745 736 779 conciliorum
756 744 903 779 editioni
928 744 1167 779 adhibeantur
1186 744 1270 789 (215
1288 744 1387 789 444).
1421 744 1535 780 Novis
1553 757 1694 790 quoque
1716 746 1997 789 „confessionis“

240 806 261 830 a
278 796 451 831 cardinali
469 796 580 832 Hosio
598 798 817 842 compositae
843 797 1060 832 editionibus
1085 797 1253 832 curandis
1272 797 1438 833 Canisius
1455 810 1600 843 operam
1617 811 1721 834 suam
1738 799 2003 845 interponebam

240 852 276 883 et
302 860 381 884 cum
409 849 451 884 de
485 849 561 884 loco
597 851 749 894 quodam
780 850 983 885 obscuriore
1010 850 1044 886 S.
1072 850 1236 894 Gregorii
1261 850 1418 896 Nysseni
1442 851 1537 886 inter
1563 852 1713 887 Hosium
1747 855 1784 887 et
1817 852 2004 896 theologos

238 913 414 944 romanos,
441 903 503 947 qui
527 915 695 937 romanae
715 903 958 938 Confessionis
984 904 1130 938 editioni
1155 903 1406 947 invigilabant,
1433 905 1608 940 dissensio
1634 908 1712 940 orta
1737 908 1844 948 esset,
1870 905 2003 940 Hosius

240 954 422 990 Canisium
448 957 714 991 controversiae
739 968 853 1001 paene
878 957 1054 991 arbitrum
1081 957 1259 1001 quendam
1285 958 1472 992 constituit
1499 958 1654 1001 (94—95
1683 958 1898 1002 138—141).

357 1008 481 1052 Neque
507 1012 627 1043 tamen
654 1009 820 1044 Canisius
849 1010 1044 1054 quidquam
1080 1010 1116 1044 in
1152 1010 1285 1054 vulgus
1317 1011 1459 1055 prodire
1492 1011 1637 1046 volebat
1670 1012 1739 1046 nisi
1773 1011 2002 1055 castigatum.

239 1061 278 1095 P.
298 1061 504 1106 Alphonsus
527 1062 682 1098 Pisanus
701 1062 735 1097 S.
751 1062 783 1097 J.
810 1062 1013 1106 theologiae
1039 1064 1221 1108 professor
1246 1063 1540 1108 ingolstadiensis
1561 1065 1788 1108 „Examinis¹‘
1815 1064 2004 1099 tridentini

239 1126 259 1148 a
277 1114 431 1149 Martino
451 1114 651 1150 Chemnitio
678 1115 867 1150 lutherano
890 1117 1084 1161 conscripti
1102 1116 1355 1151 refutationem
1375 1121 1642 1163 composuerat;
1670 1118 1846 1159 Canisius,
1871 1118 2003 1152 librum

239 1167 337 1213 prelo
363 1168 586 1202 committere
612 1180 633 1202 a
650 1168 780 1203 Natale
799 1168 986 1204 visitatore
1011 1171 1141 1212 iussus,
1158 1169 1327 1214 Borgiam
1354 1172 1598 1216 praepositum
1624 1171 1829 1215 generalem
1854 1172 2002 1213 monuit,

237 1232 276 1254 se
303 1220 335 1254 id
362 1223 546 1265 praestare
571 1233 641 1255 non
667 1233 772 1266 posse
798 1222 908 1267 prius,
934 1233 1041 1266 quam
1068 1223 1244 1268 scriptum
1270 1223 1357 1257 illud
1384 1224 1517 1258 Romae
1543 1229 1640 1258 esset
1666 1227 1864 1258 correctum
1885 1224 2001 1268 (820).

237 1273 391 1308 Multum
430 1274 538 1308 etiam
573 1277 650 1309 tum
684 1274 805 1309 Natali
838 1278 915 1309 tuni
952 1276 1094 1310 Canisio
1132 1276 1370 1321 displicebant
1407 1276 1612 1322 „Epistulae
1646 1278 1808 1312 Indicae“
1850 1289 1881 1312 a.
1909 1277 2002 1312 1566

237 1326 386 1361 Lovanii
420 1339 440 1361 a
475 1328 605 1362 Ioanne
640 1327 775 1362 Rutilio
810 1328 981 1362 iuvenum
1015 1332 1248 1374 praeceptore
1285 1329 1395 1363 latine
1433 1331 1570 1371 editae,
1608 1342 1700 1374 quae
1737 1331 1774 1364 in
1809 1329 2001 1365 Germania

237 1380 342 1415 avide
368 1392 388 1415 a
414 1381 578 1426 plurimis
604 1381 814 1416 emebantur
839 1385 875 1416 et
900 1381 1124 1425 legebantur.
1170 1382 1353 1417 Sociorum
1379 1383 1415 1417 in
1441 1383 1552 1417 Indiis
1577 1383 1798 1418 versantium
1826 1383 2002 1428 epistulas

236 1433 378 1468 italicas
411 1435 490 1469 sive
524 1435 644 1480 potius
679 1446 725 1469 ex
749 1434 935 1480 hispanico
962 1438 998 1470 et
1022 1435 1212 1470 lusitanico
1238 1447 1402 1470 sermone
1436 1437 1472 1470 in
1506 1436 1666 1471 italicum
1691 1447 1818 1471 versas
1844 1436 2001 1471 Rutilius

236 1486 348 1522 latine
382 1487 588 1522 reddiderat
621 1488 691 1529 ita,
729 1490 769 1522 ut
808 1499 869 1523 eas
907 1488 1028 1522 verbis
1067 1488 1190 1523 multis
1228 1491 1264 1523 et
1301 1490 1580 1533 supervacaneis
1617 1490 1855 1535 amplificaret
1891 1492 2001 1534 atque

237 1541 345 1575 etiam
371 1540 545 1585 epistulas
569 1541 667 1586 ipsas
693 1541 787 1575 inter
812 1552 851 1575 se
876 1541 1120 1586 permisceret,
1156 1542 1295 1577 dicendi
1331 1553 1462 1586 genere
1488 1554 1614 1588 parum
1641 1543 1809 1586 eleganti.
1857 1542 2002 1577 Natalis

237 1597 271 1628 et
299 1593 462 1629 Canisius
495 1594 532 1628 id
567 1597 602 1628 et
634 1594 780 1628 veritati
815 1597 851 1628 et
885 1594 1075 1630 societatis
1110 1594 1234 1629 honori
1269 1595 1413 1630 officere
1450 1596 1538 1637 rati,
1573 1608 1644 1630 non
1678 1597 1794 1630 solum
1827 1596 2001 1641 impedire

236 1647 467 1691 satagebant,
504 1647 693 1691 quominus
719 1647 877 1682 Rutilius
902 1649 939 1682 in
965 1659 1007 1682 ea
1032 1648 1226 1693 scriptione
1260 1651 1446 1693 pergeret,
1481 1649 1544 1684 sed
1579 1651 1685 1684 etiam
1712 1650 1804 1694 apud
1830 1649 1999 1693 Borgiam

235 1701 478 1746 praepositum
496 1700 699 1744 generalem
720 1702 926 1743 effecerunt,
948 1704 987 1735 ut
1005 1702 1151 1736 eaedem
1170 1701 1345 1747 epistulae
1363 1703 1486 1737 verius
1503 1702 1759 1748 pulchriusque
1777 1715 1798 1737 a
1815 1702 2000 1748 praeclaro

235 1754 295 1788 illo
315 1754 446 1788 Ioanne
465 1754 572 1788 Petro
591 1754 754 1796 Maffaeo,
773 1754 832 1799 qui
852 1766 897 1788 ex
915 1754 1118 1789 litterarum
1137 1756 1339 1800 professore
1357 1755 1499 1801 publico
1519 1759 1554 1790 et
1572 1756 1788 1801 reipublicae
1805 1755 1999 1800 genuensis

234 1808 353 1842 scriba
378 1808 546 1853 primario
573 1807 764 1842 Societatis
789 1808 923 1843 sodalis
949 1808 1098 1843 effectus
1125 1811 1210 1851 erat,
1239 1812 1465 1843 verterentur
1493 1809 1608 1853 (807).

353 1860 584 1906 Typographi
611 1872 751 1905 quoque
770 1860 884 1896 Sociis
910 1873 1015 1896 curae
1042 1866 1155 1896 erant.
1189 1862 1302 1897 Iulius
1320 1861 1508 1903 Pavesius,
1537 1863 1670 1897 ordinis
1695 1862 1998 1904 Praedicatorum‚

235 1914 524 1960 archiepiscopus
549 1915 786 1957 surrentinus,
814 1926 859 1948 ex
883 1914 1064 1958 legatione
1091 1915 1231 1959 belgica
1257 1915 1291 1950 S.
1312 1915 1369 1950 Pii
1386 1915 1428 1950 V.
1455 1916 1557 1950 iussn
1582 1916 1832 1950 administrata
1848 1916 1998 1950 Romam

234 1968 375 2002 rediens
402 1967 568 2011 Dilingae
593 1967 757 2002 substitit
767 1981 775 2009 3
811 1968 870 2002 ubi
905 1980 985 2002 cum
1011 1968 1083 2003 PP.
1109 1968 1240 2003 Natale
1265 1971 1302 2004 et
1327 1967 1470 2004 Canisio
1505 1969 1788 2004 familiaritatem
1819 1969 1998 2003 contraxit

234 2024 270 2055 et
295 2020 383 2066 ipsis
402 2020 459 2055 vel
477 2020 597 2065 potius
623 2020 809 2055 catholicis
835 2021 1016 2064 germanis
1043 2033 1187 2066 operam
1213 2033 1326 2063 suam,
1353 2022 1385 2056 si
1403 2022 1487 2066 quid
1513 2023 1548 2056 in
1568 2022 1780 2057 Germaniae
1805 2022 1998 2056 utilitatem

234 2074 368 2108 Romae
403 2074 563 2108 conferre
598 2073 674 2118 ipse
708 2077 850 2118 posset,
888 2074 1018 2109 obtulit
1047 2076 1161 2118 (618).
1217 2075 1359 2120 Nuper,
1399 2075 1633 2120 epistularum
1667 2075 1809 2110 Natalis
1843 2075 1999 2109 editione

234 2127 435 2161 matritensi
462 2127 532 2161 iam
560 2137 672 2171 paene
699 2126 873 2169 absoluta,
909 2138 953 2161 ex
980 2128 1137 2162 tenebris
1164 2129 1311 2163 emersit
1336 2129 1624 2170 commentarius,
1660 2129 1720 2172 qui
1745 2140 1787 2162 ea
1812 2129 1847 2162 in
1874 2140 1998 2174 oppor-

232 2181 387 2215 tunitate
413 2192 434 2214 a
459 2179 588 2214 Natale
615 2183 651 2214 et
668 2180 811 2215 Canisio
830 2180 983 2215 Pavesio
1014 2181 1169 2216 traditus
1188 2184 1261 2222 est;
1288 2193 1332 2215 en
1358 2182 1550 2227 praecipua
1577 2182 1653 2216 eius
1679 2182 1816 2227 capita:
1844 2182 1880 2225 a)
1905 2181 1996 2223 Quia

232 2234 268 2268 in
295 2233 488 2268 Germania
513 2233 555 2267 ob
582 2233 796 2278 scriptorum
823 2236 860 2267 et
894 2234 1200 2279 typographorum
1228 2234 1485 2269 catholicorum
1511 2238 1760 2280 paupertatem
1785 2234 1890 2269 multi
1914 2234 1994 2269 libri

232 2287 314 2322 boni
339 2298 408 2321 non
435 2287 678 2327 excuduntur,
711 2287 928 2332 apostolicus
964 2289 1057 2332 apud
1094 2288 1344 2332 imperatorem
1380 2288 1528 2322 nuntius
1554 2288 1707 2332 singulis
1732 2289 1834 2322 annis
1859 2290 1992 2322 certam

232 2341 419 2385 pecuniam
445 2340 539 2374 inter
563 2340 809 2385 typographos
844 2340 1038 2375 catholicos
1069 2341 1271 2375 distribuat.
1315 2341 1351 2384 b)
1389 2341 1523 2376 Multos
1550 2354 1594 2375 ex
1620 2342 1739 2383 libris,
1774 2343 1834 2386 qui
1860 2341 1994 2376 Romae

232 2405 294 2438 per
320 2393 521 2427 Manutium
556 2393 801 2434 excuduntur,
839 2393 874 2427 in
911 2392 1102 2428 Germania
1141 2405 1282 2438 quoque
1317 2395 1445 2429 excudi
1484 2396 1689 2439 oportebat;
1728 2395 1791 2429 sed
1826 2395 1994 2429 catholici

231 2445 447 2491 typographi
483 2445 527 2480 ob
562 2446 966 2480 excommunicationem
1010 2447 1198 2491 privilegio
1234 2447 1387 2481 Manutii
1423 2447 1581 2482 additam
1616 2459 1676 2482 eos
1710 2448 1886 2482 excudere
1923 2460 1993 2482 non

231 2500 381 2539 audent3
410 2498 627 2544 typographi
653 2511 737 2533 vero
763 2502 1005 2544 protestantes
1032 2501 1435 2534 excommunicationem
1462 2500 1564 2535 nihili
1590 2501 1742 2542 ducunt:
1769 2501 1820 2535 ita
1845 2513 1993 2537 necesse

232 2556 296 2591 est,
323 2552 489 2587 catholici
517 2552 626 2586 libros
652 2551 733 2586 illos
758 2555 822 2587 aut
848 2564 892 2586 ex
918 2552 1023 2586 ltalia
1050 2554 1191 2596 magnis
1217 2553 1388 2598 impensis
1415 2554 1482 2588 sibi
1508 2559 1634 2589 curent
1659 2554 1898 2596 advehendos,
1930 2558 1993 2589 aut

233 2607 266 2639 in
294 2606 485 2639 Germania
511 2616 531 2639 a
557 2606 841 2649 protestantibus
867 2608 997 2646 emant,
1033 2606 1092 2649 qui
1129 2617 1189 2640 eos
1214 2618 1468 2651 nonnunquam
1496 2607 1539 2641 de
1565 2608 1741 2642 industria
1767 2607 1989 2647 adulterant;

231 2658 376 2692 selectis
411 2659 521 2701 igitur
551 2657 788 2703 typographis
823 2658 1009 2693 catholicis
1045 2659 1200 2693 facultas
1235 2659 1345 2694 libros
1381 2661 1607 2695 manutianos
1642 2662 1739 2706 typis
1765 2661 1990 2695 exscribendi

231 2712 419 2745 tribuatur.
471 2719 502 2753 c)
541 2711 778 2746 Permittatur
805 2712 919 2746 doctis
945 2710 1157 2746 Germaniae
1185 2712 1283 2753 viris,
1320 2716 1359 2747 ut
1393 2725 1502 2747 unum
1530 2714 1730 2748 alterumve
1762 2715 1918 2748 codicem
1945 2726 1989 2748 ex

232 2764 445 2798 bibliotheca
483 2765 675 2798 cardinalis
713 2764 834 2799 Sirleti
873 2764 931 2798 vel
969 2776 1014 2798 ex
1052 2766 1220 2799 vaticana
1259 2766 1477 2811 exscriptum
1517 2767 1553 2800 in
1591 2767 1783 2801 Germania
1819 2767 1987 2811 vulgent;

232 2822 368 2851 certum
397 2823 461 2857 est,
489 2818 576 2857 fore,
603 2822 643 2851 ut
668 2817 749 2852 libri
779 2818 831 2852 illi
857 2817 1047 2861 diligenter
1073 2824 1107 2852 et
1138 2821 1262 2862 „pure‘
1295 2820 1517 2853 excuduntur
1546 2819 1658 2863 (280).

350 2870 380 2904 3.
409 2869 507 2904 Haec
532 2876 615 2904 suut
643 2872 716 2905 fere
743 2872 862 2915 capita
887 2882 1016 2912 rerum,
1042 2882 1134 2915 quae
1160 2872 1202 2905 de
1222 2872 1435 2906 Germaniae
1459 2874 1719 2906 restauratione
1745 2873 1921 2908 catholica
1947 2886 1988 2909 ac

231 2923 337 2957 simul
363 2923 406 2956 de
424 2923 612 2957 Societatis
639 2924 719 2958 lesu
747 2924 896 2958 historia
923 2928 1071 2958 externa
1097 2925 1132 2958 in
1158 2924 1225 2959 hoc
1251 2925 1430 2959 volumine
1457 2926 1697 2970 proferuntur.
1741 2925 1821 2960 Alia
1847 2927 1987 2971 potissi-

231 2987 326 3010 mum
353 2975 396 3010 ad
423 2975 665 3010 Societatis
697 2977 802 3012 lesu
839 2977 1097 3012 historiam
1133 2978 1370 3012 internam
1406 2978 1501 3012 sive
1536 2979 1845 3014 domesticam
1881 2981 1986 3025 perti-

230 3033 330 3069 nent;
359 3029 592 3073 potissimum,
620 3030 779 3073 iuquan1;
807 3042 888 3064 nam
915 3031 1030 3065 altera
1056 3031 1100 3064 ab
1127 3031 1242 3065 altera
1267 3031 1427 3076 separari
1453 3032 1515 3065 vix
1542 3034 1670 3076 potest.

350 3081 523 3115 Volumen
542 3082 705 3126 superius
724 3082 855 3117 litteris
874 3084 1104 3117 terminatum
1131 3087 1196 3125 est,
1215 3084 1355 3128 quibus,
1375 3085 1501 3119 Iacobo
1522 3084 1643 3118 Lainio
1662 3086 1863 3130 praeposito
1881 3097 1986 3129 gene-

231 3134 295 3168 rali
323 3135 395 3168 vita
414 3135 547 3175 functo,
567 3135 779 3169 franciscus
798 3137 948 3179 Borgias
968 3137 1124 3170 vicarius
1143 3137 1322 3180 generalis
1339 3138 1532 3172 secundam
1559 3139 1985 3182 congregationem

230 3187 431 3230 generalem
468 3188 636 3222 Societati
673 3188 860 3223 indicebat.
912 3190 965 3223 Ex
1003 3190 1194 3224 Germania
1229 3191 1411 3235 superiore
1450 3190 1517 3225 PP.
1545 3190 1710 3226 Canisius
1745 3194 1780 3226 et
1815 3192 1985 3226 Hoffaeus
