2077 3461
252 221 355 256 1281.
383 221 548 256 Canisius
575 220 608 256 S.
628 220 819 255 Francisco
846 221 888 255 de
914 220 1058 264 Borgia.
1096 220 1284 263 Moguntia
1310 220 1366 254 28.
1387 221 1461 255 Ian.
1481 220 1582 255 1566.
1732 222 1813 263 177

57 350 104 373 ex
130 337 361 372 concordatis
389 338 602 373 Germaniae
636 338 673 372 in
698 337 1047 383 archiepiscoporum
1083 336 1337 371 coloniensium
1365 337 1633 372 confirmatione
1659 337 1818 382 persolvi

57 391 220 432 debebat,
245 391 311 425 sub
338 402 469 425 annum
496 391 640 435 quidem
668 391 759 426 1460
785 393 862 425 erat
889 391 933 426 10
947 390 1016 426 000
1034 390 1248 424 florenorum
1275 401 1463 424 aureorum
1489 390 1566 424 sive
1594 391 1638 425 50
1653 390 1722 425 000
1739 390 1818 424 rhe-

57 444 221 479 nensium
249 443 301 486 (J.
320 456 348 478 v.
368 445 565 488 Βϋῑῖίηρεν,
592 443 760 487 Beitrage
786 456 849 478 zur
867 443 1090 489 politischen,
1117 442 1340 477 kirohlichen
1367 454 1400 477 u.
1420 441 1757 486 Culturgeschichte
1775 443 1819 485 ΙΙ,

59 497 296 541 Regensburg
333 497 433 538 1863,
468 508 597 531 vu-—x
633 498 707 540 79).
757 497 888 531 Postea
923 496 1079 530 fortasse
1113 495 1275 530 nonnihil
1309 495 1341 529 ei
1378 495 1537 529 additum
1573 499 1637 538 est,
1673 496 1819 541 perinde

59 561 101 584 ac
126 549 287 584 servitiis
320 550 530 592 moguntino
565 551 601 584 et
634 549 844 591 treverensi,
881 561 973 593 quae
1009 551 1043 583 et
1073 549 1152 594 ipsa
1186 549 1252 582 sub
1279 560 1310 583 a.
1340 549 1429 583 1460
1459 549 1500 583 10
1515 549 1584 585 000
1610 549 1821 583 ducatorum

58 604 203 637 fuerant
231 602 432 646 (Dollinyer
449 603 472 637 l.
491 615 518 637 c.
541 603 608 637 158
626 602 732 646 251);
759 614 779 636 a
796 602 990 636 Bertholdo
1017 603 1060 636 de
1079 602 1294 645 Henneberg
1319 601 1586 646 archiepiscopo
1612 602 1821 646 moguntino

59 656 126 690 sub
161 667 293 690 annum
322 656 412 690 1484
440 656 587 700 (additis
613 655 725 690 variis
754 667 978 689 nummorum
1005 655 1204 689 corollariis
1234 654 1547 699 [„Trinkgelder“]
1573 655 1822 699 similibusque

61 709 306 755 pensionibus)
335 710 411 743 fere
438 709 572 749 71500,
599 709 642 743 ab
668 709 796 743 Iacobo
822 709 976 743 Badensi
1003 708 1208 743 coadiutore
1233 708 1445 750 treverensi,
1477 719 1580 752 quem
1608 708 1711 742 modo
1738 709 1822 749 dixi,

61 774 154 797 anno
183 763 274 797 1500
303 763 378 797 fere
404 762 448 796 72
461 762 528 798 500
553 762 677 796 fioreni
703 761 898 796 rhenenses
924 762 1032 796 soluti
1059 764 1161 795 erant
1190 761 1264 805 (ΑΖ.
1289 762 1437 805 Schulte,
1465 761 1532 795 Die
1555 761 1698 805 Fugger
1724 761 1739 794 Ι
1767 761 1823 795 99.

63 817 271 851 Saum-land
296 815 318 849 1.
338 827 367 849 0.
389 815 484 859 105).
535 814 737 849 Fridericus
763 827 793 849 a.
821 815 921 856 1563,
948 826 1028 849 cum
1055 814 1359 849 confirmationem
1391 816 1540 859 peteret,
1566 817 1735 849 annatam
1765 813 1824 848 vel

61 869 191 903 saltem
211 880 255 902 ex
281 868 397 903 tribus
424 868 475 902 eis
501 868 663 913 partibus
690 868 779 902 duas
797 867 865 901 sibi
884 867 1075 902 condonari
1093 867 1249 902 volebat.
1285 867 1324 901 Id
1343 867 1436 911 quod
1455 867 1618 912 pontifex
1635 867 1825 902 recusabat

65 921 258 965 (Reimamt
283 921 306 957 l.
333 933 363 956 c.
389 921 475 955 XIII
501 921 724 964 354—355);
761 921 1004 965 querebantur
1029 921 1123 954 enim
1149 920 1324 956 officiales
1350 920 1586 955 cancellariae
1611 920 1825 965 pontificiae,

63 986 103 1009 se
129 985 149 1008 a
174 974 343 1019 pontifice
376 976 483 1008 taxas
517 974 728 1019 saepissime
760 974 982 1008 condonante
1016 973 1157 1016 magnis
1184 974 1324 1008 damnis
1350 974 1447 1008 affici
1475 973 1515 1017 (l.
1542 985 1572 1008 c.
1598 973 1684 1007 XIII
1711 973 1825 1016 356¹).

64 1028 235 1062 Attamen
272 1039 313 1062 ea
349 1027 593 1062 controversia
629 1027 722 1061 inter
748 1027 852 1061 Pium
879 1027 940 1061 IV.
967 1029 1003 1060 et
1036 1027 1256 1061 Fridericum
1290 1028 1366 1061 fere
1402 1029 1479 1061 erat
1505 1027 1710 1072 composita,
1746 1037 1826 1060 cum

64 1081 166 1115 illum
202 1092 297 1115 mors
332 1081 489 1125 abripuit
516 1080 628 1124 (Ii'olf
650 1080 672 1115 l.
699 1092 729 1115 c.
756 1080 854 1123 297).
906 1080 939 1115 S.
966 1080 1054 1114 Pius
1079 1080 1122 1115 V.
1149 1083 1270 1114 autem
1301 1082 1450 1125 paratus
1477 1082 1554 1114 erat
1579 1080 1623 1114 ad
1649 1081 1826 1124 integram

65 1136 236 1168 annatam
254 1134 532 1175 condonandam,
552 1134 740 1168 dummodo
759 1133 1050 1179 archiepiscopus
1067 1133 1325 1178 professionem
1343 1133 1425 1168 fidei
1443 1133 1675 1168 tridentinam
1692 1133 1829 1168 faceret

70 1188 262 1231 (Ree‘mann
288 1187 311 1221 l.
339 1199 367 1222 c.
394 1187 481 1221 XIII
507 1187 724 1231 358—359).

187 1246 354 1281 Ceterum
381 1246 474 1290 quod
501 1246 666 1281 Canisius
698 1247 734 1280 in
759 1245 885 1280 ultimo
911 1245 1018 1280 huius
1044 1245 1219 1290 epistulae
1245 1246 1363 1290 capite
1389 1245 1524 1287 scribit,
1559 1257 1597 1279 se
1623 1245 1750 1285 vereri,
1785 1255 1830 1278 ne

67 1299 104 1333 in
129 1299 302 1344 proximis
329 1294 482 1334 comitiis
513 1299 677 1343 „quidam
704 1311 749 1333 ex
772 1299 1000 1344 Principibus
1019 1298 1224 1340 Catholicis,
1252 1301 1291 1333 vt
1317 1301 1502 1339 vocantur,
1529 1310 1622 1332 noua
1647 1298 1830 1343 proferant

68 1352 217 1387 consilia
243 1352 486 1387 conciliandae
503 1352 700 1396 Religionis
726 1352 820 1386 inter
838 1352 1042 1386 Catholicos
1069 1354 1105 1386 et
1122 1352 1405 1393 Protestantes“,
1432 1351 1588 1386 dubitari
1612 1363 1682 1385 non
1700 1353 1830 1396 potest,

69 1406 156 1450 quin
190 1406 370 1449 significet
402 1405 632 1440 Guilielmum
665 1405 803 1440 Cliviae
829 1405 954 1440 ducem
993 1405 1089 1449 (vide
1124 1417 1234 1450 supra
1268 1417 1301 1450 p.
1331 1405 1412 1448 170)
1451 1408 1487 1439 et
1524 1405 1680 1439 maxime
1713 1404 1831 1449 ipsum

71 1458 359 1493 Maximilianum
386 1459 431 1493 II.
463 1459 726 1503 imperatorem.
788 1459 824 1493 Is
860 1458 1054 1502 Georgium
1089 1458 1266 1493 Vicelium
1308 1458 1522 1501 „seniorem“
1565 1460 1601 1491 et
1639 1457 1831 1501 Georgium

72 1512 325 1554 Cassandrum,
363 1512 549 1556 theologos
585 1512 781 1546 catholicos
819 1512 978 1556 quidem,
1017 1512 1080 1546 sed
1119 1512 1162 1546 ad
1201 1511 1460 1555 indulgendum
1498 1514 1534 1545 et
1571 1511 1833 1545 connivendum

71 1566 220 1600 nimium
246 1577 451 1610 propensos,
477 1565 513 1599 in
539 1565 726 1600 consilium
752 1565 984 1606 adhibuerat;
1011 1567 1150 1600 aestate
1173 1565 1256 1599 anni
1284 1566 1376 1600 1564
1394 1564 1596 1600 Cassander
1626 1563 1833 1606 „Consulta-

71 1620 224 1654 tionem²
255 1619 445 1663 quandam,
471 1618 630 1653 Vicelius
652 1619 776 1661 „Viam
795 1619 953 1661 regiam“
982 1630 1089 1663 quam
1109 1618 1272 1660 vocabat,
1298 1618 1331 1653 ei
1356 1618 1529 1653 miserant
1556 1617 1661 1661 (Can.
1680 1617 1730 1651 IV
1754 1617 1833 1651 766.

74 1673 119 1707 N.
138 1673 275 1706 Paulus
300 1672 335 1706 in
358 1672 622 1714 „Historisches
641 1671 844 1706 Jahrbuch“
867 1671 1003 1705 XXVII
1021 1671 1119 1715 341).
1158 1673 1308 1705 Vz'celius
1326 1671 1514 1715 Moguntia
1543 1671 1596 1706 10.
1617 1670 1836 1715 Septembris

77 1725 166 1760 1565
187 1724 339 1759 Cliviam
366 1725 408 1759 ad
429 1724 668 1759 Cassandrum
688 1725 828 1759 litteras
847 1724 954 1766 dedit,
981 1724 1111 1768 quibus
1130 1725 1174 1758 ad
1193 1736 1274 1758 eum
1291 1724 1447 1759 rettulit:
1474 1724 1760 1759 Maximilianum
1779 1723 1835 1763 IL,

74 1780 268 1822 antequam
302 1777 435 1812 bellum
471 1778 802 1822 transsylvanicum
838 1779 953 1812 ortum
990 1779 1097 1822 esset,
1132 1779 1248 1811 totum
1284 1777 1320 1811 in
1345 1777 1499 1820 legenda
1526 1776 1721 1811 Cassandri
1748 1775 1835 1810 Con-

74 1831 268 1866 sultatione
303 1831 427 1866 fuisse.
482 1831 621 1874 „Nihilo
656 1831 774 1865 secius
807 1842 872 1865 nos
904 1830 1084 1874 affligunt,
1118 1833 1192 1865 tam
1219 1830 1280 1875 qui
1305 1831 1425 1875 Papae
1460 1841 1568 1874 quam
1603 1829 1664 1874 qui
1689 1828 1838 1863 Lutheri

77 1887 198 1929 partes
224 1889 442 1929 sequuntur:
478 1885 572 1918 inter
598 1896 687 1928 quos
713 1886 882 1928 utrosque
908 1884 1094 1925 Iesuistae,
1120 1883 1383 1929 hypocriticam
1409 1895 1453 1917 ne
1479 1883 1595 1927 magis
1620 1882 1762 1926 ambigo
1792 1893 1838 1916 an

76 1938 295 1972 malitiosum
320 1938 504 1972 hominum
530 1949 654 1980 genus,
681 1937 897 1971 virulentius
922 1949 986 1972 nos
1013 1948 1141 1971 exosos
1166 1937 1352 1977 infestant,
1380 1937 1470 1981 quod
1499 1936 1682 1971 Ecclesiae
1708 1936 1838 1970 faciem

76 1992 169 2026 hanc
195 1991 402 2033 deformem,
428 2003 497 2025 non
524 1991 641 2032 aliam,
668 2002 774 2035 quam
801 1993 841 2024 ut
867 1993 922 2025 est
938 1990 1053 2032 hodie,
1079 1991 1264 2025 defensam
1282 1989 1405 2031 velint,
1432 1989 1713 2023 emendationem
1732 1988 1838 2033 hujus

79 2044 220 2078 omnino
237 2044 362 2086 nolint,
379 2056 424 2078 ne
443 2043 657 2088 Seraphicae
675 2055 761 2078 suae
779 2043 964 2078 societatis
982 2043 1291 2077 daemonizomeno
1309 2043 1474 2077 instituto
1494 2043 1618 2077 deesse
1636 2042 1838 2076 videantur.

80 2097 184 2131 Viam
209 2097 346 2140 regiam
365 2096 510 2131 Caesari
537 2099 853 2131 commonstratam
878 2097 942 2131 abs
967 2108 1024 2130 me
1041 2108 1112 2130 una
1130 2108 1210 2130 cum
1228 2096 1463 2141 Panegyrico,
1491 2108 1559 2140 quo
1577 2096 1695 2129 minus
1713 2095 1841 2128 edatur

79 2151 115 2184 iu
150 2150 343 2195 publicum,
377 2150 497 2184 nullus
532 2150 714 2191 obstitero,
749 2152 790 2184 ut
824 2143 1065 2184 abundantius
1101 2149 1270 2194 prodesse
1305 2161 1444 2193 queam,
1482 2148 1552 2183 nisi
1586 2160 1655 2182 non
1690 2148 1838 2182 liceat“:

80 2204 136 2238 lta
161 2203 315 2247 quidem,
351 2203 382 2237 si
408 2204 476 2237 fide
503 2204 632 2246 dignae
658 2205 743 2237 sunt
780 2203 934 2245 „Illustn
970 2205 1006 2237 et
1040 2203 1166 2237 claror.
1194 2204 1359 2237 Virorum
1397 2204 1561 2246 epistolae
1596 2201 1838 2241 selecti01·es“‚

82 2257 248 2300 Lugduni
274 2257 403 2291 Batav.
433 2257 534 2298 1617,
561 2256 761 2291 280-281.

201 2316 255 2350 Ex
281 2315 427 2350 Polanci
454 2315 608 2360 epistula
634 2315 786 2358 Borgiae
813 2315 983 2349 mandatu
1000 2315 1113 2349 Roma
1141 2315 1195 2350 16.
1214 2315 1338 2349 Martii
1367 2315 1456 2349 1566
1483 2315 1527 2348 ad
1547 2313 1729 2348 Canisium
1756 2312 1841 2346 data

82 2370 148 2403 hoc
174 2370 422 2412 cognoscitur:
459 2369 623 2403 Canisius
649 2368 789 2402 litteras
816 2368 989 2402 cardinali
1015 2368 1214 2402 Truchsess
1246 2368 1437 2412 inscriptas
1465 2366 1640 2412 epistulae
1666 2365 1841 2405 adiunxit,

82 2433 190 2466 quam
215 2422 403 2466 Moguntia
437 2422 560 2456 eodem
587 2421 646 2455 illo
678 2420 734 2455 die
760 2421 814 2455 28.
843 2421 998 2455 Ianuarii
1028 2421 1117 2455 1566
1145 2421 1188 2455 ad
1215 2421 1383 2464 Borgiam
1410 2420 1586 2455 mittebat.
1638 2418 1735 2460 Quae
1762 2429 1842 2452 cum

84 2475 217 2509 Romae
239 2475 392 2518 Borgiae
417 2475 629 2514 traderetur,
657 2474 848 2508 cardinalis
874 2474 944 2508 iam
970 2474 1052 2507 inde
1078 2475 1261 2519 profectus
1288 2476 1365 2507 erat
1384 2473 1586 2516 Augustam
1612 2483 1756 2512 versus;
1782 2471 1842 2504 ubi

83 2540 164 2563 cum
183 2528 324 2562 Canisio
350 2528 427 2573 ipso
453 2528 636 2562 locuturus
663 2529 751 2561 erat.
794 2526 909 2567 Quare
928 2527 1079 2571 Borgias
1096 2527 1237 2561 litteras
1255 2527 1286 2561 ei
1305 2526 1504 2560 destinatas
1525 2526 1657 2559 Romae
1675 2525 1841 2558 retinuit:

85 2585 193 2626 atque
220 2582 384 2626 equidem
410 2581 554 2617 conicio,
582 2592 642 2614 eas
668 2591 688 2614 a
715 2580 846 2623 Borgia
872 2581 990 2614 curiae
1009 2580 1190 2614 Romanae
1217 2580 1259 2614 de
1286 2579 1392 2613 rebus
1412 2578 1623 2613 Germaniae
1650 2577 1844 2611 monendae

85 2635 265 2669 adhibitas
292 2646 381 2669 esse.

88 2749 234 2786 1281.
351 2750 567 2786 CANISIL'S
595 2747 859 2785 SANGTO
887 2746 1273 2784 FRANGISGO
1304 2745 1395 2781 DE
1423 2743 1709 2785 BORGIA,
1746 2756 1845 2788 prae-

279 2806 395 2850 posito
422 2804 581 2848 generali
608 2803 800 2838 societatis
826 2803 918 2836 Iesu.
1214 2799 1403 2844 Moguntia
1430 2799 1485 2833 28.
1513 2798 1668 2833 Ianuarii
1697 2798 1798 2833 1566.

208 2879 263 2914 Ex
290 2881 445 2924 imagine
471 2879 634 2924 photogr.
661 2878 864 2912 litterarum
890 2877 1167 2921 archetyparum
1196 2875 1268 2918 (20;
1297 2875 1363 2916 3¹,f'2
1392 2886 1468 2919 pp.;
1498 2873 1533 2907 in
1559 2885 1592 2918 p.
1618 2874 1652 2908 4.
1680 2874 1785 2908 inscr.
1813 2875 1847 2907 et

90 2933 263 2977 reliquiae
288 2933 376 2976 sig.;
412 2932 577 2967 Canisius
603 2942 668 2965 sua
694 2942 801 2964 manu
827 2941 953 2964 nomen
981 2928 1171 2972 [„Seruus“
1203 2927 1285 2971 etc]
1312 2926 1553 2971 subscripsit),
1586 2938 1678 2970 quae
1704 2928 1847 2960 exstant

91 2987 127 3020 in
157 2986 216 3028 „E.
245 2986 282 3021 C.
309 2986 362 3019 lI“
392 2998 424 3020 n.
455 2986 518 3019 161
550 2984 664 3028 (282).
706 2984 805 3018 Duas
831 2982 1008 3027 epistulae
1033 2983 1155 3026 partes
1190 2980 1401 3023 („Dominus
1429 2980 1529 3014 Iesus
1566 2979 1697 3024 vbique
1732 2979 1847 3013 nobis-

91 3040 191 3074 cum“
222 3059 265 3064 —
296 3041 522 3081 „reuerenter
547 3038 765 3081 exceperunt
791 3035 943 3076 omnia“,
970 3037 1005 3068 et
1035 3035 1093 3077 „In
1120 3033 1187 3067 hac
1213 3033 1519 3078 peregrinatione“
1547 3051 1590 3058 —-
1621 3033 1848 3076 „Moguntiae

93 3092 149 3127 28.
176 3092 370 3135 Ianuarii“)
408 3103 453 3125 ex
479 3091 673 3135 archetypo
708 3089 827 3133 posuit
853 3089 1059 3131 Sacchinus,
1087 3087 1172 3121 Can.
1198 3086 1398 3120 226—227.
1448 3085 1599 3120 Easdem
1627 3086 1702 3120 fere
1728 3088 1849 3130 partes

92 3157 139 3179 ex
165 3144 348 3186 Sacchino,
375 3144 512 3178 dicendi
538 3147 658 3178 tamen
685 3153 814 3186 genere
832 3140 990 3175 nonnihil
1010 3141 1207 3180 immutato,
1234 3139 1353 3184 posuit
1371 3140 1463 3173 l’etr.
1484 3140 1619 3183 Python
1639 3139 1673 3173 S.
1694 3139 1737 3180 J.,
1766 3139 1849 3172 Vita

94 3199 135 3233 R.
154 3198 193 3232 P.
213 3198 310 3232 Petri
329 3197 474 3239 Canisii,
500 3196 679 3231 Monachii
709 3195 808 3235 1710,
835 3194 1032 3229 218—219.
1072 3192 1202 3237 Aliqua
1227 3192 1282 3226 vel
1310 3192 1436 3233 omnia,
1464 3204 1508 3226 ex
1535 3193 1656 3226 eodem
1676 3192 1848 3226 Sacchino

166 3261 475 3293 Braunsberger,
495 3260 607 3287 Canisii
633 3259 788 3292 Epistulae
809 3258 840 3284 ct
855 3258 937 3283 Acta.
961 3256 997 3283 V.
1525 3252 1566 3284 1‘2
