2045 3471
661 192 804 236 Dilinga
831 192 885 227 17.
907 191 1039 237 Aprilis
1068 190 1168 225 1567.
1707 186 1789 227 431

36 317 81 357 et
111 313 395 367 grauioribus,
434 315 483 355 ut
515 315 559 355 et
591 325 695 355 suae
728 309 1034 360 conscientiae,
1077 311 1122 351 et
1154 307 1376 350 Ecclesiae
1407 305 1491 348 rite
1524 304 1722 348 consulat
1752 302 1795 344 in

36 379 117 421 hac
149 391 316 420 summa
349 375 662 431 Franco[niae]
695 374 1037 430 perturbatione,
1071 373 1184 427 quod
1217 372 1271 414 ad
1303 370 1526 425 negotium
1558 366 1796 421 Religionis

36 443 208 486 attinet.
270 443 392 484 Haec
433 442 604 495 aliaque
644 442 770 496 plura
812 438 1123 488 considerauit,
1165 440 1213 480 ut
1255 436 1455 485 arbitror,
1498 435 1544 478 P.
1568 433 1795 481 Visitator‚

38 522 134 550 cum
168 507 262 558 sibi,
305 506 428 548 nobis
469 509 514 548 et
545 502 965 559 Reuerendissi[1no]
1006 502 1297 558 polliceretur,
1339 498 1628 543 Jnstrumenti
1661 498 1714 540 ab
1747 511 1797 539 eo

36 571 293 627 praescripti
336 574 467 625 pacta
508 571 636 613 isthic
680 570 788 612 satis
832 569 926 611 fore
968 568 1022 611 ad
1064 566 1300 620 Collegium
1340 566 1422 607 1100
1464 562 1796 618 impetrandum.

37 637 201 680 Eadem
233 636 414 687 ratione,
448 635 491 676 ni
523 633 709 689 fallo[r,]
744 633 984 689 promptior
1015 632 1099 675 fuit
1129 632 1172 673 in
1205 629 1506 685 amplectendo
1530 628 1679 682 Spirae
1702 627 1798 669 Col-

36 701 163 755 legio,
206 704 254 744 ut
294 700 376 743 hac
416 698 616 754 salte[m]
659 699 828 742 ratione
870 699 1114 741 consuleret
1147 695 1431 739 Germanicae
1461 692 1714 735 necessitati
1755 693 1800 733 et

39 765 283 820 Principum
314 765 465 807 horum
499 764 658 819 captui.

156 831 316 872 Verum
349 830 415 871 his
447 830 643 871 omnibus
675 843 760 870 non
792 829 854 871 ita
886 841 1074 877 moueor,
1108 829 1157 869 ut
1187 825 1290 867 mihi
1313 823 1617 866 discedendum
1650 824 1796 875 putem

39 911 65 938 a
96 895 313 938 sententia
344 897 447 937 tuae
471 893 756 936 paternitatis
788 896 837 935 ut
870 907 979 946 quae
1011 893 1159 946 potest
1191 894 1235 934 et
1257 890 1387 932 debet
1419 902 1484 940 ea,
1519 900 1629 941 quae
1652 900 1676 928 a
1699 884 1798 939 filijs

39 960 368 1003 committuntur
397 959 649 1013 improuide,
682 972 759 1012 pro
792 957 1059 1000 authoritate
1091 970 1170 998 sua
1191 955 1407 1008 corrigere
1430 956 1561 1007 atque
1582 951 1796 1006 supplere.

39 1025 310 1068 Vindicanda
342 1027 409 1066 est
440 1023 629 1066 instituti
661 1023 787 1065 huius
819 1023 1011 1072 libertas,
1045 1020 1354 1063 inhaerendum
1387 1017 1667 1073 praescriptis
1689 1015 1797 1069 legi-

39 1092 131 1141 bus,
165 1089 482 1144 praeuertenda
512 1088 705 1142 pericula
737 1090 782 1129 et
813 1087 1094 1133 incommoda,
1134 1099 1243 1139 quae
1275 1086 1405 1139 pacta
1435 1083 1510 1125 illa
1543 1096 1688 1124 secum
1721 1080 1797 1122 ad-

39 1157 155 1198 ferre
195 1155 409 1203 uidentur,
452 1153 488 1195 si
528 1152 783 1207 simpliciter
823 1152 1112 1194 admittantur
1144 1154 1275 1203 atque
1308 1150 1626 1192 confirmentur.
1689 1146 1797 1187 Tum

40 1223 260 1275 postremo
293 1218 459 1273 scripsi,
495 1232 623 1272 quam
657 1217 714 1260 sit
745 1217 868 1258 nobis
900 1217 1091 1258 futurum
1126 1215 1313 1266 difficile,
1347 1214 1495 1256 sitam
1518 1213 1678 1255 multos
1700 1224 1800 1265 pro-

39 1286 227 1328 fessores
259 1285 340 1326 hoc
373 1297 486 1326 anno
517 1283 755 1332 mittamus,
791 1284 836 1324 et
866 1281 1083 1335 integrum
1115 1280 1365 1334 Collegium,
1399 1278 1511 1332 quod
1543 1277 1801 1332 promissum

39 1350 144 1401 fuit,
187 1349 318 1392 ordiri
359 1348 553 1390 uelimus.
616 1347 764 1400 Jgitur
806 1347 860 1388 ad
902 1346 948 1389 P.
983 1345 1266 1388 Visitatorem
1307 1343 1473 1398 scripsi,
1515 1346 1564 1386 ut
1605 1342 1694 1384 suis
1735 1354 1803 1382 me

42 1414 231 1468 consilijs
271 1414 473 1464 instruat,
516 1427 599 1466 quo
632 1414 760 1466 pacto
793 1410 1170 1453 Reuerendissimo
1202 1408 1547 1464 respondendum
1589 1406 1801 1454 uideatur,

41 1483 91 1523 ut
121 1479 286 1522 minore
317 1479 471 1521 saltem
506 1492 599 1519 cum
634 1476 867 1519 offensione
899 1476 979 1517 hoc
1012 1475 1336 1529 inexpectatum
1369 1473 1572 1515 nuncium
1605 1470 1802 1525 accipiat,

43 1545 154 1598 quod
186 1544 375 1586 fortasse
405 1542 521 1584 illius
553 1541 741 1583 animum
775 1555 800 1583 a
828 1541 950 1582 nobis
983 1542 1027 1582 et
1048 1554 1074 1582 a
1105 1543 1199 1582 toto
1223 1539 1399 1594 Collegij
1433 1538 1633 1580 instituto
1659 1538 1806 1590 potest

44 1609 249 1659 alienare,
293 1611 338 1650 et
368 1621 505 1649 nouas
539 1609 691 1649 contra
724 1606 986 1648 Societatem
1030 1605 1228 1658 querelas
1269 1605 1502 1647 multorum
1536 1601 1695 1657 passim
1729 1613 1805 1641 ex-

44 1674 180 1717 citare
203 1709 211 1716 .
236 1673 490 1727 Cogitabam
534 1671 764 1724 aliquando
797 1685 881 1712 non
916 1671 992 1712 abs
1024 1684 1070 1712 re
1101 1669 1209 1719 fore,
1253 1670 1290 1711 si
1321 1668 1570 1712 Paternitas
1603 1667 1695 1708 Tua
1726 1665 1806 1706 hoc

45 1740 201 1782 saltem
233 1752 440 1792 responso
463 1736 725 1791 Episcopum
758 1736 938 1789 dignata
969 1735 1138 1785 fuisset,
1173 1749 1219 1776 se
1251 1738 1430 1789 propter
1463 1746 1617 1775 causas
1649 1744 1806 1785 graues

44 1805 124 1846 hoc
157 1818 269 1846 anno
302 1803 531 1844 missuram
563 1804 735 1844 tantum
768 1801 935 1854 aliquos
967 1800 1255 1851 Professores,
1300 1799 1372 1853 qui
1412 1799 1550 1854 primo
1584 1811 1696 1840 anno
1730 1809 1806 1838 ex-

44 1869 290 1924 perirentur
322 1868 610 1922 capacitatem
644 1866 889 1908 auditorum
912 1869 956 1908 et
984 1865 1136 1918 quibus
1169 1879 1275 1919 opus
1309 1867 1426 1907 esset
1457 1862 1723 1917 sumptibus⁸
1756 1874 1805 1902 eo

44 1934 88 1976 in
119 1934 213 1975 1000
246 1933 301 1975 ad
333 1935 506 1974 nostros
540 1931 731 1973 alendos.
795 1930 1057 1972 Remitteret
1096 1930 1270 1972 interim
1303 1927 1679 1971 Reuerendissimo
1718 1925 1804 1973 illa,

47 2013 158 2053 quae
188 1997 387 2052 promisit
418 1999 462 2039 et
494 1996 662 2046 obtulit,
698 1999 742 2038 et
773 2009 819 2037 se
851 1995 1040 2037 uicissim
1071 1994 1252 2036 liberum
1285 2008 1380 2036 esse
1412 1994 1524 2036 uelle
1557 1992 1719 2034 diceret
1752 1991 1806 2032 ab

48 2064 162 2106 omni
194 2062 470 2116 obligatione.
534 2061 638 2102 Tale
680 2060 881 2113 quiddam
923 2060 1153 2113 aliquando
1193 2059 1297 2102 fecit
1335 2058 1540 2101 sanctaeb
1571 2056 1805 2098 memoriae

48 2129 94 2171 P.
119 2129 145 2169 J
149 2128 322 2180 gnatius
338 2129 364 2169 1.
419 2127 581 2168 Verum
605 2125 693 2167 scio
716 2125 1070 2167 constitutionem
1102 2138 1258 2166 nouam
1282 2125 1457 2167 obstare
1468 2126 1497 2174 2,
1532 2125 1576 2165 et
1607 2123 1686 2163 hoc
1709 2134 1804 2162 esse

49 2193 177 2247 officij
211 2192 294 2234 mei
326 2191 545 2246 proprium
578 2190 755 2240 fateor⁰,
790 2193 838 2232 ut
871 2203 981 2243 quae
1014 2192 1214 2232 statuunt
1247 2192 1291 2232 et
1322 2189 1532 2232 mandant
1563 2188 1647 2229 mei
1679 2199 1806 2240 supe-

49 2258 198 2308 riores,
237 2270 441 2310 exequar.
504 2255 677 2309 Alioqui
718 2255 779 2296 sic
819 2269 945 2297 nosse
987 2255 1136 2297 uideor
1176 2254 1396 2307 ingenium
1429 2250 1807 2300 Reuerendissimi,

50 2327 98 2366 ut
129 2337 280 2377 parum
314 2322 428 2376 apud
459 2321 579 2362 illum
611 2320 719 2361 lucri
752 2320 897 2362 facere
929 2320 1157 2374 possimus,
1200 2320 1234 2360 si
1273 2320 1400 2361 ualde
1432 2332 1545 2361 nunc
1577 2329 1809 2371 urgeamus

51 2390 99 2431 ut
130 2387 315 2430 maiores
356 2389 592 2440 prouentus
624 2385 813 2439 applicet
844 2385 1046 2438 Collegio.
1110 2384 1264 2437 Neque
1298 2384 1540 2426 consultum
1573 2382 1710 2424 uisum
1743 2384 1811 2422 est

51 2453 172 2495 Patri
212 2451 383 2502 Natali,
427 2452 474 2492 ut
514 2451 626 2492 bona
667 2449 918 2504 Monasterij
961 2450 1083 2491 nobis
1124 2452 1201 2492 aut
1240 2448 1514 2491 Procurator-i
1556 2450 1702 2489 nostro
1744 2445 1811 2486 his

52 2517 200 2572 primis
241 2516 364 2558 annis
405 2515 708 2570 penderentur.
772 2514 1174 2557 Reuerendissimus
1215 2528 1418 2567 magnam
1460 2512 1582 2555 nobis
1624 2510 1809 2565 gratiam

53 2582 158 2624 fecit
190 2582 270 2622 hoc
303 2595 410 2622 onus
441 2580 485 2621 in
517 2594 563 2621 se
595 2580 911 2630 transferendo,
946 2583 995 2622 ut
1026 2579 1142 2621 mille
1175 2580 1363 2621 florenos
1395 2592 1471 2632 pro
1506 2576 1627 2619 bonis
1659 2576 1810 2629 ijsdem

54 2647 232 2688 exoluat
264 2645 467 2699 Collegio.
533 2644 734 2697 Alioquin
776 2644 1019 2687 haereticos
1061 2648 1104 2686 et
1145 2644 1361 2697 improbos
1395 2642 1580 2685 rusticos
1622 2639 1812 2694 quotidie

54 2710 176 2752 nobis
217 2711 502 2752 aduersantes
542 2709 820 2757 haberemus3
862 2708 903 2750 in
947 2708 1149 2750 colendas
1191 2708 1353 2757 uineas,
1402 2721 1581 2760 quarum
1622 2706 1812 2747 incertus

55 2778 290 2830 prouentus
323 2778 403 2824 est,
437 2774 617 2816 multum
652 2773 858 2827 pecuniae
889 2776 983 2816 toto
1016 2773 1107 2815 fere
1140 2787 1250 2814 anno
1274 2772 1609 2820 absumeremus,
1643 2772 1687 2812 et
1717 2783 1812 2811 cum

55 2840 189 2882 feroci
222 2842 352 2893 gente
385 2839 484 2882 lites
517 2839 608 2880 fere
641 2841 874 2892 perpetuas
908 2838 960 2880 ad
994 2837 1259 2890 colligendos
1290 2839 1527 2890 prouentus
1560 2835 1810 2887 Monasterij

176 2938 202 2959 a,
236 2932 306 2956 Tria
335 2939 374 2955 ro.
394 2940 451 2961 sqq.
472 2937 563 2961 supra
587 2937 699 2953 cer-sum
725 2929 833 2960 scripta
860 2932 935 2953 sunl.
1029 2928 1057 2959 b)
1086 2928 1192 2953 santae
1222 2930 1299 2953 (tm-h.
1392 2932 1417 2953 c)
1448 2929 1504 2952 Ilm·
1535 2936 1556 2951 ι’.
1577 2936 1667 2959 supra
1700 2935 1813 2952 versum

58 2973 198 3005 scriptum
220 2976 270 2998 est.

182 3074 191 3094 ¹
217 3073 250 3107 S.
271 3073 432 3116 Ignatius
452 3084 530 3106 cum
550 3071 697 3105 Alberto
712 3070 752 3104 V.
771 3071 947 3103 Bavariae
966 3070 1053 3103 duce
1081 3071 1128 3103 ita
1157 3070 1232 3112 egit
1258 3081 1348 3103 anno
1371 3070 1469 3109 1556,
1497 3081 1576 3103 cum
1604 3070 1644 3103 de
1664 3069 1814 3112 collegio

61 3126 270 3168 Ingolstadii
296 3125 514 3160 instituendo
540 3126 778 3164 tractaretur;
806 3134 838 3156 v.
869 3124 954 3157 Can.
984 3123 997 3155 1
1025 3122 1211 3157 600-602
1239 3126 1272 3155 et
1303 3123 1416 3164 Dedzr,
1445 3123 1517 3157 Jes.
1545 3123 1559 3156 I
1587 3123 1736 3157 55—56.

179 3178 192 3198 ‘·'
217 3177 308 3212 Vide
334 3190 442 3222 supra
468 3190 502 3222 p.
524 3178 619 3211 36:3⁴.
