2077 3461
249 201 302 241 20
804 199 904 234 1202.
933 199 1096 234 Cauisius
1122 200 1300 235 Stanislao
1327 200 1446 235 Hosio.

247 317 472 370 Augustae
513 317 755 360 inchoanda
797 333 891 361 esse
934 319 1145 370 dicuntur,
1190 333 1215 360 a
1252 318 1404 372 quibus
1445 333 1525 372 ego
1560 333 1644 360 non
1676 319 1816 361 minus
1848 319 2000 362 abesse

249 395 459 435 cuperem,
484 380 519 422 si
540 381 703 433 liceret,
729 397 857 436 quam
875 383 1091 425 Celsitudo
1115 387 1190 426 tua
1212 383 1349 425 uoluit
1371 397 1397 425 a
1419 383 1631 425 Polonicis
1653 383 1844 438 Comitijs
1866 397 2001 438 nuper

249 446 412 487 abesse.
462 446 642 488 Romam
675 461 779 490 sane
810 462 954 498 uocor,
988 451 1036 490 ut
1067 448 1245 490 idoneus
1268 447 1498 490 Societatis
1530 451 1704 490 nostrae
1736 449 2002 501 gubernator

248 510 346 553 foel.
380 524 506 553 mem.
568 511 821 565 Praeposito
864 515 1011 555 nostro
1053 513 1244 567 generalj
1278 512 1450 566 Laynez
1492 515 1661 555 aestate
1701 514 1849 555 futura
1881 514 2001 555 suffi-

249 574 399 617 ciatur.
464 575 547 617 Sed
579 576 900 619 Illustrissimus
933 577 1170 619 Cardinalis
1210 580 1359 620 noster
1399 592 1466 619 me
1504 579 1547 619 in
1579 578 1771 632 Comitijs
1802 578 1879 620 sibi
1913 592 2001 619 ser-

249 653 352 681 uare
385 640 617 682 contendit.
681 641 804 684 Fiat
836 645 980 684 autem
1014 643 1276 685 uoluntas
1308 642 1565 696 Dominj1.
1628 643 1747 684 Nihil
1779 643 1918 685 dicam
1950 643 2002 684 de

249 704 391 746 Patris
432 705 568 758 nostrj
602 719 702 747 uere
743 706 800 759 pij
834 720 883 747 ac
915 706 1105 759 religiosi
1139 707 1269 750 obitu.
1334 707 1436 749 Cum
1468 708 1541 749 illo
1574 707 1742 761 quidem
1780 708 2002 762 praeclare

249 772 395 810 actum
417 783 512 811 esse
533 773 747 823 putamus,
782 771 893 822 quod
918 771 1073 813 debitis
1098 771 1250 814 uirtuti
1281 786 1384 814 suae
1416 773 1619 826 praemijs
1651 773 1764 826 apud
1788 773 2002 814 Christum

250 836 294 876 et
326 837 500 876 sanctos
534 834 624 875 eius
656 834 781 875 modo
815 835 1006 877 fruatur:
1040 836 1133 878 Nos
1162 850 1264 878 uero
1289 837 1368 879 etsi
1393 852 1476 879 non
1499 852 1724 891 possumus
1746 837 1848 879 talis
1869 837 2003 879 tanti-

250 912 331 951 que
363 898 445 939 viri
478 898 688 940 desiderio
722 913 805 940 non
838 900 1027 942 maximo
1059 902 1211 955 tenerj,
1254 904 1399 944 tamen
1431 902 1546 944 illius
1579 902 1792 944 charitate
1824 916 1874 944 ac
1904 915 2003 956 pre-

251 963 368 1004 cibus
409 977 486 1004 nos
527 963 721 1004 adiutum
761 964 812 1005 iri
855 965 1118 1016 confidimus,
1161 969 1209 1008 ut
1250 966 1402 1008 militia
1439 970 1588 1009 nostra
1621 967 1840 1009 terrestris
1872 970 2003 1020 atque

249 1028 355 1069 haec
397 1029 490 1069 tota
532 1027 725 1070 Societas
766 1028 963 1071 foelicius
1005 1030 1231 1083 dirigatur.
1295 1031 1427 1073 Viuat
1464 1031 1536 1073 ille
1574 1032 1756 1083 Christo,
1799 1036 1847 1074 ut
1888 1035 2004 1074 certe

251 1092 368 1142 uiuit,
411 1092 453 1133 in
495 1092 818 1146 sempiternum.
882 1094 980 1136 Misi
1012 1110 1107 1136 cum
1146 1095 1375 1149 postremis
1408 1096 1544 1139 literis
1576 1097 1729 1138 librum
1762 1111 1919 1138 nouum
1953 1097 2004 1138 de

251 1156 554 1198 Communione
595 1171 720 1199 sacra
753 1160 797 1200 et
829 1159 1048 1201 Catholica
1061 1161 1089 1203 2.
1153 1161 1279 1202 Nunc
1311 1161 1511 1214 Dilingae
1543 1176 1705 1213 uersor,
1744 1162 1814 1216 ubj
1848 1162 2005 1203 florent

250 1221 393 1263 studia
426 1224 473 1263 ut
495 1224 625 1263 antea
648 1236 878 1276 nunquam,
913 1224 1073 1266 nostris
1096 1225 1359 1275 docentibuS,
1394 1228 1437 1268 et
1469 1225 1671 1279 frequens
1704 1229 1770 1269 est
1802 1240 2004 1268 numerus

251 1286 551 1336 studiosorum,
592 1287 759 1329 Christo
793 1288 849 1330 sit
881 1303 1050 1342 semper
1081 1290 1232 1343 gloria.
1296 1290 1522 1333 Caeterum
1556 1292 1666 1344 quod
1700 1295 1897 1334 amanter
1929 1305 2005 1332 ex-

250 1351 443 1405 postulat
485 1365 651 1392 mecum
683 1352 935 1406 Amplitudo
974 1357 1062 1405 tua,
1107 1355 1205 1407 quia
1238 1369 1321 1396 non
1356 1356 1478 1397 uenio
1512 1355 1554 1397 in
1587 1356 1823 1407 Prusciam,
1866 1356 2004 1398 maius

251 1416 364 1469 apud
395 1429 462 1456 me
494 1416 659 1469 pondus
690 1417 882 1468 haberet,
917 1418 953 1460 si
976 1433 1104 1461 curae
1126 1433 1247 1461 meae
1270 1420 1507 1462 subiectum
1532 1424 1647 1463 esset
1668 1421 1748 1462 1100
1770 1421 2003 1475 Collegium

252 1480 571 1523 Prutenicum3.
634 1481 760 1523 Nunc
793 1496 895 1524 uero
933 1497 1071 1536 neque
1103 1484 1146 1525 in
1178 1484 1369 1535 Austria,
1412 1499 1550 1538 neque
1582 1486 1625 1527 in
1657 1486 1891 1527 Bohoemia
1923 1485 2005 1527 dici

252 1559 423 1598 possum
456 1544 751 1589 Prouincialis.
814 1547 927 1589 Nam
969 1549 1199 1591 multitudo
1238 1549 1524 1603 Collegiorum
1564 1554 1809 1593 nostrorum
1850 1550 2004 1601 effecit,

252 1612 299 1652 ut
340 1609 572 1663 prudent-es
617 1611 802 1653 maiores
843 1613 980 1655 nostri
1021 1613 1131 1655 hanc
1173 1614 1457 1665 Prouinciam,
1501 1629 1610 1668 quae
1651 1615 1776 1657 unius
1817 1615 2005 1657 humeris

253 1676 382 1716 antea
413 1674 698 1725 incumbebat,
732 1675 773 1717 in
806 1678 966 1719 multos
998 1678 1148 1732 partiti
1181 1679 1353 1721 fuerint.
1408 1679 1531 1721 Vnde
1563 1694 1685 1721 suum
1718 1680 1849 1722 habet
1874 1680 2006 1721 Prae-

252 1738 438 1792 positum
471 1740 662 1790 Ausa-ia,
697 1755 820 1782 suum
854 1742 1041 1792 Rhenus,
1076 1757 1199 1785 suum
1232 1744 1430 1797 Belgica:
1471 1744 1574 1785 mihi
1605 1759 1715 1786 nunc
1748 1745 1930 1786 Sueuica
1963 1748 2007 1786 et

253 1803 465 1845 Bauarica
509 1803 769 1847 demandata
811 1809 900 1857 est,
947 1808 1029 1849 etsi
1069 1821 1225 1850 nomen
1265 1809 1345 1850 hoc
1386 1807 1596 1863 man[et,]
1642 1812 1690 1851 ut
1735 1809 2007 1863 praepositus

256 1868 511 1910 Germaniae
553 1870 785 1922 superioris
827 1872 1033 1925 appeller.
1098 1873 1230 1926 Spero
1264 1876 1410 1915 autem
1451 1874 1570 1915 breui
1604 1874 1709 1924 fore,
1751 1877 1799 1916 ut
1830 1873 2007 1916 Polonia

254 1947 378 1974 suum
395 1933 580 1986 accipiat
603 1947 769 1987 quoque
788 1935 1099 1990 Praepositum,
1124 1938 1377 1991 praesertim
1401 1953 1495 1980 cum
1520 1953 1649 1980 unum
1672 1942 1801 1992 atque
1823 1939 2005 1981 alterum

256 1997 488 2040 accesserit
533 1998 783 2051 Collegium.
859 2002 1003 2055 Atque
1046 2002 1213 2045 interea
1257 2003 1439 2045 Romam
1483 2003 1637 2057 scripsi
1685 2004 1737 2045 de
1783 2004 2007 2046 uoluntate

256 2062 528 2104 Celsitudinis
569 2066 692 2114 tuae,
738 2068 786 2106 ut
826 2080 910 2107 non
952 2067 1062 2109 desit
1102 2068 1146 2109 in
1188 2068 1419 2110 Prutenica
1459 2082 1599 2110 messe
1641 2069 1860 2122 operarius
1903 2068 2008 2110 Ger-

255 2127 470 2177 manicus,
514 2128 585 2180 qui
627 2129 882 2172 dominicum
924 2145 1069 2173 semen
1111 2134 1319 2186 spargat4
1359 2133 1583 2174 Domino
1625 2134 2006 2187 cooperante5.

257 2192 507 2245 Quanquam
552 2207 636 2234 non
681 2194 891 2245 dubitem,
938 2197 993 2239 M.
1028 2197 1234 2239 Petrum6
1277 2197 1610 2248 Treuerensem,
1657 2198 1708 2240 de
1753 2212 1835 2251 quo
1879 2201 2009 2239 antea

257 2257 420 2311 scripsi,
461 2257 503 2298 in
537 2258 756 2300 Prusciam
789 2259 956 2302 Christo
1001 2261 1107 2303 duce
1149 2276 1260 2304 nunc
1292 2262 1554 2316 peruenisse,
1596 2265 1644 2304 ut
1685 2262 1822 2316 possit
1860 2265 1904 2304 et
1936 2262 2008 2303 ille

257 2322 419 2364 seruire
451 2323 622 2376 populo,
656 2326 699 2365 et
732 2324 863 2366 diuini
895 2326 1013 2380 uerbj
1048 2341 1142 2368 esse
1174 2327 1412 2369 minister7.
1466 2327 1590 2369 Certe
1622 2327 1658 2368 si
1690 2341 1869 2380 usquam
1892 2327 2006 2376 alibi,

257 2391 346 2429 tum
376 2387 419 2428 in
443 2387 673 2429 Germania
694 2389 915 2442 penuriam
941 2390 1297 2433 Concionatorum
1322 2391 1580 2445 experimur,
1613 2394 1661 2434 ut
1684 2391 1855 2446 optimis
1878 2391 2008 2434 etiam

265 2540 464 2580 „versutiae
492 2540 668 2574 Punicae“
705 2543 1043 2575 commemorantur:
1079 2541 1258 2575 Historiae
1285 2541 1307 2575 l.
1334 2541 1389 2582 21,
1417 2553 1445 2575 c.
1472 2542 1510 2582 4;
1542 2541 1564 2576 1.
1592 2542 1647 2582 42,
1673 2553 1702 2575 c.
1730 2542 1784 2575 47.
1835 2541 2009 2585 Equidem

260 2593 434 2634 coniecto,
471 2593 654 2627 Canisium
688 2592 754 2627 hoc
785 2593 861 2627 1000
895 2605 963 2627 11011
996 2594 1110 2627 solum
1142 2595 1398 2638 protestantes,
1434 2595 1513 2635 sed,
1549 2595 1696 2629 obscure
1731 2597 1866 2636 tamen,
1902 2595 2009 2627 etiam

261 2645 543 2679 Maximilianum
570 2647 613 2680 Il.
640 2646 889 2691 imperatorem
926 2649 960 2680 et
995 2647 1144 2690 aliquos,
1181 2658 1330 2690 quorum
1366 2647 1524 2681 consiliis
1559 2647 1590 2680 is
1624 2647 1802 2687 utebatur,
1837 2648 1877 2680 ut
1903 2647 2009 2681 Geor-

261 2699 357 2739 gium
384 2698 559 2732 Vicelium
597 2702 632 2733 et
667 2698 858 2742 Georgium
886 2699 1146 2741 Cassandrum,
1182 2700 1424 2733 claudicantes
1459 2700 1540 2734 illos
1575 2699 1770 2742 theologos,
1806 2699 2010 2742 significare

266 2752 320 2793 (O.
336 2752 382 2784 H.
398 2752 550 2795 Hopfen,
568 2752 695 2786 Kaiser
709 2752 933 2786 Maximilian
950 2752 993 2786 Π.
1012 2752 1082 2786 und
1101 2753 1162 2786 der
1177 2752 1692 2797 Kompromisskatholizismus,
1711 2751 1889 2785 Miinchen
1910 2753 2009 2793 1895,

266 2803 447 2838 113—-114
486 2805 678 2839 124-125.
731 2806 855 2839 leeod.
888 2807 962 2840 Jos.
996 2806 1138 2850 Schery,
1173 2797 1269 2839 fiber
1304 2806 1359 2839 die
1393 2806 1559 2849 religiose
1593 2804 1847 2847 Entwicklung
1883 2805 2010 2838 Kaiser

263 2855 506 2890 Maximilians
533 2858 586 2897 Ι[.,
613 2857 818 2902 ἊῙίἱῐ-Ζϋιιῑὲ
846 2858 947 2900 1903,
974 2858 1165 2901 98—101).

385 2910 395 2928 ¹
424 2910 490 2943 Act
516 2910 570 2950 21,
600 2911 660 2951 14;
688 2911 732 2945 cf.
760 2912 814 2945 Mt
839 2912 870 2952 6,
901 2912 960 2951 10;
989 2911 1037 2945 Lc
1063 2912 1118 2951 22,
1145 2911 1189 2944 42
1217 2913 1285 2946 etc.

384 2961 396 2981 ²
423 2962 461 2995 Ρ.
488 2962 589 2996 Pauli
616 2963 753 2997 Hoffaei
780 2963 813 2998 S.
836 2965 868 2998 J.
899 2964 1174 3006 „Gri'indtlicher
1199 2964 1354 2998 XVahrer
1379 2963 1525 2998 Bericht
1549 2974 1619 2996 von
1638 2962 1884 2997 Catholischer
1910 2962 2009 2996 Com-

266 3013 429 3048 munion“
459 3018 537 3055 etc„
564 3016 742 3050 Miinchen
771 3017 879 3057 1565;
908 3030 941 3051 v.
972 3018 1054 3051 Can.
1082 3017 1131 3051 IV
1158 3017 1237 3051 782.

386 3068 398 3087 ³
423 3067 745 3111 Braunsbergense.
890 3072 901 3090 ⁴
929 3070 982 3104 Cf.
1008 3071 1064 3104 Mt
1088 3071 1118 3111 9,
1146 3070 1189 3104 37
1217 3070 1279 3105 38:
1308 3071 1355 3104 Lc
1384 3071 1435 3111 10,
1463 3069 1502 3109 2;
1533 3069 1547 3102 l
1577 3069 1653 3102 Tim
1681 3069 1712 3109 5,
1740 3068 1783 3102 18
1809 3071 1875 3102 etc.

386 3121 405 3140 ⁵>
425 3120 482 3154 Mc
510 3121 562 3162 16,
589 3121 644 3154 20.
789 3123 801 3142 ⁶
826 3122 940 3162 Fahe,
969 3122 1049 3156 vide
1075 3134 1183 3167 supra
1209 3134 1242 3167 p.
1263 3123 1310 3156 72.

387 3174 398 3193 ⁷
426 3172 479 3207 Cf.
505 3174 575 3207 Act
601 3174 631 3215 6,
659 3175 697 3214 4;
727 3174 788 3207 Col
817 3176 846 3215 1,
874 3175 927 3209 23.
