<?xml version="1.0" encoding="UTF-8"?>
<!DOCTYPE html PUBLIC "-//W3C//DTD XHTML 1.0 Transitional//EN"
    "http://www.w3.org/TR/xhtml1/DTD/xhtml1-transitional.dtd">
<html xmlns="http://www.w3.org/1999/xhtml" xml:lang="en" lang="en">
 <head>
  <title>
</title>
<meta http-equiv="Content-Type" content="text/html;charset=utf-8" />
  <meta name='ocr-system' content='tesseract 3.04.00' />
  <meta name='ocr-capabilities' content='ocr_page ocr_carea ocr_par ocr_line ocrx_word'/>
</head>
<body>
  <div class='ocr_page' id='page_1' title='image "beatipetricanisi05cani_0810.png"; bbox 0 0 2045 3471; ppageno 0'>
   <div class='ocr_carea' id='block_1_1' title="bbox 201 190 1598 235">
    <p class='ocr_par' dir='ltr' id='par_1_1' title="bbox 201 190 1598 235">
     <span class='ocr_line' id='line_1_1' title="bbox 201 190 1598 235; baseline -0.001 -9"><span class='ocrx_word' id='word_1_1' title='bbox 201 195 286 235; x_wconf 78' lang='grc'>722</span> <span class='ocrx_word' id='word_1_2' title='bbox 566 192 661 226; x_wconf 79' lang='lat' dir='ltr'>Mon.</span> <span class='ocrx_word' id='word_1_3' title='bbox 680 191 748 226; x_wconf 78' lang='lat'>790</span> <span class='ocrx_word' id='word_1_4' title='bbox 774 191 852 225; x_wconf 90' lang='lat' dir='ltr'>sive</span> <span class='ocrx_word' id='word_1_5' title='bbox 878 191 951 235; x_wconf 91' lang='lat' dir='ltr'>ing.</span> <span class='ocrx_word' id='word_1_6' title='bbox 972 192 1037 235; x_wconf 81' lang='lat'>(7).</span> <span class='ocrx_word' id='word_1_7' title='bbox 1081 191 1135 225; x_wconf 87' lang='lat' dir='ltr'>Ab</span> <span class='ocrx_word' id='word_1_8' title='bbox 1164 191 1217 225; x_wconf 74' lang='lat'>18.</span> <span class='ocrx_word' id='word_1_9' title='bbox 1237 190 1281 224; x_wconf 87' lang='lat' dir='ltr'>ad</span> <span class='ocrx_word' id='word_1_10' title='bbox 1308 190 1363 224; x_wconf 78' lang='lat'>26.</span> <span class='ocrx_word' id='word_1_11' title='bbox 1383 190 1474 233; x_wconf 81' lang='lat' dir='ltr'>Aug.</span> <span class='ocrx_word' id='word_1_12' title='bbox 1497 191 1598 224; x_wconf 83' lang='lat'>1566.</span> 
     </span>
    </p>
   </div>
   <div class='ocr_carea' id='block_1_2' title="bbox 197 308 1965 1273">
    <p class='ocr_par' dir='ltr' id='par_1_2' title="bbox 197 308 1965 1273">
     <span class='ocr_line' id='line_1_2' title="bbox 198 308 1964 363; baseline -0.002 -10"><span class='ocrx_word' id='word_1_13' title='bbox 198 311 399 353; x_wconf 73' lang='lat' dir='ltr'>discessit</span> <span class='ocrx_word' id='word_1_14' title='bbox 430 310 480 353; x_wconf 79' lang='lat' dir='ltr'>R.</span> <span class='ocrx_word' id='word_1_15' title='bbox 506 311 552 354; x_wconf 81' lang='lat' dir='ltr'>P.</span> <span class='ocrx_word' id='word_1_16' title='bbox 576 310 874 359; x_wconf 88' lang='lat' dir='ltr'>Prouincialis,</span> <span class='ocrx_word' id='word_1_17' title='bbox 909 324 1004 352; x_wconf 86' lang='lat' dir='ltr'>cum</span> <span class='ocrx_word' id='word_1_18' title='bbox 1027 324 1188 363; x_wconf 86' lang='lat' dir='ltr'>magna</span> <span class='ocrx_word' id='word_1_19' title='bbox 1209 309 1504 360; x_wconf 88' lang='lat' dir='ltr'>festinatione,</span> <span class='ocrx_word' id='word_1_20' title='bbox 1539 323 1564 351; x_wconf 89' lang='lat' dir='ltr'>a</span> <span class='ocrx_word' id='word_1_21' title='bbox 1586 308 1964 350; x_wconf 84' lang='lat' dir='ltr'>Reuerendissimo</span> 
     </span>
     <span class='ocr_line' id='line_1_3' title="bbox 198 373 1964 429; baseline -0.001 -12"><span class='ocrx_word' id='word_1_22' title='bbox 198 376 456 429; x_wconf 87' lang='lat' dir='ltr'>Augustano</span> <span class='ocrx_word' id='word_1_23' title='bbox 497 375 718 428; x_wconf 89' lang='lat' dir='ltr'>Dilingam</span> <span class='ocrx_word' id='word_1_24' title='bbox 750 377 954 425; x_wconf 71' lang='lat' dir='ltr'>vocatus,</span> <span class='ocrx_word' id='word_1_25' title='bbox 998 375 1126 417; x_wconf 85' lang='lat' dir='ltr'>Cuius</span> <span class='ocrx_word' id='word_1_26' title='bbox 1167 374 1437 428; x_wconf 89' lang='lat' dir='ltr'>praesentia,</span> <span class='ocrx_word' id='word_1_27' title='bbox 1480 374 1594 416; x_wconf 87' lang='lat' dir='ltr'>sicut</span> <span class='ocrx_word' id='word_1_28' title='bbox 1635 378 1679 416; x_wconf 89' lang='lat' dir='ltr'>et</span> <span class='ocrx_word' id='word_1_29' title='bbox 1719 373 1964 415; x_wconf 85' lang='lat' dir='ltr'>Reuerendi</span> 
     </span>
     <span class='ocr_line' id='line_1_4' title="bbox 199 438 1964 494; baseline -0.001 -12"><span class='ocrx_word' id='word_1_30' title='bbox 199 441 244 484; x_wconf 90' lang='lat' dir='ltr'>P.</span> <span class='ocrx_word' id='word_1_31' title='bbox 268 440 537 489; x_wconf 79' lang='lat' dir='ltr'>VisitatoriS,</span> <span class='ocrx_word' id='word_1_32' title='bbox 580 455 665 482; x_wconf 88' lang='lat' dir='ltr'>non</span> <span class='ocrx_word' id='word_1_33' title='bbox 697 455 851 494; x_wconf 87' lang='lat' dir='ltr'>parum</span> <span class='ocrx_word' id='word_1_34' title='bbox 883 440 925 481; x_wconf 90' lang='lat' dir='ltr'>in</span> <span class='ocrx_word' id='word_1_35' title='bbox 964 440 1134 481; x_wconf 89' lang='lat' dir='ltr'>domino</span> <span class='ocrx_word' id='word_1_36' title='bbox 1167 439 1354 482; x_wconf 87' lang='lat' dir='ltr'>recreati</span> <span class='ocrx_word' id='word_1_37' title='bbox 1386 453 1547 481; x_wconf 89' lang='lat' dir='ltr'>sumus.</span> <span class='ocrx_word' id='word_1_38' title='bbox 1612 438 1809 481; x_wconf 85' lang='lat' dir='ltr'>Accessit</span> <span class='ocrx_word' id='word_1_39' title='bbox 1850 438 1964 491; x_wconf 91' lang='lat' dir='ltr'>quod</span> 
     </span>
     <span class='ocr_line' id='line_1_5' title="bbox 198 503 1963 560; baseline -0.001 -13"><span class='ocrx_word' id='word_1_40' title='bbox 198 519 293 547; x_wconf 90' lang='lat' dir='ltr'>cum</span> <span class='ocrx_word' id='word_1_41' title='bbox 324 505 563 560; x_wconf 88' lang='lat' dir='ltr'>recepisset</span> <span class='ocrx_word' id='word_1_42' title='bbox 593 504 711 547; x_wconf 89' lang='lat' dir='ltr'>hisce</span> <span class='ocrx_word' id='word_1_43' title='bbox 744 505 895 547; x_wconf 89' lang='lat' dir='ltr'>diebus</span> <span class='ocrx_word' id='word_1_44' title='bbox 916 505 1175 554; x_wconf 80' lang='lat' dir='ltr'>Jubilaeum,</span> <span class='ocrx_word' id='word_1_45' title='bbox 1209 507 1253 546; x_wconf 91' lang='lat' dir='ltr'>et</span> <span class='ocrx_word' id='word_1_46' title='bbox 1278 504 1508 554; x_wconf 72' lang='lat' dir='ltr'>timuisset,</span> <span class='ocrx_word' id='word_1_47' title='bbox 1542 517 1610 554; x_wconf 91' lang='lat' dir='ltr'>ne,</span> <span class='ocrx_word' id='word_1_48' title='bbox 1643 504 1755 545; x_wconf 87' lang='lat' dir='ltr'>sicut</span> <span class='ocrx_word' id='word_1_49' title='bbox 1778 503 1963 545; x_wconf 88' lang='lat' dir='ltr'>alterum</span> 
     </span>
     <span class='ocr_line' id='line_1_6' title="bbox 199 568 1965 624; baseline -0.002 -12"><span class='ocrx_word' id='word_1_50' title='bbox 199 570 413 623; x_wconf 83' lang='lat' dir='ltr'>quoddam</span> <span class='ocrx_word' id='word_1_51' title='bbox 461 573 658 624; x_wconf 87' lang='lat' dir='ltr'>tempore</span> <span class='ocrx_word' id='word_1_52' title='bbox 705 570 1070 623; x_wconf 87' lang='lat' dir='ltr'>quadragesimali</span> <span class='ocrx_word' id='word_1_53' title='bbox 1119 569 1485 623; x_wconf 74' lang='lat' dir='ltr'>supprimeretur,</span> <span class='ocrx_word' id='word_1_54' title='bbox 1539 569 1679 610; x_wconf 90' lang='lat' dir='ltr'>voluit</span> <span class='ocrx_word' id='word_1_55' title='bbox 1724 568 1965 622; x_wconf 89' lang='lat' dir='ltr'>praeterita</span> 
     </span>
     <span class='ocr_line' id='line_1_7' title="bbox 197 633 1962 690; baseline -0.002 -13"><span class='ocrx_word' id='word_1_56' title='bbox 197 635 469 677; x_wconf 88' lang='lat' dir='ltr'>hebdomada</span> <span class='ocrx_word' id='word_1_57' title='bbox 491 649 578 677; x_wconf 84' lang='lat' dir='ltr'>vna</span> <span class='ocrx_word' id='word_1_58' title='bbox 611 649 707 677; x_wconf 86' lang='lat' dir='ltr'>cum</span> <span class='ocrx_word' id='word_1_59' title='bbox 739 635 936 690; x_wconf 90' lang='lat' dir='ltr'>patribus</span> <span class='ocrx_word' id='word_1_60' title='bbox 969 638 1013 677; x_wconf 88' lang='lat' dir='ltr'>et</span> <span class='ocrx_word' id='word_1_61' title='bbox 1045 634 1269 683; x_wconf 87' lang='lat' dir='ltr'>fratribus,</span> <span class='ocrx_word' id='word_1_62' title='bbox 1304 634 1395 676; x_wconf 92' lang='lat' dir='ltr'>eius</span> <span class='ocrx_word' id='word_1_63' title='bbox 1427 634 1647 688; x_wconf 72' lang='lat' dir='ltr'>particeps</span> <span class='ocrx_word' id='word_1_64' title='bbox 1669 633 1774 676; x_wconf 85' lang='lat' dir='ltr'>fieri.</span> <span class='ocrx_word' id='word_1_65' title='bbox 1819 633 1962 675; x_wconf 88' lang='lat' dir='ltr'>Publi-</span> 
     </span>
     <span class='ocr_line' id='line_1_8' title="bbox 199 698 1964 754; baseline -0.001 -13"><span class='ocrx_word' id='word_1_66' title='bbox 199 701 317 743; x_wconf 89' lang='lat' dir='ltr'>cauit</span> <span class='ocrx_word' id='word_1_67' title='bbox 348 700 482 754; x_wconf 88' lang='lat' dir='ltr'>igitur</span> <span class='ocrx_word' id='word_1_68' title='bbox 514 700 688 750; x_wconf 90' lang='lat' dir='ltr'>nostris,</span> <span class='ocrx_word' id='word_1_69' title='bbox 733 704 776 742; x_wconf 89' lang='lat' dir='ltr'>et</span> <span class='ocrx_word' id='word_1_70' title='bbox 817 699 956 742; x_wconf 86' lang='lat' dir='ltr'>tribus</span> <span class='ocrx_word' id='word_1_71' title='bbox 989 700 1118 742; x_wconf 90' lang='lat' dir='ltr'>statis</span> <span class='ocrx_word' id='word_1_72' title='bbox 1159 699 1304 752; x_wconf 85' lang='lat' dir='ltr'>ieiunij</span> <span class='ocrx_word' id='word_1_73' title='bbox 1348 699 1512 748; x_wconf 91' lang='lat' dir='ltr'>diebus,</span> <span class='ocrx_word' id='word_1_74' title='bbox 1553 698 1756 741; x_wconf 90' lang='lat' dir='ltr'>instituat</span> <span class='ocrx_word' id='word_1_75' title='bbox 1787 698 1881 752; x_wconf 89' lang='lat' dir='ltr'>pias</span> <span class='ocrx_word' id='word_1_76' title='bbox 1913 712 1964 740; x_wconf 87' lang='lat' dir='ltr'>ac</span> 
     </span>
     <span class='ocr_line' id='line_1_9' title="bbox 200 763 1963 819; baseline -0.002 -12"><span class='ocrx_word' id='word_1_77' title='bbox 200 766 381 807; x_wconf 79' lang='lat' dir='ltr'>denotas</span> <span class='ocrx_word' id='word_1_78' title='bbox 414 765 765 819; x_wconf 78' lang='lat' dir='ltr'>supplicationes,</span> <span class='ocrx_word' id='word_1_79' title='bbox 808 765 850 806; x_wconf 93' lang='lat' dir='ltr'>in</span> <span class='ocrx_word' id='word_1_80' title='bbox 884 765 1036 818; x_wconf 89' lang='lat' dir='ltr'>quibus</span> <span class='ocrx_word' id='word_1_81' title='bbox 1069 765 1380 807; x_wconf 85' lang='lat' dir='ltr'>recetabantur</span> <span class='ocrx_word' id='word_1_82' title='bbox 1412 763 1585 816; x_wconf 90' lang='lat' dir='ltr'>quidam</span> <span class='ocrx_word' id='word_1_83' title='bbox 1618 763 1786 818; x_wconf 84' lang='lat' dir='ltr'>psalmi,</span> <span class='ocrx_word' id='word_1_84' title='bbox 1825 766 1870 805; x_wconf 90' lang='lat' dir='ltr'>et</span> <span class='ocrx_word' id='word_1_85' title='bbox 1899 763 1963 804; x_wconf 91' lang='lat' dir='ltr'>le-</span> 
     </span>
     <span class='ocr_line' id='line_1_10' title="bbox 199 827 1963 883; baseline -0.002 -11"><span class='ocrx_word' id='word_1_86' title='bbox 199 831 387 879; x_wconf 77' lang='lat' dir='ltr'>taniael,</span> <span class='ocrx_word' id='word_1_87' title='bbox 422 830 640 872; x_wconf 88' lang='lat' dir='ltr'>ordinauit</span> <span class='ocrx_word' id='word_1_88' title='bbox 672 830 817 880; x_wconf 88' lang='lat' dir='ltr'>etiam,</span> <span class='ocrx_word' id='word_1_89' title='bbox 853 833 901 872; x_wconf 90' lang='lat' dir='ltr'>vt</span> <span class='ocrx_word' id='word_1_90' title='bbox 933 830 1085 883; x_wconf 83' lang='lat' dir='ltr'>ijsdem</span> <span class='ocrx_word' id='word_1_91' title='bbox 1109 829 1271 878; x_wconf 79' lang='lat' dir='ltr'>diebus,</span> <span class='ocrx_word' id='word_1_92' title='bbox 1306 831 1482 882; x_wconf 86' lang='lat' dir='ltr'>praeter</span> <span class='ocrx_word' id='word_1_93' title='bbox 1512 828 1712 878; x_wconf 88' lang='lat' dir='ltr'>letanias,</span> <span class='ocrx_word' id='word_1_94' title='bbox 1746 842 1853 881; x_wconf 89' lang='lat' dir='ltr'>quas</span> <span class='ocrx_word' id='word_1_95' title='bbox 1875 827 1963 869; x_wconf 89' lang='lat' dir='ltr'>sin-</span> 
     </span>
     <span class='ocr_line' id='line_1_11' title="bbox 198 894 1965 949; baseline -0.001 -13"><span class='ocrx_word' id='word_1_96' title='bbox 198 895 310 948; x_wconf 90' lang='lat' dir='ltr'>gulis</span> <span class='ocrx_word' id='word_1_97' title='bbox 352 895 500 936; x_wconf 90' lang='lat' dir='ltr'>diebus</span> <span class='ocrx_word' id='word_1_98' title='bbox 541 909 618 949; x_wconf 90' lang='lat' dir='ltr'>pro</span> <span class='ocrx_word' id='word_1_99' title='bbox 660 895 776 936; x_wconf 87' lang='lat' dir='ltr'>felici</span> <span class='ocrx_word' id='word_1_100' title='bbox 816 895 1106 949; x_wconf 82' lang='lat' dir='ltr'>Jmperatoris</span> <span class='ocrx_word' id='word_1_101' title='bbox 1138 894 1323 936; x_wconf 87' lang='lat' dir='ltr'>victoria</span> <span class='ocrx_word' id='word_1_102' title='bbox 1364 894 1639 942; x_wconf 85' lang='lat' dir='ltr'>recitamus2‚</span> <span class='ocrx_word' id='word_1_103' title='bbox 1681 895 1965 947; x_wconf 85' lang='lat' dir='ltr'>precarentur</span> 
     </span>
     <span class='ocr_line' id='line_1_12' title="bbox 198 958 1964 1014; baseline -0.001 -13"><span class='ocrx_word' id='word_1_104' title='bbox 198 963 364 1014; x_wconf 88' lang='lat' dir='ltr'>septem</span> <span class='ocrx_word' id='word_1_105' title='bbox 397 960 731 1014; x_wconf 87' lang='lat' dir='ltr'>poenitentiales</span> <span class='ocrx_word' id='word_1_106' title='bbox 764 959 932 1013; x_wconf 86' lang='lat' dir='ltr'>psalmi,</span> <span class='ocrx_word' id='word_1_107' title='bbox 976 963 1020 1002; x_wconf 92' lang='lat' dir='ltr'>et</span> <span class='ocrx_word' id='word_1_108' title='bbox 1054 962 1102 1001; x_wconf 88' lang='lat' dir='ltr'>vt</span> <span class='ocrx_word' id='word_1_109' title='bbox 1133 960 1287 1001; x_wconf 86' lang='lat' dir='ltr'>fierent</span> <span class='ocrx_word' id='word_1_110' title='bbox 1320 959 1512 1013; x_wconf 85' lang='lat' dir='ltr'>corporis</span> <span class='ocrx_word' id='word_1_111' title='bbox 1544 958 1876 1011; x_wconf 87' lang='lat' dir='ltr'>flagellationes,</span> <span class='ocrx_word' id='word_1_112' title='bbox 1919 960 1964 1000; x_wconf 90' lang='lat' dir='ltr'>et</span> 
     </span>
     <span class='ocr_line' id='line_1_13' title="bbox 198 1022 1963 1079; baseline -0.002 -12"><span class='ocrx_word' id='word_1_113' title='bbox 198 1025 284 1067; x_wconf 83' lang='lat' dir='ltr'>alia</span> <span class='ocrx_word' id='word_1_114' title='bbox 306 1025 378 1079; x_wconf 90' lang='lat' dir='ltr'>pia</span> <span class='ocrx_word' id='word_1_115' title='bbox 401 1039 546 1079; x_wconf 85' lang='lat' dir='ltr'>opera,</span> <span class='ocrx_word' id='word_1_116' title='bbox 581 1025 635 1066; x_wconf 91' lang='lat' dir='ltr'>ad</span> <span class='ocrx_word' id='word_1_117' title='bbox 659 1038 768 1077; x_wconf 89' lang='lat' dir='ltr'>quae</span> <span class='ocrx_word' id='word_1_118' title='bbox 792 1024 935 1066; x_wconf 87' lang='lat' dir='ltr'>onmia</span> <span class='ocrx_word' id='word_1_119' title='bbox 956 1024 1048 1078; x_wconf 90' lang='lat' dir='ltr'>ipse</span> <span class='ocrx_word' id='word_1_120' title='bbox 1071 1038 1149 1066; x_wconf 91' lang='lat' dir='ltr'>nos</span> <span class='ocrx_word' id='word_1_121' title='bbox 1172 1038 1248 1065; x_wconf 94' lang='lat' dir='ltr'>suo</span> <span class='ocrx_word' id='word_1_122' title='bbox 1272 1024 1486 1078; x_wconf 75' lang='lat' dir='ltr'>exemplo,</span> <span class='ocrx_word' id='word_1_123' title='bbox 1520 1027 1565 1066; x_wconf 90' lang='lat' dir='ltr'>et</span> <span class='ocrx_word' id='word_1_124' title='bbox 1587 1022 1963 1065; x_wconf 78' lang='lat' dir='ltr'>exhortationibus</span> 
     </span>
     <span class='ocr_line' id='line_1_14' title="bbox 198 1087 1965 1143; baseline -0.001 -12"><span class='ocrx_word' id='word_1_125' title='bbox 198 1091 380 1132; x_wconf 86' lang='lat' dir='ltr'>multum</span> <span class='ocrx_word' id='word_1_126' title='bbox 412 1089 621 1132; x_wconf 85' lang='lat' dir='ltr'>incitauit.</span> <span class='ocrx_word' id='word_1_127' title='bbox 677 1089 800 1131; x_wconf 87' lang='lat' dir='ltr'>Vnde</span> <span class='ocrx_word' id='word_1_128' title='bbox 832 1089 995 1131; x_wconf 87' lang='lat' dir='ltr'>factum</span> <span class='ocrx_word' id='word_1_129' title='bbox 1019 1092 1068 1131; x_wconf 90' lang='lat' dir='ltr'>vt</span> <span class='ocrx_word' id='word_1_130' title='bbox 1099 1103 1185 1130; x_wconf 90' lang='lat' dir='ltr'>non</span> <span class='ocrx_word' id='word_1_131' title='bbox 1217 1089 1343 1143; x_wconf 89' lang='lat' dir='ltr'>pauci</span> <span class='ocrx_word' id='word_1_132' title='bbox 1375 1089 1639 1142; x_wconf 84' lang='lat' dir='ltr'>generaliter</span> <span class='ocrx_word' id='word_1_133' title='bbox 1661 1089 1712 1130; x_wconf 91' lang='lat' dir='ltr'>de</span> <span class='ocrx_word' id='word_1_134' title='bbox 1743 1089 1839 1130; x_wconf 90' lang='lat' dir='ltr'>tota</span> <span class='ocrx_word' id='word_1_135' title='bbox 1870 1087 1965 1130; x_wconf 89' lang='lat' dir='ltr'>vita</span> 
     </span>
     <span class='ocr_line' id='line_1_15' title="bbox 198 1152 1962 1208; baseline -0.002 -12"><span class='ocrx_word' id='word_1_136' title='bbox 198 1154 438 1208; x_wconf 86' lang='lat' dir='ltr'>praeterita</span> <span class='ocrx_word' id='word_1_137' title='bbox 469 1156 811 1197; x_wconf 87' lang='lat' dir='ltr'>confiterentur.</span> <span class='ocrx_word' id='word_1_138' title='bbox 836 1155 961 1196; x_wconf 84' lang='lat' dir='ltr'>Jdem</span> <span class='ocrx_word' id='word_1_139' title='bbox 985 1154 1229 1196; x_wconf 83' lang='lat' dir='ltr'>Jubilaeum</span> <span class='ocrx_word' id='word_1_140' title='bbox 1264 1155 1355 1195; x_wconf 90' lang='lat' dir='ltr'>Deo</span> <span class='ocrx_word' id='word_1_141' title='bbox 1389 1154 1565 1196; x_wconf 88' lang='lat' dir='ltr'>fauente</span> <span class='ocrx_word' id='word_1_142' title='bbox 1598 1153 1795 1206; x_wconf 84' lang='lat' dir='ltr'>sequenti</span> <span class='ocrx_word' id='word_1_143' title='bbox 1828 1152 1962 1194; x_wconf 88' lang='lat' dir='ltr'>domi-</span> 
     </span>
     <span class='ocr_line' id='line_1_16' title="bbox 198 1217 1961 1273; baseline -0.001 -12"><span class='ocrx_word' id='word_1_144' title='bbox 198 1220 323 1262; x_wconf 85' lang='lat' dir='ltr'>nica3</span> <span class='ocrx_word' id='word_1_145' title='bbox 340 1220 381 1261; x_wconf 92' lang='lat' dir='ltr'>in</span> <span class='ocrx_word' id='word_1_146' title='bbox 401 1222 585 1273; x_wconf 87' lang='lat' dir='ltr'>Vtraque</span> <span class='ocrx_word' id='word_1_147' title='bbox 607 1219 813 1273; x_wconf 84' lang='lat' dir='ltr'>parochia</span> <span class='ocrx_word' id='word_1_148' title='bbox 835 1219 1138 1273; x_wconf 76' lang='lat' dir='ltr'>publicabitur,</span> <span class='ocrx_word' id='word_1_149' title='bbox 1162 1219 1290 1271; x_wconf 90' lang='lat' dir='ltr'>idque</span> <span class='ocrx_word' id='word_1_150' title='bbox 1312 1223 1575 1272; x_wconf 86' lang='lat' dir='ltr'>procurante</span> <span class='ocrx_word' id='word_1_151' title='bbox 1593 1220 1642 1261; x_wconf 91' lang='lat' dir='ltr'>D.</span> <span class='ocrx_word' id='word_1_152' title='bbox 1660 1217 1961 1272; x_wconf 85' lang='lat' dir='ltr'>Eysengrinio.</span> 
     </span>
    </p>
   </div>
   <div class='ocr_carea' id='block_1_3' title="bbox 196 1303 1964 2837">
    <p class='ocr_par' dir='ltr' id='par_1_3' title="bbox 196 1303 1964 2837">
     <span class='ocr_line' id='line_1_17' title="bbox 317 1303 1962 1350; baseline -0.001 -10"><span class='ocrx_word' id='word_1_153' title='bbox 317 1307 352 1340; x_wconf 91' lang='lat' dir='ltr'>S.</span> <span class='ocrx_word' id='word_1_154' title='bbox 379 1307 466 1340; x_wconf 67' lang='lat' dir='ltr'>Pius</span> <span class='ocrx_word' id='word_1_155' title='bbox 491 1307 541 1349; x_wconf 65' lang='lat' dir='ltr'>V„</span> <span class='ocrx_word' id='word_1_156' title='bbox 568 1318 647 1340; x_wconf 88' lang='lat' dir='ltr'>cum</span> <span class='ocrx_word' id='word_1_157' title='bbox 675 1306 746 1340; x_wconf 90' lang='lat' dir='ltr'>iam</span> <span class='ocrx_word' id='word_1_158' title='bbox 773 1307 804 1341; x_wconf 74' lang='lat' dir='ltr'>S.</span> <span class='ocrx_word' id='word_1_159' title='bbox 832 1307 955 1340; x_wconf 87' lang='lat' dir='ltr'>Martii</span> <span class='ocrx_word' id='word_1_160' title='bbox 985 1307 1075 1340; x_wconf 84' lang='lat'>1566</span> <span class='ocrx_word' id='word_1_161' title='bbox 1106 1306 1340 1349; x_wconf 51' lang='lat' dir='ltr'>„iubilaeunff</span> <span class='ocrx_word' id='word_1_162' title='bbox 1372 1306 1563 1340; x_wconf 82' lang='lat' dir='ltr'>indixisset</span> <span class='ocrx_word' id='word_1_163' title='bbox 1592 1307 1642 1348; x_wconf 86' lang='lat' dir='ltr'>(v.</span> <span class='ocrx_word' id='word_1_164' title='bbox 1669 1317 1778 1350; x_wconf 88' lang='lat' dir='ltr'>supra</span> <span class='ocrx_word' id='word_1_165' title='bbox 1804 1317 1838 1349; x_wconf 88' lang='lat' dir='ltr'>p.</span> <span class='ocrx_word' id='word_1_166' title='bbox 1864 1303 1962 1347; x_wconf 76' lang='lat'>568),</span> 
     </span>
     <span class='ocr_line' id='line_1_18' title="bbox 199 1357 1964 1404; baseline -0.001 -12"><span class='ocrx_word' id='word_1_167' title='bbox 199 1359 330 1393; x_wconf 89' lang='lat' dir='ltr'>litteris</span> <span class='ocrx_word' id='word_1_168' title='bbox 356 1359 469 1393; x_wconf 85' lang='lat' dir='ltr'>Roma</span> <span class='ocrx_word' id='word_1_169' title='bbox 495 1360 550 1394; x_wconf 81' lang='lat'>20.</span> <span class='ocrx_word' id='word_1_170' title='bbox 578 1360 659 1393; x_wconf 90' lang='lat' dir='ltr'>Iulii</span> <span class='ocrx_word' id='word_1_171' title='bbox 681 1360 770 1394; x_wconf 80' lang='lat'>1566</span> <span class='ocrx_word' id='word_1_172' title='bbox 798 1360 892 1394; x_wconf 87' lang='lat' dir='ltr'>datis</span> <span class='ocrx_word' id='word_1_173' title='bbox 919 1360 963 1393; x_wconf 85' lang='lat' dir='ltr'>ad</span> <span class='ocrx_word' id='word_1_174' title='bbox 990 1360 1160 1404; x_wconf 85' lang='lat' dir='ltr'>pericula,</span> <span class='ocrx_word' id='word_1_175' title='bbox 1188 1371 1279 1403; x_wconf 87' lang='lat' dir='ltr'>quae</span> <span class='ocrx_word' id='word_1_176' title='bbox 1306 1359 1524 1393; x_wconf 85' lang='lat' dir='ltr'>christianae</span> <span class='ocrx_word' id='word_1_177' title='bbox 1550 1359 1779 1403; x_wconf 85' lang='lat' dir='ltr'>reipublicae,</span> <span class='ocrx_word' id='word_1_178' title='bbox 1806 1357 1964 1391; x_wconf 84' lang='lat' dir='ltr'>maxime</span> 
     </span>
     <span class='ocr_line' id='line_1_19' title="bbox 198 1410 1964 1457; baseline -0.001 -11"><span class='ocrx_word' id='word_1_179' title='bbox 198 1425 219 1446; x_wconf 89' lang='lat' dir='ltr'>a</span> <span class='ocrx_word' id='word_1_180' title='bbox 244 1412 383 1452; x_wconf 87' lang='lat' dir='ltr'>Turcis‚</span> <span class='ocrx_word' id='word_1_181' title='bbox 418 1413 664 1454; x_wconf 79' lang='lat' dir='ltr'>imminebant,</span> <span class='ocrx_word' id='word_1_182' title='bbox 698 1412 905 1457; x_wconf 85' lang='lat' dir='ltr'>repellenda</span> <span class='ocrx_word' id='word_1_183' title='bbox 930 1412 1084 1455; x_wconf 82' lang='lat' dir='ltr'>singulis</span> <span class='ocrx_word' id='word_1_184' title='bbox 1111 1413 1288 1457; x_wconf 88' lang='lat' dir='ltr'>episcopis</span> <span class='ocrx_word' id='word_1_185' title='bbox 1314 1412 1509 1453; x_wconf 79' lang='lat' dir='ltr'>mandavit,</span> <span class='ocrx_word' id='word_1_186' title='bbox 1543 1415 1584 1446; x_wconf 91' lang='lat' dir='ltr'>ut</span> <span class='ocrx_word' id='word_1_187' title='bbox 1609 1411 1763 1455; x_wconf 85' lang='lat' dir='ltr'>singulis</span> <span class='ocrx_word' id='word_1_188' title='bbox 1790 1410 1964 1445; x_wconf 84' lang='lat' dir='ltr'>dioecesis</span> 
     </span>
     <span class='ocr_line' id='line_1_20' title="bbox 196 1463 1964 1510; baseline -0.002 -11"><span class='ocrx_word' id='word_1_189' title='bbox 196 1466 285 1499; x_wconf 87' lang='lat' dir='ltr'>locis</span> <span class='ocrx_word' id='word_1_190' title='bbox 310 1477 374 1510; x_wconf 91' lang='lat' dir='ltr'>per</span> <span class='ocrx_word' id='word_1_191' title='bbox 397 1465 572 1510; x_wconf 85' lang='lat' dir='ltr'>parochos</span> <span class='ocrx_word' id='word_1_192' title='bbox 602 1465 904 1510; x_wconf 71' lang='lat' dir='ltr'>„supplicationes</span> <span class='ocrx_word' id='word_1_193' title='bbox 943 1478 984 1500; x_wconf 84' lang='lat' dir='ltr'>ac</span> <span class='ocrx_word' id='word_1_194' title='bbox 1010 1466 1258 1510; x_wconf 86' lang='lat' dir='ltr'>processiones</span> <span class='ocrx_word' id='word_1_195' title='bbox 1283 1465 1447 1510; x_wconf 81' lang='lat' dir='ltr'>publicas</span> <span class='ocrx_word' id='word_1_196' title='bbox 1474 1468 1510 1499; x_wconf 92' lang='lat' dir='ltr'>et</span> <span class='ocrx_word' id='word_1_197' title='bbox 1535 1465 1733 1499; x_wconf 68' lang='lat' dir='ltr'>solemnes‘</span> <span class='ocrx_word' id='word_1_198' title='bbox 1764 1463 1964 1498; x_wconf 88' lang='lat' dir='ltr'>indicerent</span> 
     </span>
     <span class='ocr_line' id='line_1_21' title="bbox 199 1517 1963 1563; baseline -0.002 -11"><span class='ocrx_word' id='word_1_199' title='bbox 199 1518 254 1552; x_wconf 91' lang='lat' dir='ltr'>die</span> <span class='ocrx_word' id='word_1_200' title='bbox 281 1518 467 1552; x_wconf 89' lang='lat' dir='ltr'>Dominica</span> <span class='ocrx_word' id='word_1_201' title='bbox 501 1530 543 1552; x_wconf 87' lang='lat' dir='ltr'>ac</span> <span class='ocrx_word' id='word_1_202' title='bbox 577 1519 751 1562; x_wconf 82' lang='lat' dir='ltr'>proximis</span> <span class='ocrx_word' id='word_1_203' title='bbox 788 1519 888 1553; x_wconf 87' lang='lat' dir='ltr'>feriis</span> <span class='ocrx_word' id='word_1_204' title='bbox 915 1521 1045 1563; x_wconf 86' lang='lat' dir='ltr'>quarta</span> <span class='ocrx_word' id='word_1_205' title='bbox 1081 1521 1116 1552; x_wconf 90' lang='lat' dir='ltr'>et</span> <span class='ocrx_word' id='word_1_206' title='bbox 1142 1521 1246 1553; x_wconf 82' lang='lat' dir='ltr'>sexta</span> <span class='ocrx_word' id='word_1_207' title='bbox 1273 1518 1476 1553; x_wconf 87' lang='lat' dir='ltr'>habendas:</span> <span class='ocrx_word' id='word_1_208' title='bbox 1514 1520 1701 1563; x_wconf 89' lang='lat' dir='ltr'>praeterea</span> <span class='ocrx_word' id='word_1_209' title='bbox 1727 1517 1815 1551; x_wconf 90' lang='lat' dir='ltr'>Pius</span> <span class='ocrx_word' id='word_1_210' title='bbox 1840 1526 1963 1550; x_wconf 89' lang='lat' dir='ltr'>omnes</span> 
     </span>
     <span class='ocr_line' id='line_1_22' title="bbox 197 1568 1963 1617; baseline -0.002 -12"><span class='ocrx_word' id='word_1_211' title='bbox 197 1571 332 1612; x_wconf 89' lang='lat' dir='ltr'>fideles,</span> <span class='ocrx_word' id='word_1_212' title='bbox 359 1571 464 1616; x_wconf 89' lang='lat' dir='ltr'>plena</span> <span class='ocrx_word' id='word_1_213' title='bbox 490 1571 714 1615; x_wconf 81' lang='lat' dir='ltr'>indulgentia</span> <span class='ocrx_word' id='word_1_214' title='bbox 740 1572 892 1616; x_wconf 87' lang='lat' dir='ltr'>aliisque</span> <span class='ocrx_word' id='word_1_215' title='bbox 924 1572 1052 1615; x_wconf 87' lang='lat' dir='ltr'>gratiis</span> <span class='ocrx_word' id='word_1_216' title='bbox 1079 1572 1220 1612; x_wconf 79' lang='lat' dir='ltr'>oblatis,</span> <span class='ocrx_word' id='word_1_217' title='bbox 1246 1571 1470 1612; x_wconf 79' lang='lat' dir='ltr'>hortabatur,</span> <span class='ocrx_word' id='word_1_218' title='bbox 1508 1575 1549 1605; x_wconf 89' lang='lat' dir='ltr'>ut</span> <span class='ocrx_word' id='word_1_219' title='bbox 1574 1582 1699 1617; x_wconf 86' lang='lat' dir='ltr'>preces</span> <span class='ocrx_word' id='word_1_220' title='bbox 1724 1570 1807 1604; x_wconf 89' lang='lat' dir='ltr'>illas</span> <span class='ocrx_word' id='word_1_221' title='bbox 1833 1568 1963 1603; x_wconf 90' lang='lat' dir='ltr'>ieiunio</span> 
     </span>
     <span class='ocr_line' id='line_1_23' title="bbox 199 1624 1961 1669; baseline -0.002 -11"><span class='ocrx_word' id='word_1_222' title='bbox 199 1624 299 1658; x_wconf 84' lang='lat' dir='ltr'>feriis</span> <span class='ocrx_word' id='word_1_223' title='bbox 325 1625 357 1658; x_wconf 90' lang='lat'>4.</span> <span class='ocrx_word' id='word_1_224' title='bbox 385 1627 420 1658; x_wconf 88' lang='lat' dir='ltr'>et</span> <span class='ocrx_word' id='word_1_225' title='bbox 448 1625 479 1659; x_wconf 88' lang='lat'>6.</span> <span class='ocrx_word' id='word_1_226' title='bbox 506 1636 548 1658; x_wconf 90' lang='lat' dir='ltr'>ac</span> <span class='ocrx_word' id='word_1_227' title='bbox 574 1625 723 1658; x_wconf 86' lang='lat' dir='ltr'>sabbato</span> <span class='ocrx_word' id='word_1_228' title='bbox 750 1625 909 1659; x_wconf 84' lang='lat' dir='ltr'>eiusdem</span> <span class='ocrx_word' id='word_1_229' title='bbox 937 1625 1180 1659; x_wconf 83' lang='lat' dir='ltr'>hebdomadae</span> <span class='ocrx_word' id='word_1_230' title='bbox 1207 1626 1384 1659; x_wconf 80' lang='lat' dir='ltr'>servando</span> <span class='ocrx_word' id='word_1_231' title='bbox 1412 1627 1447 1658; x_wconf 89' lang='lat' dir='ltr'>et</span> <span class='ocrx_word' id='word_1_232' title='bbox 1472 1625 1565 1669; x_wconf 89' lang='lat' dir='ltr'>stipe</span> <span class='ocrx_word' id='word_1_233' title='bbox 1597 1636 1679 1669; x_wconf 84' lang='lat' dir='ltr'>„pro</span> <span class='ocrx_word' id='word_1_234' title='bbox 1706 1624 1879 1666; x_wconf 88' lang='lat' dir='ltr'>cuiusque</span> <span class='ocrx_word' id='word_1_235' title='bbox 1905 1633 1961 1655; x_wconf 87' lang='lat' dir='ltr'>ar-</span> 
     </span>
     <span class='ocr_line' id='line_1_24' title="bbox 198 1676 1959 1723; baseline -0.002 -12"><span class='ocrx_word' id='word_1_236' title='bbox 198 1677 321 1711; x_wconf 82' lang='lat' dir='ltr'>bitrio⁴⁴</span> <span class='ocrx_word' id='word_1_237' title='bbox 354 1678 469 1711; x_wconf 89' lang='lat' dir='ltr'>danda</span> <span class='ocrx_word' id='word_1_238' title='bbox 488 1678 673 1711; x_wconf 87' lang='lat' dir='ltr'>condirent</span> <span class='ocrx_word' id='word_1_239' title='bbox 698 1689 740 1712; x_wconf 84' lang='lat' dir='ltr'>ac</span> <span class='ocrx_word' id='word_1_240' title='bbox 758 1681 906 1722; x_wconf 85' lang='lat' dir='ltr'>peccata</span> <span class='ocrx_word' id='word_1_241' title='bbox 924 1678 1080 1712; x_wconf 88' lang='lat' dir='ltr'>confessi</span> <span class='ocrx_word' id='word_1_242' title='bbox 1106 1680 1270 1723; x_wconf 80' lang='lat' dir='ltr'>proxima</span> <span class='ocrx_word' id='word_1_243' title='bbox 1290 1678 1475 1712; x_wconf 88' lang='lat' dir='ltr'>Dominica</span> <span class='ocrx_word' id='word_1_244' title='bbox 1493 1678 1747 1712; x_wconf 87' lang='lat' dir='ltr'>eucharistiam</span> <span class='ocrx_word' id='word_1_245' title='bbox 1766 1676 1959 1710; x_wconf 87' lang='lat' dir='ltr'>sumerent.</span> 
     </span>
     <span class='ocr_line' id='line_1_25' title="bbox 197 1727 1960 1775; baseline -0.002 -11"><span class='ocrx_word' id='word_1_246' title='bbox 197 1730 284 1764; x_wconf 88' lang='lat' dir='ltr'>Eius</span> <span class='ocrx_word' id='word_1_247' title='bbox 309 1730 453 1765; x_wconf 79' lang='lat' dir='ltr'>litterae</span> <span class='ocrx_word' id='word_1_248' title='bbox 480 1734 625 1764; x_wconf 77' lang='lat' dir='ltr'>exstant</span> <span class='ocrx_word' id='word_1_249' title='bbox 652 1732 746 1775; x_wconf 86' lang='lat' dir='ltr'>apud</span> <span class='ocrx_word' id='word_1_250' title='bbox 773 1732 1012 1765; x_wconf 63' lang='lat' dir='ltr'>Laderchium</span> <span class='ocrx_word' id='word_1_251' title='bbox 1040 1732 1062 1765; x_wconf 89' lang='lat' dir='ltr'>l.</span> <span class='ocrx_word' id='word_1_252' title='bbox 1083 1743 1112 1766; x_wconf 90' lang='lat' dir='ltr'>c.</span> <span class='ocrx_word' id='word_1_253' title='bbox 1139 1732 1174 1765; x_wconf 93' lang='lat' dir='ltr'>in</span> <span class='ocrx_word' id='word_1_254' title='bbox 1202 1743 1233 1765; x_wconf 87' lang='lat' dir='ltr'>a.</span> <span class='ocrx_word' id='word_1_255' title='bbox 1252 1732 1340 1765; x_wconf 75' lang='lat'>1:366</span> <span class='ocrx_word' id='word_1_256' title='bbox 1368 1743 1402 1766; x_wconf 89' lang='lat' dir='ltr'>n.</span> <span class='ocrx_word' id='word_1_257' title='bbox 1421 1732 1501 1765; x_wconf 79' lang='lat'>290.</span> <span class='ocrx_word' id='word_1_258' title='bbox 1536 1731 1653 1765; x_wconf 85' lang='lat' dir='ltr'>Huius</span> <span class='ocrx_word' id='word_1_259' title='bbox 1679 1731 1790 1774; x_wconf 85' lang='lat' dir='ltr'>igitur</span> <span class='ocrx_word' id='word_1_260' title='bbox 1815 1727 1960 1762; x_wconf 86' lang='lat' dir='ltr'>iubilaei</span> 
     </span>
     <span class='ocr_line' id='line_1_26' title="bbox 198 1780 1960 1829; baseline -0.002 -11"><span class='ocrx_word' id='word_1_261' title='bbox 198 1783 362 1818; x_wconf 89' lang='lat' dir='ltr'>Canisius</span> <span class='ocrx_word' id='word_1_262' title='bbox 389 1795 470 1817; x_wconf 88' lang='lat' dir='ltr'>cum</span> <span class='ocrx_word' id='word_1_263' title='bbox 497 1783 609 1818; x_wconf 85' lang='lat' dir='ltr'>Sociis</span> <span class='ocrx_word' id='word_1_264' title='bbox 635 1784 978 1827; x_wconf 86' lang='lat' dir='ltr'>ingolstadiensibus</span> <span class='ocrx_word' id='word_1_265' title='bbox 1005 1785 1186 1829; x_wconf 78' lang='lat' dir='ltr'>particeps</span> <span class='ocrx_word' id='word_1_266' title='bbox 1213 1784 1308 1818; x_wconf 83' lang='lat' dir='ltr'>effici</span> <span class='ocrx_word' id='word_1_267' title='bbox 1336 1784 1451 1818; x_wconf 88' lang='lat' dir='ltr'>voluit</span> <span class='ocrx_word' id='word_1_268' title='bbox 1477 1795 1497 1818; x_wconf 90' lang='lat' dir='ltr'>a</span> <span class='ocrx_word' id='word_1_269' title='bbox 1523 1784 1556 1817; x_wconf 92' lang='lat' dir='ltr'>d.</span> <span class='ocrx_word' id='word_1_270' title='bbox 1577 1785 1630 1817; x_wconf 72' lang='lat'>18.</span> <span class='ocrx_word' id='word_1_271' title='bbox 1658 1784 1701 1817; x_wconf 79' lang='lat' dir='ltr'>ad</span> <span class='ocrx_word' id='word_1_272' title='bbox 1728 1783 1784 1817; x_wconf 82' lang='lat'>25.</span> <span class='ocrx_word' id='word_1_273' title='bbox 1806 1780 1960 1824; x_wconf 83' lang='lat' dir='ltr'>Augusti</span> 
     </span>
     <span class='ocr_line' id='line_1_27' title="bbox 197 1834 1960 1881; baseline -0.002 -11"><span class='ocrx_word' id='word_1_274' title='bbox 197 1836 274 1870; x_wconf 88' lang='lat' dir='ltr'>sive</span> <span class='ocrx_word' id='word_1_275' title='bbox 308 1847 328 1870; x_wconf 88' lang='lat' dir='ltr'>a</span> <span class='ocrx_word' id='word_1_276' title='bbox 360 1836 564 1878; x_wconf 84' lang='lat' dir='ltr'>„Dominica</span> <span class='ocrx_word' id='word_1_277' title='bbox 588 1837 649 1871; x_wconf 73' lang='lat' dir='ltr'>XI.</span> <span class='ocrx_word' id='word_1_278' title='bbox 678 1840 758 1881; x_wconf 90' lang='lat' dir='ltr'>post</span> <span class='ocrx_word' id='word_1_279' title='bbox 784 1837 1042 1872; x_wconf 74' lang='lat' dir='ltr'>Pentecosten“</span> <span class='ocrx_word' id='word_1_280' title='bbox 1073 1838 1117 1871; x_wconf 86' lang='lat' dir='ltr'>ad</span> <span class='ocrx_word' id='word_1_281' title='bbox 1144 1837 1222 1871; x_wconf 84' lang='lat' dir='ltr'>XII.</span> <span class='ocrx_word' id='word_1_282' title='bbox 1274 1838 1373 1871; x_wconf 86' lang='lat' dir='ltr'>Idem</span> <span class='ocrx_word' id='word_1_283' title='bbox 1408 1837 1600 1871; x_wconf 87' lang='lat' dir='ltr'>iubilaeum</span> <span class='ocrx_word' id='word_1_284' title='bbox 1637 1836 1729 1870; x_wconf 83' lang='lat' dir='ltr'>Socii</span> <span class='ocrx_word' id='word_1_285' title='bbox 1766 1834 1960 1880; x_wconf 88' lang='lat' dir='ltr'>sperabant</span> 
     </span>
     <span class='ocr_line' id='line_1_28' title="bbox 196 1886 1958 1936; baseline -0.002 -13"><span class='ocrx_word' id='word_1_286' title='bbox 196 1890 232 1923; x_wconf 91' lang='lat' dir='ltr'>in</span> <span class='ocrx_word' id='word_1_287' title='bbox 268 1893 420 1934; x_wconf 86' lang='lat' dir='ltr'>utraque</span> <span class='ocrx_word' id='word_1_288' title='bbox 453 1890 553 1924; x_wconf 87' lang='lat' dir='ltr'>urbis</span> <span class='ocrx_word' id='word_1_289' title='bbox 588 1890 880 1933; x_wconf 83' lang='lat' dir='ltr'>ingolstadiensis</span> <span class='ocrx_word' id='word_1_290' title='bbox 915 1891 1104 1936; x_wconf 84' lang='lat' dir='ltr'>parochia,</span> <span class='ocrx_word' id='word_1_291' title='bbox 1140 1891 1300 1924; x_wconf 87' lang='lat' dir='ltr'>mariana</span> <span class='ocrx_word' id='word_1_292' title='bbox 1336 1894 1371 1924; x_wconf 87' lang='lat' dir='ltr'>et</span> <span class='ocrx_word' id='word_1_293' title='bbox 1406 1891 1640 1930; x_wconf 85' lang='lat' dir='ltr'>mauritiana,</span> <span class='ocrx_word' id='word_1_294' title='bbox 1676 1888 1848 1923; x_wconf 86' lang='lat' dir='ltr'>Kalendis</span> <span class='ocrx_word' id='word_1_295' title='bbox 1875 1886 1958 1931; x_wconf 86' lang='lat' dir='ltr'>Sep—</span> 
     </span>
     <span class='ocr_line' id='line_1_29' title="bbox 198 1943 1959 1988; baseline -0.002 -12"><span class='ocrx_word' id='word_1_296' title='bbox 198 1943 393 1977; x_wconf 88' lang='lat' dir='ltr'>tembribus</span> <span class='ocrx_word' id='word_1_297' title='bbox 418 1944 685 1987; x_wconf 84' lang='lat' dir='ltr'>promulgatum</span> <span class='ocrx_word' id='word_1_298' title='bbox 710 1944 753 1977; x_wconf 89' lang='lat' dir='ltr'>iri</span> <span class='ocrx_word' id='word_1_299' title='bbox 780 1947 927 1978; x_wconf 84' lang='lat' dir='ltr'>curante</span> <span class='ocrx_word' id='word_1_300' title='bbox 954 1945 1110 1978; x_wconf 87' lang='lat' dir='ltr'>Martino</span> <span class='ocrx_word' id='word_1_301' title='bbox 1129 1944 1351 1988; x_wconf 83' lang='lat' dir='ltr'>Eisengrein,</span> <span class='ocrx_word' id='word_1_302' title='bbox 1378 1943 1582 1987; x_wconf 84' lang='lat' dir='ltr'>theologiae</span> <span class='ocrx_word' id='word_1_303' title='bbox 1607 1943 1810 1988; x_wconf 82' lang='lat' dir='ltr'>professore</span> <span class='ocrx_word' id='word_1_304' title='bbox 1837 1943 1872 1974; x_wconf 90' lang='lat' dir='ltr'>et</span> <span class='ocrx_word' id='word_1_305' title='bbox 1898 1951 1959 1984; x_wconf 89' lang='lat' dir='ltr'>pa-</span> 
     </span>
     <span class='ocr_line' id='line_1_30' title="bbox 197 1995 1958 2041; baseline -0.002 -11"><span class='ocrx_word' id='word_1_306' title='bbox 197 1995 302 2030; x_wconf 84' lang='lat' dir='ltr'>rocho</span> <span class='ocrx_word' id='word_1_307' title='bbox 329 1996 373 2030; x_wconf 84' lang='lat' dir='ltr'>ad</span> <span class='ocrx_word' id='word_1_308' title='bbox 401 1996 435 2030; x_wconf 79' lang='lat' dir='ltr'>S.</span> <span class='ocrx_word' id='word_1_309' title='bbox 462 1996 641 2037; x_wconf 81' lang='lat' dir='ltr'>Mauritii3</span> <span class='ocrx_word' id='word_1_310' title='bbox 678 1997 847 2041; x_wconf 83' lang='lat' dir='ltr'>parochia</span> <span class='ocrx_word' id='word_1_311' title='bbox 874 2000 992 2031; x_wconf 84' lang='lat' dir='ltr'>autem</span> <span class='ocrx_word' id='word_1_312' title='bbox 1020 1997 1153 2031; x_wconf 83' lang='lat' dir='ltr'>Beatae</span> <span class='ocrx_word' id='word_1_313' title='bbox 1180 1997 1316 2031; x_wconf 77' lang='lat' dir='ltr'>Mariae</span> <span class='ocrx_word' id='word_1_314' title='bbox 1343 1997 1505 2040; x_wconf 82' lang='lat' dir='ltr'>Virginis</span> <span class='ocrx_word' id='word_1_315' title='bbox 1530 1997 1597 2030; x_wconf 92' lang='lat' dir='ltr'>hoc</span> <span class='ocrx_word' id='word_1_316' title='bbox 1622 1999 1782 2040; x_wconf 85' lang='lat' dir='ltr'>tempore</span> <span class='ocrx_word' id='word_1_317' title='bbox 1808 2003 1958 2028; x_wconf 86' lang='lat' dir='ltr'>vacasse</span> 
     </span>
     <span class='ocr_line' id='line_1_31' title="bbox 198 2047 1956 2093; baseline -0.002 -11"><span class='ocrx_word' id='word_1_318' title='bbox 198 2049 357 2089; x_wconf 57' lang='lat' dir='ltr'>videtum</span> <span class='ocrx_word' id='word_1_319' title='bbox 396 2050 449 2083; x_wconf 87' lang='lat' dir='ltr'>sic</span> <span class='ocrx_word' id='word_1_320' title='bbox 483 2050 577 2083; x_wconf 88' lang='lat' dir='ltr'>enim</span> <span class='ocrx_word' id='word_1_321' title='bbox 611 2050 754 2084; x_wconf 89' lang='lat' dir='ltr'>invenio</span> <span class='ocrx_word' id='word_1_322' title='bbox 790 2050 831 2083; x_wconf 85' lang='lat' dir='ltr'>de</span> <span class='ocrx_word' id='word_1_323' title='bbox 868 2063 907 2084; x_wconf 80' lang='lat' dir='ltr'>ea</span> <span class='ocrx_word' id='word_1_324' title='bbox 941 2053 1150 2084; x_wconf 75' lang='lat' dir='ltr'>notatu1n⁴:</span> <span class='ocrx_word' id='word_1_325' title='bbox 1197 2051 1321 2092; x_wconf 58' lang='grc' dir='ltr'>τ1565.</span> <span class='ocrx_word' id='word_1_326' title='bbox 1365 2049 1526 2083; x_wconf 85' lang='lat' dir='ltr'>Pastoris</span> <span class='ocrx_word' id='word_1_327' title='bbox 1562 2061 1690 2083; x_wconf 87' lang='lat' dir='ltr'>munus</span> <span class='ocrx_word' id='word_1_328' title='bbox 1726 2047 1847 2093; x_wconf 86' lang='lat' dir='ltr'>subijt.</span> <span class='ocrx_word' id='word_1_329' title='bbox 1877 2074 1884 2080; x_wconf 91' lang='lat'>.</span> <span class='ocrx_word' id='word_1_330' title='bbox 1913 2073 1920 2079; x_wconf 94' lang='lat'>.</span> <span class='ocrx_word' id='word_1_331' title='bbox 1949 2072 1956 2080; x_wconf 93' lang='lat'>.</span> 
     </span>
     <span class='ocr_line' id='line_1_32' title="bbox 198 2099 1956 2147; baseline -0.002 -12"><span class='ocrx_word' id='word_1_332' title='bbox 198 2102 372 2145; x_wconf 81' lang='lat' dir='ltr'>Magister</span> <span class='ocrx_word' id='word_1_333' title='bbox 389 2103 615 2145; x_wconf 84' lang='lat' dir='ltr'>Augustinus</span> <span class='ocrx_word' id='word_1_334' title='bbox 640 2102 754 2137; x_wconf 90' lang='lat' dir='ltr'>Neser</span> <span class='ocrx_word' id='word_1_335' title='bbox 779 2103 1117 2145; x_wconf 73' lang='lat' dir='ltr'>Fi&#39;irstenfeldensis‚</span> <span class='ocrx_word' id='word_1_336' title='bbox 1144 2103 1289 2147; x_wconf 86' lang='lat' dir='ltr'>reliquit</span> <span class='ocrx_word' id='word_1_337' title='bbox 1316 2103 1472 2147; x_wconf 87' lang='lat' dir='ltr'>idipsum</span> <span class='ocrx_word' id='word_1_338' title='bbox 1492 2105 1592 2136; x_wconf 87' lang='lat' dir='ltr'>Anno</span> <span class='ocrx_word' id='word_1_339' title='bbox 1615 2103 1714 2136; x_wconf 76' lang='grc'>1566.</span> <span class='ocrx_word' id='word_1_340' title='bbox 1741 2104 1844 2136; x_wconf 80' lang='lat' dir='ltr'>sexto</span> <span class='ocrx_word' id='word_1_341' title='bbox 1866 2099 1956 2133; x_wconf 89' lang='lat' dir='ltr'>Non.</span> 
     </span>
     <span class='ocr_line' id='line_1_33' title="bbox 198 2152 1956 2200; baseline -0.002 -11"><span class='ocrx_word' id='word_1_342' title='bbox 198 2155 284 2200; x_wconf 83' lang='lat' dir='ltr'>Julij</span> <span class='ocrx_word' id='word_1_343' title='bbox 324 2167 344 2189; x_wconf 91' lang='lat' dir='ltr'>a</span> <span class='ocrx_word' id='word_1_344' title='bbox 379 2156 555 2189; x_wconf 87' lang='lat' dir='ltr'>Caesarea</span> <span class='ocrx_word' id='word_1_345' title='bbox 593 2156 785 2190; x_wconf 75' lang='lat' dir='ltr'>Maiestate</span> <span class='ocrx_word' id='word_1_346' title='bbox 823 2157 858 2189; x_wconf 91' lang='lat' dir='ltr'>in</span> <span class='ocrx_word' id='word_1_347' title='bbox 886 2156 1083 2200; x_wconf 72' lang='lat' dir='ltr'>Vngariam</span> <span class='ocrx_word' id='word_1_348' title='bbox 1122 2157 1296 2190; x_wconf 83' lang='lat' dir='ltr'>militibus</span> <span class='ocrx_word' id='word_1_349' title='bbox 1337 2156 1585 2190; x_wconf 88' lang='lat' dir='ltr'>concionatum</span> <span class='ocrx_word' id='word_1_350' title='bbox 1624 2154 1814 2189; x_wconf 83' lang='lat' dir='ltr'>euocatus“</span> <span class='ocrx_word' id='word_1_351' title='bbox 1857 2152 1956 2196; x_wconf 80' lang='lat' dir='ltr'>(Cod.</span> 
     </span>
     <span class='ocr_line' id='line_1_34' title="bbox 203 2206 1952 2253; baseline -0.001 -12"><span class='ocrx_word' id='word_1_352' title='bbox 203 2206 456 2247; x_wconf 59' lang='lat' dir='ltr'>,ELMABOS</span> <span class='ocrx_word' id='word_1_353' title='bbox 480 2207 645 2242; x_wconf 90' lang='lat' dir='ltr'>Omnium</span> <span class='ocrx_word' id='word_1_354' title='bbox 674 2210 734 2253; x_wconf 88' lang='lat' dir='ltr'>qui</span> <span class='ocrx_word' id='word_1_355' title='bbox 760 2209 935 2243; x_wconf 73' lang='lat' dir='ltr'>hactenus</span> <span class='ocrx_word' id='word_1_356' title='bbox 961 2210 1107 2244; x_wconf 87' lang='lat' dir='ltr'>fuerunt</span> <span class='ocrx_word' id='word_1_357' title='bbox 1133 2209 1332 2243; x_wconf 85' lang='lat' dir='ltr'>Parochiae</span> <span class='ocrx_word' id='word_1_358' title='bbox 1359 2209 1398 2243; x_wconf 84' lang='lat' dir='ltr'>B.</span> <span class='ocrx_word' id='word_1_359' title='bbox 1425 2208 1474 2243; x_wconf 90' lang='lat' dir='ltr'>M.</span> <span class='ocrx_word' id='word_1_360' title='bbox 1501 2208 1663 2251; x_wconf 82' lang='lat' dir='ltr'>Virginis</span> <span class='ocrx_word' id='word_1_361' title='bbox 1689 2206 1952 2242; x_wconf 77' lang='lat' dir='ltr'>Parochorum⁴⁶</span> 
     </span>
     <span class='ocr_line' id='line_1_35' title="bbox 197 2261 1957 2308; baseline 0.001 -13"><span class='ocrx_word' id='word_1_362' title='bbox 197 2262 219 2295; x_wconf 83' lang='lat' dir='ltr'>f.</span> <span class='ocrx_word' id='word_1_363' title='bbox 258 2262 309 2301; x_wconf 74' lang='lat'>5³,</span> <span class='ocrx_word' id='word_1_364' title='bbox 347 2262 463 2295; x_wconf 81' lang='lat' dir='ltr'>n.17.</span> <span class='ocrx_word' id='word_1_365' title='bbox 524 2262 734 2304; x_wconf 73' lang='lat' dir='ltr'>ingolstadii</span> <span class='ocrx_word' id='word_1_366' title='bbox 780 2264 814 2295; x_wconf 86' lang='lat' dir='ltr'>in</span> <span class='ocrx_word' id='word_1_367' title='bbox 858 2263 1005 2297; x_wconf 83' lang='lat' dir='ltr'>archivo</span> <span class='ocrx_word' id='word_1_368' title='bbox 1039 2263 1230 2308; x_wconf 82' lang='lat' dir='ltr'>parochiae</span> <span class='ocrx_word' id='word_1_369' title='bbox 1268 2262 1308 2296; x_wconf 86' lang='lat' dir='ltr'>B.</span> <span class='ocrx_word' id='word_1_370' title='bbox 1345 2262 1392 2295; x_wconf 88' lang='lat' dir='ltr'>M.</span> <span class='ocrx_word' id='word_1_371' title='bbox 1420 2261 1493 2304; x_wconf 88' lang='lat' dir='ltr'>V.).</span> <span class='ocrx_word' id='word_1_372' title='bbox 1556 2261 1608 2295; x_wconf 90' lang='lat' dir='ltr'>De</span> <span class='ocrx_word' id='word_1_373' title='bbox 1647 2261 1770 2295; x_wconf 89' lang='lat' dir='ltr'>eodem</span> <span class='ocrx_word' id='word_1_374' title='bbox 1804 2261 1957 2296; x_wconf 78' lang='lat' dir='ltr'>jubilaeo</span> 
     </span>
     <span class='ocr_line' id='line_1_36' title="bbox 198 2314 1957 2357; baseline 0.001 -10"><span class='ocrx_word' id='word_1_375' title='bbox 198 2315 262 2348; x_wconf 78' lang='lat' dir='ltr'>Fr.</span> <span class='ocrx_word' id='word_1_376' title='bbox 282 2316 495 2348; x_wconf 68' lang='lat' dir='ltr'>Leonardns</span> <span class='ocrx_word' id='word_1_377' title='bbox 520 2316 692 2348; x_wconf 48' lang='lat' dir='ltr'>Bosa-hius</span> <span class='ocrx_word' id='word_1_378' title='bbox 718 2315 751 2349; x_wconf 80' lang='lat' dir='ltr'>S.</span> <span class='ocrx_word' id='word_1_379' title='bbox 773 2316 806 2349; x_wconf 84' lang='lat' dir='ltr'>J.</span> <span class='ocrx_word' id='word_1_380' title='bbox 832 2316 867 2349; x_wconf 87' lang='lat' dir='ltr'>in</span> <span class='ocrx_word' id='word_1_381' title='bbox 886 2315 1060 2350; x_wconf 76' lang='lat' dir='ltr'>*Litteris</span> <span class='ocrx_word' id='word_1_382' title='bbox 1086 2316 1214 2350; x_wconf 90' lang='lat' dir='ltr'>annuis</span> <span class='ocrx_word' id='word_1_383' title='bbox 1240 2315 1382 2357; x_wconf 81' lang='lat' dir='ltr'>collegii</span> <span class='ocrx_word' id='word_1_384' title='bbox 1408 2314 1711 2357; x_wconf 86' lang='lat' dir='ltr'>ingolstadiensis,</span> <span class='ocrx_word' id='word_1_385' title='bbox 1738 2314 1957 2357; x_wconf 87' lang='lat' dir='ltr'>Ingolstadio</span> 
     </span>
     <span class='ocr_line' id='line_1_37' title="bbox 201 2366 1957 2412; baseline 0.001 -12"><span class='ocrx_word' id='word_1_386' title='bbox 201 2368 229 2401; x_wconf 88' lang='lat'>1.</span> <span class='ocrx_word' id='word_1_387' title='bbox 257 2366 478 2412; x_wconf 83' lang='lat' dir='ltr'>Septembris</span> <span class='ocrx_word' id='word_1_388' title='bbox 505 2369 594 2401; x_wconf 72' lang='lat'>1:367</span> <span class='ocrx_word' id='word_1_389' title='bbox 626 2379 691 2410; x_wconf 79' lang='lat' dir='ltr'>„ex</span> <span class='ocrx_word' id='word_1_390' title='bbox 717 2369 967 2402; x_wconf 85' lang='lat' dir='ltr'>commissione</span> <span class='ocrx_word' id='word_1_391' title='bbox 993 2369 1034 2402; x_wconf 85' lang='lat' dir='ltr'>R.</span> <span class='ocrx_word' id='word_1_392' title='bbox 1060 2369 1099 2403; x_wconf 86' lang='lat' dir='ltr'>P.</span> <span class='ocrx_word' id='word_1_393' title='bbox 1118 2368 1301 2402; x_wconf 77' lang='lat' dir='ltr'>Rectoris‘·&#39;</span> <span class='ocrx_word' id='word_1_394' title='bbox 1333 2367 1426 2401; x_wconf 86' lang='lat' dir='ltr'>datis</span> <span class='ocrx_word' id='word_1_395' title='bbox 1452 2367 1582 2401; x_wconf 84' lang='lat' dir='ltr'>refert:</span> <span class='ocrx_word' id='word_1_396' title='bbox 1614 2366 1749 2409; x_wconf 77' lang='lat' dir='ltr'>„veriti</span> <span class='ocrx_word' id='word_1_397' title='bbox 1774 2368 1888 2401; x_wconf 88' lang='lat' dir='ltr'>nostri</span> <span class='ocrx_word' id='word_1_398' title='bbox 1912 2380 1957 2401; x_wconf 87' lang='lat' dir='ltr'>ne</span> 
     </span>
     <span class='ocr_line' id='line_1_38' title="bbox 199 2419 1958 2466; baseline 0 -12"><span class='ocrx_word' id='word_1_399' title='bbox 199 2421 376 2463; x_wconf 79' lang='lat' dir='ltr'>longiores</span> <span class='ocrx_word' id='word_1_400' title='bbox 401 2421 588 2455; x_wconf 89' lang='lat' dir='ltr'>trahentes</span> <span class='ocrx_word' id='word_1_401' title='bbox 614 2433 742 2462; x_wconf 83' lang='lat' dir='ltr'>moras,</span> <span class='ocrx_word' id='word_1_402' title='bbox 769 2423 881 2456; x_wconf 86' lang='lat' dir='ltr'>tantis</span> <span class='ocrx_word' id='word_1_403' title='bbox 908 2423 1035 2466; x_wconf 90' lang='lat' dir='ltr'>opibus</span> <span class='ocrx_word' id='word_1_404' title='bbox 1061 2422 1334 2457; x_wconf 81' lang='lat' dir='ltr'>frustrarentur,</span> <span class='ocrx_word' id='word_1_405' title='bbox 1362 2420 1612 2465; x_wconf 83' lang='lat' dir='ltr'>promulgante</span> <span class='ocrx_word' id='word_1_406' title='bbox 1630 2420 1695 2453; x_wconf 87' lang='lat' dir='ltr'>has</span> <span class='ocrx_word' id='word_1_407' title='bbox 1713 2419 1958 2462; x_wconf 85' lang='lat' dir='ltr'>indulgentias</span> 
     </span>
     <span class='ocr_line' id='line_1_39' title="bbox 199 2472 1955 2520; baseline 0.001 -14"><span class='ocrx_word' id='word_1_408' title='bbox 199 2474 387 2507; x_wconf 79' lang='lat' dir='ltr'>admodum</span> <span class='ocrx_word' id='word_1_409' title='bbox 414 2474 455 2507; x_wconf 74' lang='lat' dir='ltr'>R.</span> <span class='ocrx_word' id='word_1_410' title='bbox 483 2474 521 2508; x_wconf 81' lang='lat' dir='ltr'>P.</span> <span class='ocrx_word' id='word_1_411' title='bbox 549 2474 765 2508; x_wconf 88' lang='lat' dir='ltr'>Prouinciali</span> <span class='ocrx_word' id='word_1_412' title='bbox 800 2475 858 2518; x_wconf 88' lang='lat' dir='ltr'>qui</span> <span class='ocrx_word' id='word_1_413' title='bbox 887 2479 962 2509; x_wconf 88' lang='lat' dir='ltr'>tum</span> <span class='ocrx_word' id='word_1_414' title='bbox 988 2486 1160 2520; x_wconf 88' lang='lat' dir='ltr'>praesens</span> <span class='ocrx_word' id='word_1_415' title='bbox 1187 2478 1279 2514; x_wconf 73' lang='lat' dir='ltr'>erat,</span> <span class='ocrx_word' id='word_1_416' title='bbox 1315 2475 1492 2507; x_wconf 84' lang='lat' dir='ltr'>instructa</span> <span class='ocrx_word' id='word_1_417' title='bbox 1518 2485 1581 2517; x_wconf 81' lang='lat' dir='ltr'>per</span> <span class='ocrx_word' id='word_1_418' title='bbox 1608 2472 1757 2515; x_wconf 88' lang='lat' dir='ltr'>Collegii</span> <span class='ocrx_word' id='word_1_419' title='bbox 1783 2473 1955 2507; x_wconf 85' lang='lat' dir='ltr'>ambitum</span> 
     </span>
     <span class='ocr_line' id='line_1_40' title="bbox 198 2525 1956 2572; baseline 0 -13"><span class='ocrx_word' id='word_1_420' title='bbox 198 2526 457 2570; x_wconf 85' lang='lat' dir='ltr'>supplicatione</span> <span class='ocrx_word' id='word_1_421' title='bbox 476 2528 699 2571; x_wconf 85' lang='lat' dir='ltr'>caeterisque</span> <span class='ocrx_word' id='word_1_422' title='bbox 719 2527 888 2562; x_wconf 85' lang='lat' dir='ltr'>adhibitis</span> <span class='ocrx_word' id='word_1_423' title='bbox 907 2540 998 2572; x_wconf 86' lang='lat' dir='ltr'>quae</span> <span class='ocrx_word' id='word_1_424' title='bbox 1018 2527 1266 2571; x_wconf 83' lang='lat' dir='ltr'>exigebantur,</span> <span class='ocrx_word' id='word_1_425' title='bbox 1294 2539 1334 2560; x_wconf 93' lang='lat' dir='ltr'>eo</span> <span class='ocrx_word' id='word_1_426' title='bbox 1352 2530 1537 2571; x_wconf 81' lang='lat' dir='ltr'>temporea</span> <span class='ocrx_word' id='word_1_427' title='bbox 1563 2525 1629 2559; x_wconf 90' lang='lat' dir='ltr'>soli</span> <span class='ocrx_word' id='word_1_428' title='bbox 1655 2525 1690 2558; x_wconf 90' lang='lat' dir='ltr'>in</span> <span class='ocrx_word' id='word_1_429' title='bbox 1716 2525 1783 2559; x_wconf 86' lang='lat' dir='ltr'>hac</span> <span class='ocrx_word' id='word_1_430' title='bbox 1809 2525 1956 2560; x_wconf 88' lang='lat' dir='ltr'>ciuitate</span> 
     </span>
     <span class='ocr_line' id='line_1_41' title="bbox 199 2578 1954 2625; baseline 0.001 -13"><span class='ocrx_word' id='word_1_431' title='bbox 199 2590 320 2612; x_wconf 85' lang='lat' dir='ltr'>earum</span> <span class='ocrx_word' id='word_1_432' title='bbox 346 2580 503 2614; x_wconf 87' lang='lat' dir='ltr'>fructum</span> <span class='ocrx_word' id='word_1_433' title='bbox 523 2580 579 2623; x_wconf 85' lang='lat' dir='ltr'>(vt</span> <span class='ocrx_word' id='word_1_434' title='bbox 596 2581 654 2624; x_wconf 91' lang='lat' dir='ltr'>pie</span> <span class='ocrx_word' id='word_1_435' title='bbox 673 2581 903 2625; x_wconf 87' lang='lat' dir='ltr'>credendum)</span> <span class='ocrx_word' id='word_1_436' title='bbox 933 2581 1054 2625; x_wconf 89' lang='lat' dir='ltr'>adepti</span> <span class='ocrx_word' id='word_1_437' title='bbox 1072 2584 1166 2614; x_wconf 86' lang='lat' dir='ltr'>sunt.</span> <span class='ocrx_word' id='word_1_438' title='bbox 1202 2580 1337 2613; x_wconf 91' lang='lat' dir='ltr'>Verum</span> <span class='ocrx_word' id='word_1_439' title='bbox 1364 2591 1434 2613; x_wconf 89' lang='lat' dir='ltr'>non</span> <span class='ocrx_word' id='word_1_440' title='bbox 1459 2578 1571 2612; x_wconf 91' lang='lat' dir='ltr'>multo</span> <span class='ocrx_word' id='word_1_441' title='bbox 1598 2580 1680 2623; x_wconf 88' lang='lat' dir='ltr'>post</span> <span class='ocrx_word' id='word_1_442' title='bbox 1697 2578 1739 2612; x_wconf 80' lang='lat' dir='ltr'>R.</span> <span class='ocrx_word' id='word_1_443' title='bbox 1758 2578 1799 2612; x_wconf 91' lang='lat' dir='ltr'>D.</span> <span class='ocrx_word' id='word_1_444' title='bbox 1818 2578 1954 2623; x_wconf 85' lang='lat' dir='ltr'>Eysen-</span> 
     </span>
     <span class='ocr_line' id='line_1_42' title="bbox 197 2631 1956 2678; baseline 0 -14"><span class='ocrx_word' id='word_1_445' title='bbox 197 2632 346 2673; x_wconf 76' lang='lat' dir='ltr'>grimius</span> <span class='ocrx_word' id='word_1_446' title='bbox 372 2633 428 2666; x_wconf 82' lang='lat' dir='ltr'>vir</span> <span class='ocrx_word' id='word_1_447' title='bbox 454 2644 606 2676; x_wconf 87' lang='lat' dir='ltr'>magnae</span> <span class='ocrx_word' id='word_1_448' title='bbox 632 2634 726 2678; x_wconf 89' lang='lat' dir='ltr'>apud</span> <span class='ocrx_word' id='word_1_449' title='bbox 752 2646 874 2668; x_wconf 88' lang='lat' dir='ltr'>omnes</span> <span class='ocrx_word' id='word_1_450' title='bbox 893 2634 1124 2667; x_wconf 83' lang='lat' dir='ltr'>authoritatis</span> <span class='ocrx_word' id='word_1_451' title='bbox 1143 2634 1204 2677; x_wconf 90' lang='lat' dir='ltr'>qui</span> <span class='ocrx_word' id='word_1_452' title='bbox 1222 2633 1356 2666; x_wconf 88' lang='lat' dir='ltr'>nostris</span> <span class='ocrx_word' id='word_1_453' title='bbox 1374 2632 1602 2666; x_wconf 85' lang='lat' dir='ltr'>familiariter</span> <span class='ocrx_word' id='word_1_454' title='bbox 1619 2631 1743 2671; x_wconf 82' lang='lat' dir='ltr'>vtitur,</span> <span class='ocrx_word' id='word_1_455' title='bbox 1770 2632 1956 2676; x_wconf 87' lang='lat' dir='ltr'>multaque</span> 
     </span>
     <span class='ocr_line' id='line_1_43' title="bbox 198 2683 1954 2732; baseline 0.001 -15"><span class='ocrx_word' id='word_1_456' title='bbox 198 2687 400 2718; x_wconf 89' lang='lat' dir='ltr'>nostrorum</span> <span class='ocrx_word' id='word_1_457' title='bbox 436 2686 582 2719; x_wconf 89' lang='lat' dir='ltr'>consilio</span> <span class='ocrx_word' id='word_1_458' title='bbox 616 2689 733 2720; x_wconf 83' lang='lat' dir='ltr'>tentat</span> <span class='ocrx_word' id='word_1_459' title='bbox 767 2698 809 2720; x_wconf 90' lang='lat' dir='ltr'>ac</span> <span class='ocrx_word' id='word_1_460' title='bbox 844 2687 993 2732; x_wconf 79' lang='lat' dir='ltr'>perficit,</span> <span class='ocrx_word' id='word_1_461' title='bbox 1029 2698 1164 2720; x_wconf 88' lang='lat' dir='ltr'>memor</span> <span class='ocrx_word' id='word_1_462' title='bbox 1197 2685 1391 2730; x_wconf 85' lang='lat' dir='ltr'>pastoralis</span> <span class='ocrx_word' id='word_1_463' title='bbox 1426 2696 1532 2719; x_wconf 89' lang='lat' dir='ltr'>curae</span> <span class='ocrx_word' id='word_1_464' title='bbox 1559 2695 1665 2727; x_wconf 88' lang='lat' dir='ltr'>quam</span> <span class='ocrx_word' id='word_1_465' title='bbox 1699 2683 1757 2717; x_wconf 82' lang='lat' dir='ltr'>hic</span> <span class='ocrx_word' id='word_1_466' title='bbox 1784 2685 1877 2726; x_wconf 86' lang='lat' dir='ltr'>gerit</span> <span class='ocrx_word' id='word_1_467' title='bbox 1911 2685 1954 2718; x_wconf 89' lang='lat' dir='ltr'>ad</span> 
     </span>
     <span class='ocr_line' id='line_1_44' title="bbox 199 2736 1954 2784; baseline 0.002 -15"><span class='ocrx_word' id='word_1_468' title='bbox 199 2736 240 2771; x_wconf 89' lang='lat' dir='ltr'>D.</span> <span class='ocrx_word' id='word_1_469' title='bbox 266 2738 426 2771; x_wconf 89' lang='lat' dir='ltr'>Mauritii</span> <span class='ocrx_word' id='word_1_470' title='bbox 451 2739 486 2772; x_wconf 92' lang='lat' dir='ltr'>id</span> <span class='ocrx_word' id='word_1_471' title='bbox 511 2740 719 2784; x_wconf 88' lang='lat' dir='ltr'>impetrauit</span> <span class='ocrx_word' id='word_1_472' title='bbox 757 2751 777 2773; x_wconf 89' lang='lat' dir='ltr'>a</span> <span class='ocrx_word' id='word_1_473' title='bbox 803 2740 1115 2774; x_wconf 82' lang='lat' dir='ltr'>Reuerendissimo</span> <span class='ocrx_word' id='word_1_474' title='bbox 1141 2738 1387 2773; x_wconf 84' lang='lat' dir='ltr'>Aichstetensi</span> <span class='ocrx_word' id='word_1_475' title='bbox 1413 2738 1611 2782; x_wconf 84' lang='lat' dir='ltr'>Episcopo⁵</span> <span class='ocrx_word' id='word_1_476' title='bbox 1637 2739 1678 2770; x_wconf 87' lang='lat' dir='ltr'>vt</span> <span class='ocrx_word' id='word_1_477' title='bbox 1703 2737 1762 2770; x_wconf 86' lang='lat' dir='ltr'>idb</span> <span class='ocrx_word' id='word_1_478' title='bbox 1782 2737 1828 2781; x_wconf 68' lang='lat'>[²2²]</span> <span class='ocrx_word' id='word_1_479' title='bbox 1856 2738 1954 2772; x_wconf 86' lang='lat' dir='ltr'>Jubi-</span> 
     </span>
     <span class='ocr_line' id='line_1_45' title="bbox 200 2789 1953 2837; baseline 0.001 -15"><span class='ocrx_word' id='word_1_480' title='bbox 200 2790 315 2823; x_wconf 89' lang='lat' dir='ltr'>laeum</span> <span class='ocrx_word' id='word_1_481' title='bbox 341 2791 376 2823; x_wconf 88' lang='lat' dir='ltr'>in</span> <span class='ocrx_word' id='word_1_482' title='bbox 402 2792 604 2836; x_wconf 85' lang='lat' dir='ltr'>praecipuis</span> <span class='ocrx_word' id='word_1_483' title='bbox 631 2793 767 2827; x_wconf 88' lang='lat' dir='ltr'>duobus</span> <span class='ocrx_word' id='word_1_484' title='bbox 793 2793 937 2837; x_wconf 89' lang='lat' dir='ltr'>templis</span> <span class='ocrx_word' id='word_1_485' title='bbox 965 2805 1004 2827; x_wconf 88' lang='lat' dir='ltr'>ac</span> <span class='ocrx_word' id='word_1_486' title='bbox 1030 2793 1136 2826; x_wconf 87' lang='lat' dir='ltr'>tertio</span> <span class='ocrx_word' id='word_1_487' title='bbox 1156 2792 1435 2826; x_wconf 71' lang='lat' dir='ltr'>obsera-antium</span> <span class='ocrx_word' id='word_1_488' title='bbox 1461 2791 1495 2825; x_wconf 79' lang='lat' dir='ltr'>S.</span> <span class='ocrx_word' id='word_1_489' title='bbox 1514 2789 1696 2823; x_wconf 86' lang='lat' dir='ltr'>Francisci</span> <span class='ocrx_word' id='word_1_490' title='bbox 1722 2791 1787 2823; x_wconf 88' lang='lat' dir='ltr'>toti</span> <span class='ocrx_word' id='word_1_491' title='bbox 1816 2791 1953 2825; x_wconf 86' lang='lat' dir='ltr'>ciuitati</span> 
     </span>
    </p>
   </div>
   <div class='ocr_carea' id='block_1_4' title="bbox 203 2869 1956 2945">
    <p class='ocr_par' dir='ltr' id='par_1_4' title="bbox 203 2869 1956 2945">
     <span class='ocr_line' id='line_1_46' title="bbox 318 2869 1956 2904; baseline 0.001 -9"><span class='ocrx_word' id='word_1_492' title='bbox 318 2874 345 2901; x_wconf 74' lang='lat' dir='ltr'>a)</span> <span class='ocrx_word' id='word_1_493' title='bbox 366 2872 444 2896; x_wconf 72' lang='lat' dir='ltr'>Haec</span> <span class='ocrx_word' id='word_1_494' title='bbox 463 2874 479 2896; x_wconf 68' lang='lat'><em>2</em></span> <span class='ocrx_word' id='word_1_495' title='bbox 495 2881 535 2896; x_wconf 78' lang='grc' dir='ltr'>ιϊ.</span> <span class='ocrx_word' id='word_1_496' title='bbox 549 2881 640 2903; x_wconf 66' lang='lat' dir='ltr'>supra</span> <span class='ocrx_word' id='word_1_497' title='bbox 664 2880 774 2897; x_wconf 71' lang='lat' dir='ltr'>versum</span> <span class='ocrx_word' id='word_1_498' title='bbox 796 2873 906 2904; x_wconf 61' lang='lat' dir='ltr'>scvipra</span> <span class='ocrx_word' id='word_1_499' title='bbox 927 2877 1002 2897; x_wconf 76' lang='lat' dir='ltr'>sunt.</span> <span class='ocrx_word' id='word_1_500' title='bbox 1056 2873 1084 2903; x_wconf 88' lang='lat' dir='ltr'>b)</span> <span class='ocrx_word' id='word_1_501' title='bbox 1099 2875 1262 2904; x_wconf 57' lang='lat' dir='ltr'>Animum)</span> <span class='ocrx_word' id='word_1_502' title='bbox 1276 2873 1314 2897; x_wconf 77' lang='lat' dir='ltr'>it«</span> <span class='ocrx_word' id='word_1_503' title='bbox 1337 2872 1539 2904; x_wconf 61' lang='lat' dir='ltr'>corrigendum</span> <span class='ocrx_word' id='word_1_504' title='bbox 1560 2874 1601 2895; x_wconf 68' lang='lat' dir='ltr'>esi</span> <span class='ocrx_word' id='word_1_505' title='bbox 1621 2878 1656 2895; x_wconf 65' lang='lat' dir='ltr'>ex</span> <span class='ocrx_word' id='word_1_506' title='bbox 1676 2869 1711 2901; x_wconf 82' lang='lat' dir='ltr'>is,</span> <span class='ocrx_word' id='word_1_507' title='bbox 1731 2872 1804 2902; x_wconf 70' lang='lat' dir='ltr'>Quod</span> <span class='ocrx_word' id='word_1_508' title='bbox 1824 2872 1956 2896; x_wconf 73' lang='lat' dir='ltr'>cernitur</span> 
     </span>
     <span class='ocr_line' id='line_1_47' title="bbox 203 2911 1806 2945; baseline 0.001 -12"><span class='ocrx_word' id='word_1_509' title='bbox 203 2911 232 2933; x_wconf 74' lang='grc' dir='ltr'><em>ι’)ι,</em></span> <span class='ocrx_word' id='word_1_510' title='bbox 252 2918 361 2941; x_wconf 58' lang='lat' dir='ltr'>apoyr„</span> <span class='ocrx_word' id='word_1_511' title='bbox 381 2916 431 2936; x_wconf 71' lang='grc' dir='ltr'><em>ιιιιε</em></span> <span class='ocrx_word' id='word_1_512' title='bbox 447 2914 539 2943; x_wconf 70' lang='lat' dir='ltr'>paulo</span> <span class='ocrx_word' id='word_1_513' title='bbox 561 2914 642 2943; x_wconf 71' lang='lat' dir='ltr'>infra</span> <span class='ocrx_word' id='word_1_514' title='bbox 659 2921 716 2944; x_wconf 66' lang='lat' dir='ltr'>pro</span> <span class='ocrx_word' id='word_1_515' title='bbox 737 2913 969 2939; x_wconf 80' lang='lat' dir='ltr'>denuntiaretur</span> <span class='ocrx_word' id='word_1_516' title='bbox 985 2915 1151 2945; x_wconf 61' lang='lat' dir='ltr'>ponendum</span> <span class='ocrx_word' id='word_1_517' title='bbox 1174 2913 1348 2938; x_wconf 82' lang='lat' dir='ltr'>denuntiari</span> <span class='ocrx_word' id='word_1_518' title='bbox 1367 2912 1487 2938; x_wconf 81' lang='lat' dir='ltr'>iuberet</span> <span class='ocrx_word' id='word_1_519' title='bbox 1506 2913 1550 2937; x_wconf 76' lang='lat' dir='ltr'>vel</span> <span class='ocrx_word' id='word_1_520' title='bbox 1569 2911 1683 2943; x_wconf 73' lang='lat' dir='ltr'>aliquid</span> <span class='ocrx_word' id='word_1_521' title='bbox 1703 2912 1806 2936; x_wconf 72' lang='lat' dir='ltr'>simile.</span> 
     </span>
    </p>
   </div>
   <div class='ocr_carea' id='block_1_5' title="bbox 202 3015 1954 3221">
    <p class='ocr_par' dir='ltr' id='par_1_5' title="bbox 202 3015 1954 3116">
     <span class='ocr_line' id='line_1_48' title="bbox 323 3015 1954 3061; baseline 0.002 -12"><span class='ocrx_word' id='word_1_522' title='bbox 323 3017 332 3035; x_wconf 83' lang='lat'><em>¹</em></span> <span class='ocrx_word' id='word_1_523' title='bbox 358 3015 517 3050; x_wconf 82' lang='lat' dir='ltr'>Litaniae</span> <span class='ocrx_word' id='word_1_524' title='bbox 541 3018 727 3059; x_wconf 61' lang='lat' dir='ltr'>„Omnium</span> <span class='ocrx_word' id='word_1_525' title='bbox 746 3019 976 3053; x_wconf 69' lang='lat' dir='ltr'>Sanctorum-²</span> <span class='ocrx_word' id='word_1_526' title='bbox 1000 3032 1018 3053; x_wconf 91' lang='lat' dir='ltr'>e</span> <span class='ocrx_word' id='word_1_527' title='bbox 1036 3023 1159 3054; x_wconf 88' lang='lat' dir='ltr'>vetere</span> <span class='ocrx_word' id='word_1_528' title='bbox 1177 3020 1347 3054; x_wconf 88' lang='lat' dir='ltr'>memoria</span> <span class='ocrx_word' id='word_1_529' title='bbox 1372 3019 1408 3053; x_wconf 90' lang='lat' dir='ltr'>in</span> <span class='ocrx_word' id='word_1_530' title='bbox 1435 3018 1609 3053; x_wconf 88' lang='lat' dir='ltr'>eiusmodi</span> <span class='ocrx_word' id='word_1_531' title='bbox 1635 3017 1954 3061; x_wconf 86' lang='lat' dir='ltr'>supplicationibus</span> 
     </span>
     <span class='ocr_line' id='line_1_49' title="bbox 202 3068 1637 3116; baseline 0.003 -17"><span class='ocrx_word' id='word_1_532' title='bbox 202 3068 344 3100; x_wconf 87' lang='lat' dir='ltr'>recitari</span> <span class='ocrx_word' id='word_1_533' title='bbox 370 3069 495 3102; x_wconf 82' lang='lat' dir='ltr'>solent.</span> <span class='ocrx_word' id='word_1_534' title='bbox 641 3072 653 3090; x_wconf 70' lang='lat'>‘2</span> <span class='ocrx_word' id='word_1_535' title='bbox 681 3072 769 3105; x_wconf 78' lang='lat' dir='ltr'>Vide</span> <span class='ocrx_word' id='word_1_536' title='bbox 796 3084 903 3116; x_wconf 88' lang='lat' dir='ltr'>supra</span> <span class='ocrx_word' id='word_1_537' title='bbox 930 3084 963 3116; x_wconf 93' lang='lat' dir='ltr'>p.</span> <span class='ocrx_word' id='word_1_538' title='bbox 991 3073 1058 3106; x_wconf 79' lang='lat'>279</span> <span class='ocrx_word' id='word_1_539' title='bbox 1086 3073 1164 3106; x_wconf 77' lang='lat'>320.</span> <span class='ocrx_word' id='word_1_540' title='bbox 1311 3073 1323 3092; x_wconf 79' lang='lat'>3</span> <span class='ocrx_word' id='word_1_541' title='bbox 1351 3073 1381 3106; x_wconf 93' lang='grc'><strong>1.</strong></span> <span class='ocrx_word' id='word_1_542' title='bbox 1408 3071 1637 3116; x_wconf 85' lang='lat' dir='ltr'>Septembris.</span> 
     </span>
    </p>

    <p class='ocr_par' dir='ltr' id='par_1_6' title="bbox 320 3120 1904 3168">
     <span class='ocr_line' id='line_1_50' title="bbox 320 3120 1904 3168; baseline 0.003 -15"><span class='ocrx_word' id='word_1_543' title='bbox 320 3122 332 3139; x_wconf 61' lang='lat'>4</span> <span class='ocrx_word' id='word_1_544' title='bbox 360 3120 412 3153; x_wconf 85' lang='lat' dir='ltr'>Cf.</span> <span class='ocrx_word' id='word_1_545' title='bbox 440 3122 546 3154; x_wconf 84' lang='lat' dir='ltr'>etiam</span> <span class='ocrx_word' id='word_1_546' title='bbox 573 3124 639 3156; x_wconf 69' lang='lat' dir='ltr'>los.</span> <span class='ocrx_word' id='word_1_547' title='bbox 664 3125 828 3167; x_wconf 71' lang='lat' dir='ltr'>Grevinq,</span> <span class='ocrx_word' id='word_1_548' title='bbox 857 3125 999 3158; x_wconf 80' lang='lat' dir='ltr'>Johann</span> <span class='ocrx_word' id='word_1_549' title='bbox 1026 3125 1122 3168; x_wconf 70' lang='lat' dir='ltr'>Eqks</span> <span class='ocrx_word' id='word_1_550' title='bbox 1148 3125 1359 3166; x_wconf 86' lang='lat' dir='ltr'>Pfarrbuch,</span> <span class='ocrx_word' id='word_1_551' title='bbox 1387 3125 1551 3158; x_wconf 73' lang='lat' dir='ltr'>Miinster</span> <span class='ocrx_word' id='word_1_552' title='bbox 1577 3124 1598 3158; x_wconf 86' lang='lat' dir='ltr'>i.</span> <span class='ocrx_word' id='word_1_553' title='bbox 1618 3123 1675 3157; x_wconf 45' lang='lat' dir='ltr'>XV.</span> <span class='ocrx_word' id='word_1_554' title='bbox 1699 3123 1798 3164; x_wconf 82' lang='lat'>1908,</span> <span class='ocrx_word' id='word_1_555' title='bbox 1827 3125 1904 3158; x_wconf 89' lang='grc'><strong>191.</strong></span> 
     </span>
    </p>

    <p class='ocr_par' dir='ltr' id='par_1_7' title="bbox 321 3172 1605 3221">
     <span class='ocr_line' id='line_1_51' title="bbox 321 3172 1605 3221; baseline 0.005 -17"><span class='ocrx_word' id='word_1_556' title='bbox 321 3173 333 3191; x_wconf 67' lang='lat'>&#39;0</span> <span class='ocrx_word' id='word_1_557' title='bbox 359 3172 511 3206; x_wconf 78' lang='lat' dir='ltr'>Mal-tino</span> <span class='ocrx_word' id='word_1_558' title='bbox 538 3186 557 3206; x_wconf 89' lang='lat' dir='ltr'>a</span> <span class='ocrx_word' id='word_1_559' title='bbox 584 3174 838 3218; x_wconf 78' lang='lat' dir='ltr'>Schaumberg,</span> <span class='ocrx_word' id='word_1_560' title='bbox 866 3178 899 3210; x_wconf 91' lang='lat' dir='ltr'>in</span> <span class='ocrx_word' id='word_1_561' title='bbox 927 3177 1028 3211; x_wconf 89' lang='lat' dir='ltr'>cuius</span> <span class='ocrx_word' id='word_1_562' title='bbox 1054 3178 1207 3212; x_wconf 88' lang='lat' dir='ltr'>dioecesi</span> <span class='ocrx_word' id='word_1_563' title='bbox 1237 3177 1493 3221; x_wconf 75' lang='lat' dir='ltr'>ingolstadium</span> <span class='ocrx_word' id='word_1_564' title='bbox 1519 3180 1605 3210; x_wconf 84' lang='lat' dir='ltr'>erat.</span> 
     </span>
    </p>
   </div>
  </div>
 </body>
</html>
