2077 3461
236 205 341 237 XXVI
782 205 826 240 Il.
853 204 1077 239 Prooemium
1103 197 1296 239 voluminis
1321 204 1449 249 quinti.

233 326 357 368 patum
385 322 598 366 vulgentur,
634 326 800 357 accurate
827 324 1039 366 cognoscat;
1076 333 1156 357 cum
1191 321 1309 356 clerus
1343 322 1516 356 acerrima
1546 332 1708 366 quaeque
1735 321 1993 356 medicamenta

233 376 327 410 ferre
352 379 518 420 nequeat,
548 375 772 418 ,mode1·ata“
802 378 922 410 tamen
958 375 989 409 ei
1015 375 1184 410 adhibeat
1213 374 1331 418 (410);
1368 373 1582 409 consultatio
1608 374 1782 419 quaedam
1807 373 1886 409 sive
1911 385 1992 409 con·

232 428 352 464 silium
379 428 662 463 ecclesiasticum
703 439 822 463 coram
858 429 1024 474 episcopo
1058 428 1220 463 habitum
1257 430 1331 469 est,
1370 427 1427 462 cui
1453 427 1619 462 Canisius
1653 427 1834 467 interfuit;
1874 427 1992 462 decre-

232 484 372 522 verunt,
399 485 439 516 ut
465 482 692 516 visitationes
718 481 952 521 haberentur;
980 484 1020 516 ut
1045 481 1080 515 in
1107 480 1406 516 confessariorum
1432 480 1586 524 gratiam
1615 480 1793 515 institutio
1818 479 1991 525 quaedam

233 546 312 570 cum
339 546 486 569 casuum
511 537 777 569 reservatorum
805 534 968 578 catalogo
995 534 1234 569 excuderetur
1259 536 1295 568 et
1325 544 1505 575 ,summus
1531 533 1859 579 poenitentiarius“,
1885 544 1906 568 a
1923 544 1992 578 quo

233 588 382 622 consilia
407 589 480 633 peti
506 591 664 633 possent,
691 588 971 622 constitueretur
996 590 1063 621 etc.
1095 587 1206 629 (705).

352 641 388 676 Si
414 641 503 676 haec
529 643 565 675 et
590 640 679 682 alia,
714 651 805 685 quae
832 641 867 674 in
893 640 959 675 hoc
984 640 1165 674 volumine
1191 642 1392 681 occurrunt,
1428 639 1730 681 consideraveris,
1766 639 1923 680 videbis,
1957 639 1992 673 in

232 693 329 728 illius
354 694 485 728 aetatis
512 694 689 739 episcopis
714 693 848 734 multa,
883 705 929 728 ex
955 696 1057 738 parte
1083 693 1231 734 saltem,
1267 693 1432 727 excusari
1467 704 1573 738 posse
1598 695 1706 737 atque
1732 692 1840 727 etiam
1865 691 1994 726 debere

232 747 310 792 ipsa
336 750 536 792 temporum
563 746 700 781 malitia
734 746 818 789 (135
844 745 943 789 410).
995 745 1091 780 Idem
1119 746 1161 780 de
1198 745 1388 790 reliquo
1424 746 1552 780 clero
1588 745 1741 786 dixeris:
1776 756 1992 790 quamquam

231 811 277 834 ne
302 799 385 834 huic
410 800 553 844 quidem
579 800 648 834 viri
675 800 837 834 doctrina
864 801 900 833 et
924 798 1059 844 pietate
1085 799 1269 844 conspicui
1294 810 1441 844 prorsus
1475 799 1641 839 deerant;
1677 799 1819 833 nomino
1853 800 1993 832 tantum

232 851 425 887 Martinam
445 852 656 896 Eisengrein
679 851 870 896 parochum
888 851 1164 896 theologiaeque
1182 852 1419 897 professorem
1444 851 1760 896 ingolstadiensem
1786 850 1870 895 (312
1897 850 1994 894 722),

232 905 400 939 Ioannem
420 905 605 940 Latomum
632 904 806 939 ecclesiae
833 904 867 939 S.
886 904 1152 939 Bartholomaei
1170 904 1469 939 francofurtensis
1487 904 1661 939 decanum
1682 904 1795 948 (803),
1820 903 1994 938 Thomam

231 958 408 992 Busaeum
437 958 608 992 ecclesiae
635 957 668 992 S.
688 957 861 1003 Stephani
887 958 1179 1002 noviomagensis
1204 957 1377 992 decanum
1408 958 1522 1001 (656),
1548 957 1773 992 Theodorum
1795 955 1991 991 Lindanum

232 1011 441 1046 canonicum
476 1010 790 1046 vratislaviensem
829 1011 864 1054 (7
895 1011 993 1055 204),
1030 1011 1261 1046 Laurentium
1287 1010 1428 1046 Surium
1464 1011 1708 1045 cartusianum
1744 1009 1993 1047 coloniensem,

233 1064 375 1099 Canisio
401 1064 656 1099 amicissimum
686 1063 800 1107 (532),
835 1065 896 1108 qui
931 1064 987 1098 his
1023 1064 1127 1098 annis
1161 1075 1242 1099 cum
1274 1063 1355 1099 aliis
1381 1064 1482 1099 libris
1507 1064 1624 1105 editis,
1657 1066 1734 1098 tum
1760 1063 1887 1108 grandi
1912 1074 1994 1098 con-

233 1117 394 1152 ciliorum
421 1128 568 1162 corpore
593 1117 629 1151 in
654 1116 772 1151 lucem
798 1118 929 1152 emisso
956 1117 1143 1152 catholicis
1169 1128 1299 1159 magno
1326 1117 1554 1151 emolimento
1578 1117 1648 1151 fuit
1676 1117 1789 1160 (444).

354 1170 420 1204 His
446 1170 585 1204 clericis
616 1170 660 1204 ad
693 1169 902 1214 religionem
929 1171 1202 1205 sustentandam
1228 1170 1381 1204 multum
1406 1169 1531 1205 auxilii
1566 1169 1786 1215 praebebant
1814 1168 1925 1213 aliqui
1949 1179 1994 1206 ex

236 1223 447 1258 Germaniae
475 1223 800 1268 principibus,
829 1223 992 1269 inprimis
1016 1223 1186 1258 Albertus
1205 1223 1247 1258 V.
1267 1223 1443 1258 Bavariae
1470 1223 1542 1257 dux
1570 1223 1632 1267 (19
1659 1222 1720 1266 56)
1749 1226 1785 1257 et
1802 1222 1993 1256 Ferdinan-

236 1277 301 1311 dus
319 1277 364 1311 II.
382 1277 549 1311 Austriae
567 1276 760 1321 superioris
778 1276 944 1322 princeps
965 1276 1060 1320 (19);
1087 1276 1260 1311 Albertus
1285 1277 1492 1311 comitatum
1511 1276 1707 1320 hagensem
1734 1275 1778 1310 ad
1804 1275 1992 1310 ecclesiam

235 1329 428 1364 reducebat
457 1329 570 1373 (493).
621 1329 867 1364 Ferdinandus
893 1329 1068 1364 archidux
1093 1329 1241 1364 Tirolim
1267 1329 1311 1364 ab
1337 1329 1584 1375 anabaptismo
1609 1328 1762 1373 aliisque
1786 1328 1994 1363 haeresibus

236 1383 426 1426 diligenter
461 1394 503 1417 ac
537 1394 662 1417 severe
696 1383 893 1428 purgabat;
931 1394 1002 1427 qua
1036 1383 1072 1417 in
1104 1395 1142 1417 re
1168 1383 1289 1417 Lanoii
1322 1383 1474 1418 rectoris
1499 1382 1727 1427 oenipontani
1752 1384 1860 1426 atque
1886 1381 1993 1416 etiam

237 1435 371 1470 Canisii
396 1435 554 1470 consiliis
582 1435 775 1470 iuvabatur
803 1436 917 1479 (777).
955 1435 1170 1470 Ferdinandi
1195 1447 1334 1470 sorores
1361 1435 1559 1481 Oeniponte
1585 1435 1788 1470 habitantes
1813 1434 1994 1469 luculenta

236 1489 382 1523 virtutis
408 1488 573 1534 exempla
598 1488 728 1534 populo
753 1488 991 1534 praebebant;
1027 1488 1218 1524 Societatis
1252 1489 1402 1533 collegio
1427 1500 1588 1529 romano,
1624 1500 1669 1523 ex
1695 1499 1764 1533 quo
1789 1487 1934 1533 plurimi
1959 1487 1995 1521 in

235 1542 476 1586 germanicam
502 1553 655 1576 messem
683 1542 890 1587 prodibant,
926 1542 1118 1586 quotannis
1142 1542 1213 1577 400
1247 1542 1322 1576 fere
1347 1553 1474 1576 aureos
1508 1553 1571 1587 pro
1596 1541 1691 1586 stipe
1715 1540 1907 1575 mittebant
1933 1539 1996 1583 (24

236 1595 338 1638 484);
378 1595 568 1629 Societatis
603 1594 754 1638 collegia
787 1595 824 1629 in
859 1595 1051 1630 Germania
1085 1595 1269 1641 superiore
1306 1595 1502 1630 constituta
1536 1594 1750 1640 templorum
1776 1594 1995 1628 ornamentis

235 1648 461 1683 instruebant
488 1649 573 1692 (224
599 1648 700 1692 718);
734 1648 885 1691 collegio
911 1649 1148 1694 oenipontano
1175 1649 1305 1683 cotidie
1330 1648 1429 1683 cibos
1453 1648 1645 1683 mittebant
1673 1647 1789 1692 (374);
1825 1647 1994 1682 Societati

237 1702 318 1736 Iesu
344 1701 534 1736 universae
564 1705 717 1744 „matres
743 1702 916 1746 optimas“
946 1713 986 1736 se
1020 1701 1255 1747 praestabant
1283 1701 1396 1745 (223).
1446 1702 1499 1736 Ac
1525 1701 1690 1746 quoniam
1717 1701 1760 1735 de
1785 1700 1932 1735 Alberto
1950 1699 1993 1735 V.

237 1755 326 1789 duce
352 1755 436 1796 dixi,
462 1754 529 1789 hoc
554 1755 665 1789 addo:
692 1754 798 1789 Tanti
822 1754 856 1789 S.
875 1754 961 1789 Pius
980 1754 1024 1788 V.
1050 1755 1127 1790 eius
1151 1755 1280 1790 merita
1306 1755 1472 1798 faciebat,
1500 1757 1540 1789 ut
1564 1754 1678 1800 ipsius
1695 1754 1813 1797 gratia
1838 1753 1997 1788 nonnihil

237 1808 279 1842 de
305 1819 486 1842 sacrorum
514 1819 688 1841 canonum
714 1808 831 1851 rigore
857 1808 1055 1850 remittens,
1082 1808 1234 1843 Ernesto
1260 1808 1337 1842 eius
1362 1808 1458 1850 fiilio,
1488 1808 1653 1842 undecim
1678 1818 1850 1841 annorum
1876 1818 1996 1852 puero,

236 1861 463 1906 episcopatus
488 1860 717 1903 frisingensis
743 1860 1100 1902 administrationem,
1127 1861 1220 1906 qnod
1247 1861 1291 1896 ad
1317 1861 1453 1896 reditus
1483 1864 1674 1905 ceteraque
1699 1860 1789 1895 bona
1815 1860 1994 1895 attineret.

236 1914 469 1959 permitteret,
496 1913 643 1957 reliquis
662 1913 772 1948 officii
797 1914 1011 1959 episcopalis
1038 1915 1170 1949 muniis
1194 1914 1231 1948 in
1257 1914 1356 1955 alios,
1383 1914 1494 1949 donec
1512 1914 1686 1948 Ernestus
1707 1915 1871 1947 maturus
1889 1915 1994 1949 esset.

234 1966 378 2000 reiectis
405 1966 518 2010 (264).
570 1965 735 2001 Canisius
772 1968 920 2010 rogatus
957 1967 1147 2001 Ernestum
1186 1967 1366 2012 pontifici,
1405 1969 1556 2010 gravate
1592 1969 1734 2008 tamen,
1773 1965 1993 2000 commenda-

235 2025 339 2053 verat
367 2019 481 2062 (263).

353 2072 409 2106 Ad
443 2071 554 2107 laicos
589 2072 785 2107 catholicos
819 2072 933 2107 redeo.
989 2072 1261 2118 Rempublicam
1297 2073 1621 2108 coloniensem
1658 2072 1822 2107 Canisius
1853 2072 1993 2116 magnis

236 2125 338 2159 effert
355 2125 520 2159 laudibus
541 2125 624 2169 (325
651 2126 748 2169 685),
773 2126 929 2160 maxime
947 2126 981 2159 in
999 2125 1140 2166 litteris,
1168 2126 1297 2170 quibus
1319 2137 1450 2160 novam
1471 2125 1678 2169 „Summae“
1699 2136 1785 2160 suae
1804 2125 1992 2159 editionem

234 2179 266 2213 ei
284 2178 443 2218 dedicat;
463 2189 541 2212 eam
560 2190 644 2212 vere
666 2190 794 2223 „supra
812 2181 949 2224 petram
968 2179 1175 2213 fundata1n“
1199 2183 1235 2213 et
1251 2179 1392 2213 nomine
1410 2179 1554 2223 dignam
1573 2190 1662 2220 esse,
1681 2190 1750 2223 quo
1768 2177 1850 2212 olim
1869 2181 1993 2212 ornata

232 2232 290 2273 sit,
321 2231 458 2274 „fidelis
491 2231 606 2265 fihae‘
636 2235 783 2266 sanctae
820 2243 986 2266 romanae
1022 2231 1194 2266 ecclesiae
1225 2232 1337 2275 (159).
1388 2232 1427 2266 In
1462 2231 1644 2277 republica
1673 2233 1875 2275 augustana
1901 2242 1992 2266 com-

232 2284 353 2330 plures
381 2284 536 2319 familiae
562 2285 806 2330 patriciae
842 2284 948 2319 fidem
983 2284 1107 2319 sedulo
1144 2285 1346 2320 tuebantur.
1397 2285 1495 2319 Inter
1520 2296 1610 2329 quos
1635 2284 1836 2319 excellebat
1861 2283 1992 2318 Ursula

233 2338 275 2372 de
294 2337 549 2379 Lichtenstein,
576 2338 721 2381 Georgii
741 2338 785 2373 ΙΙ.
805 2338 960 2382 Fuggeri
983 2350 1083 2379 uxor,
1107 2338 1299 2373 Societatis
1317 2340 1467 2384 patrona
1485 2338 1738 2373 liberalissima
1766 2338 1802 2381 (9
1821 2337 1905 2373 300ι
1923 2338 1991 2372 535

232 2391 328 2434 547),
359 2391 498 2434 „mariti
517 2391 659 2426 Christo
678 2391 946 2426 lucrifaciendi“
968 2392 1129 2426 studiosa
1158 2392 1247 2435 (44),
1277 2392 1332 2435 ,in
1359 2391 1606 2437 spiritualibus
1631 2391 1760 2426 studiis
1786 2392 1822 2425 et
1846 2391 1992 2436 pietatis

233 2444 399 2489 operibus
425 2443 578 2488 insignis
603 2455 645 2479 ac
671 2444 911 2478 admirabilis“
943 2444 1056 2487 (293).

352 2497 390 2531 In
417 2497 529 2532 iuris
554 2497 797 2542 peritorum
824 2508 966 2542 quoque
991 2497 1112 2532 ordine
1139 2500 1251 2538 erant,
1278 2497 1338 2541 qui
1364 2497 1552 2532 ecclesiam
1570 2499 1715 2531 strenue
1741 2496 1990 2531 defenderent:

233 2549 509 2595 Christophorus
534 2550 741 2594 WVelsinger
766 2550 1002 2585 cancellarius
1027 2551 1336 2594 argentoratensis
1364 2551 1444 2594 (421
1475 2551 1571 2594 514),
1599 2550 1789 2584 Balthasar
1814 2549 1858 2584 ab
1884 2549 1990 2584 Hellu

233 2603 469 2637 cancellarius
507 2603 765 2649 herbipolensis
800 2604 885 2647 (128
912 2604 1008 2647 694),
1048 2603 1167 2638 Simon
1197 2603 1410 2638 Thaddaeus
1449 2603 1524 2638 Eck
1563 2602 1798 2638 cancellarius
1835 2603 1990 2637 bavarus

236 2655 296 2698 (19
320 2656 401 2698 766)
423 2656 580 2691 consiliis
606 2659 643 2691 et
666 2656 918 2700 legationibus,
946 2656 1160 2692 Guilielmus
1177 2657 1389 2701 Eisengrein
1410 2657 1471 2699 (90
1497 2657 1580 2700 831)
1602 2656 1771 2691 librorum
1797 2655 1988 2701 scriptione

232 2708 266 2742 id
294 2709 536 2753 praestabant.
587 2708 785 2755 Oeniponte
815 2710 976 2752 „Domini
1003 2710 1045 2744 de
1076 2710 1266 2753 regimine¹⁴
1298 2711 1465 2744 Austriae
1498 2709 1692 2755 superioris
1717 2709 1794 2743 sive
1819 2709 1989 2754 principis

233 2762 424 2795 consiliarii
451 2762 605 2807 supremi
637 2762 865 2804 „lectione1n“
895 2762 1152 2807 theologicam,
1187 2774 1293 2807 quam
1319 2775 1412 2797 unus
1437 2775 1480 2797 ex
1508 2762 1620 2798 Sociis
1654 2761 1778 2796 diebus
1804 2761 1988 2796 dominicis

234 2813 398 2854 habebat,
425 2816 702 2859 frequentabant
731 2816 820 2859 (45).

350 2868 461 2902 Erant
487 2869 595 2902 etiam
621 2869 938 2914 typographi,
972 2870 1032 2914 qui
1059 2880 1204 2914 operam
1229 2869 1402 2904 eeclesiae
1429 2869 1608 2909 dicarent:
1643 2871 1683 2902 ut
1709 2867 1987 2913 Christophorus

231 2920 420 2955 Plantinus
455 2922 719 2966 antverpiensis
747 2922 859 2965 (814),
894 2922 1080 2956 Maternus
1105 2921 1275 2957 Cholinus
1310 2925 1346 2956 et
1373 2921 1550 2956 Gervinus
1577 2920 1742 2956 Calenius
1768 2920 1987 2956 colonienses

234 2973 314 3016 (281
344 2974 413 3008 444
439 2973 536 3017 804),
563 2974 737 3009 Sebaldus
763 2975 890 3020 Mayer
916 2975 1118 3018 dilinganus
1146 2974 1378 3018 (791—792).

347 3027 400 3060 Ad
433 3027 700 3062 Societatis
736 3027 841 3062 Iesu
876 3027 1090 3062 homines
1124 3030 1280 3063 transeo.
1330 3028 1376 3062 Hi
1411 3039 1451 3062 eo
1486 3030 1645 3072 tempore
1672 3025 1804 3060 multas
1829 3027 1986 3071 experie-

229 3078 359 3113 bantur
384 3079 738 3115 difficultates.
782 3080 882 3115 Sicut
907 3080 1041 3116 Romae
1067 3081 1142 3124 (24)
1172 3084 1207 3115 et
1227 3081 1374 3115 Parisiis
1395 3080 1478 3123 (403
1504 3080 1600 3123 477),
1628 3080 1678 3113 ita
1703 3078 1881 3123 plerisque
1901 3078 1985 3113 Ger-

230 3134 369 3166 maniae
404 3133 491 3167 locis
518 3133 707 3167 Societatis
742 3133 892 3177 collegia
928 3134 1046 3179 inopia
1081 3135 1131 3168 rei
1157 3134 1344 3168 familiaris
1369 3133 1579 3168 laborabant
1608 3131 1666 3174 (37
1696 3131 1760 3166 107
1787 3132 1856 3166 225
1882 3132 1982 3175 280):

231 3184 394 3220 Canisius
421 3185 612 3230 aliquando
638 3198 750 3231 paene
776 3186 983 3232 desperavit
1009 3187 1051 3221 de
1078 3187 1281 3232 provinciae
1307 3197 1392 3221 suae
1411 3185 1573 3220 domibus
1590 3196 1672 3220 aere
1693 3185 1808 3220 alieno
1835 3184 1983 3219 liberan-
