2045 3471
175 203 260 245 800
630 198 725 232 Mon.
744 197 932 233 859460
958 197 1036 231 sive
1061 196 1131 230 litt.
1153 193 1326 239 (8)—(9).
1371 193 1473 227 1565.

295 318 327 352 3.
354 318 457 351 Anno
486 316 575 350 1565
603 315 738 350 Canisii
767 314 953 357 „Summa“
985 314 1136 348 Parmae
1163 325 1184 346 a
1210 311 1294 346 Seth
1315 310 1437 345 Viotto
1462 320 1597 343 excusa
1622 309 1688 342 est.
1738 305 1939 340 Editionem

174 383 266 417 pono
293 382 338 404 ex
365 370 615 414 descriptione,
641 380 733 402 anno
753 368 842 403 1891
870 367 1018 412 Neapoli
1045 379 1066 401 a
1092 367 1133 400 R.
1153 366 1192 400 P.
1211 366 1369 399 Antonio
1387 364 1525 397 Minasl
1547 361 1581 395 S.
1597 361 1630 396 J.
1657 359 1700 394 ad
1727 371 1783 393 me
1808 357 1939 391 missa:

299 423 493 466 „SUMMA
515 423 518 464 Ι
542 421 818 456 DOCTRINAE
842 421 845 465 Ι
870 419 1192 455 CHRISTIANAE
1216 420 1220 461 Ι
1244 417 1337 452 PER
1357 413 1686 458 QUAESTIONES
1709 413 1714 454 Ι
1737 410 1940 455 conscripta

177 489 197 511 a
223 476 423 511 Reverend.
450 476 492 510 D.
520 474 666 520 Pe-ltro
694 475 837 510 Canisio
862 474 1045 517 Theologo
1072 471 1263 507 Societatis
1286 470 1290 513 Ι
1312 471 1405 510 Iesu,
1442 471 1478 502 et
1511 479 1605 502 nunc
1636 476 1762 500 recens
1797 464 1840 498 ab
1867 462 1936 505 e0—!

177 531 257 564 dem
283 529 468 573 recognita
495 531 531 563 et
556 531 674 563 aucta.
698 528 701 572 Ι
724 527 995 563 ACCESSERE
1019 526 1023 571 Ι
1046 527 1178 560 Preces
1203 524 1378 558 Horariae
1404 522 1447 556 de
1473 523 1619 555 aeterna
1645 518 1711 553 Dei
1736 516 1914 562 sapientia

177 583 287 618 IESU
306 582 509 617 CHRISTO
538 582 678 616 domino
702 581 705 626 Ι
729 584 862 623 nostro,
889 593 970 615 cum
996 580 1065 625 piis
1092 577 1304 623 quibusdam
1332 579 1368 610 et
1391 578 1395 615 Ι
1418 574 1634 610 Christianis
1660 569 1938 612 exercitationi-l

177 637 255 671 bus.
287 636 362 670 Nec
379 648 448 670 non
466 637 504 670 et
521 635 634 669 Index
656 636 659 678 Ι
684 635 952 680 copiosissimus
975 634 979 675 Ι
1002 631 1203 667 PARMAE
1226 630 1231 674 Ι
1254 629 1358 674 Apud
1374 628 1459 662 Seth
1471 628 1634 662 Viottum
1651 624 1654 669 Ι
1671 625 1720 659 Μ.
1736 623 1777 658 D.
1792 622 1920 657 LXV.“

179 690 267 724 Cum
294 689 408 723 Viotti
433 689 537 733 signo
562 688 836 734 typographico.
887 688 927 721 In
954 689 1115 720 extremo
1141 685 1249 719 libro:
1292 681 1435 725 „FINIS
1459 682 1464 723 Ι
1487 678 1685 715 PARMAE
1708 678 1712 720 Ι
1735 676 1828 721 apud
1856 675 1943 709 Seth

178 743 344 777 Viottum
367 743 371 784 Ι
394 742 442 776 Μ.
460 742 502 776 D.
522 742 650 776 LXV.“

300 796 380 836 24⁰;
407 796 443 830 ff.
461 795 554 839 sign.
575 795 732 836 1-200;
759 797 945 839 praeterea
971 794 1005 827 in
1032 792 1134 826 initio
1155 791 1197 825 12
1216 791 1251 825 ff.
1277 801 1346 824 non
1373 789 1464 831 sign.
1486 786 1622 830 (addito
1641 783 1725 828 tit),
1751 795 1795 817 ex
1815 781 1944 826 quibus

181 849 217 883 ff.
244 850 265 883 2
293 852 329 883 et
354 849 375 883 3
402 849 542 883 litteras
569 849 817 890 dedicatorias,
853 847 1042 891 sequentia
1068 844 1264 879 indiculum
1290 841 1555 887 alphabeticum
1583 838 1773 877 exhibent;
1809 836 1832 869 f.
1863 835 1945 868 174³

183 904 219 936 et
253 902 278 936 f.
305 902 390 936 200ἶὶ
416 913 551 946 parvae
576 901 714 944 figurae
739 900 837 944 ligno
863 901 997 934 incisae
1027 898 1066 941 (f.
1084 898 1151 933 174
1176 896 1342 931 Christus
1368 893 1464 928 cruci
1490 892 1634 931 affixus,
1661 901 1766 934 quem
1793 888 1861 922 duo
1887 898 1946 921 an-

183 955 255 998 geli
289 955 475 998 adorant);
512 956 547 988 in
582 955 697 989 altera
732 954 813 988 libri
848 955 960 998 parte,
996 954 1137 997 praeter
1176 950 1266 984 alias
1291 959 1427 993 preces,
1461 944 1714 980 meditationes
1748 942 1878 976 breves
1904 940 1947 973 de

185 1008 338 1050 Christo,
364 1020 428 1053 per
453 1008 615 1051 singulos
640 1007 873 1042 hebdomadis
900 1007 975 1040 dies
1002 1005 1207 1050 dispositae,
1234 1004 1392 1036 exstant.

303 1061 399 1096 Libri
439 1062 653 1106 „praefati0“
689 1062 767 1096 sive
800 1061 943 1094 litterae
978 1059 1216 1093 dedicatoriae
1251 1057 1384 1092 Parma
1420 1055 1474 1088 15.
1501 1051 1623 1086 Martii
1652 1050 1741 1084 1565
1778 1060 1798 1082 a
1823 1047 1948 1081 Viotto

185 1115 290 1149 datae
309 1116 394 1149 sunt
411 1116 456 1149 ad
477 1115 721 1158 „Matthaeum
741 1114 977 1148 Rinuccinum
996 1113 1112 1147 civem
1138 1114 1174 1145 et
1193 1110 1410 1145 canonicum
1428 1105 1672 1141 Florentinum
1692 1102 1773 1137 LV.
1793 1100 1948 1146 peritiss.

187 1168 504 1213 Jllustrissimique
539 1170 575 1202 et
600 1167 852 1202 Reverendiss.
880 1166 1077 1201 Alexandri
1105 1164 1208 1199 Card.
1237 1161 1392 1196 Sfortiae
1419 1160 1642 1202 Parmaeque
1677 1154 1862 1190 Pontificis
1888 1152 1949 1186 Vi-

186 1223 356 1256 carlum“.

307 1274 577 1318 sommervogel
612 1287 680 1308 non
716 1274 836 1319 posuit
868 1274 962 1307 hanc
997 1272 1199 1306 editionem.
1251 1269 1360 1311 Quae,
1395 1269 1435 1301 ut
1470 1278 1515 1300 ex
1550 1265 1590 1299 P.
1616 1262 1748 1298 Minasi
1787 1259 1950 1303 cognovi,

189 1330 312 1364 exstat
338 1328 489 1374 Neapoli
514 1329 549 1362 in
576 1328 793 1362 bibliotheca
811 1325 1059 1367 nationali,VI
1075 1325 1184 1365 A59;
1211 1324 1332 1357 exstat
1358 1322 1466 1355 etiam
1493 1319 1646 1353 Parmae
1671 1316 1708 1350 in
1733 1313 1950 1349 bibliotheca

188 1382 350 1428 palatina
376 1385 412 1417 et
438 1382 584 1416 Genuae
611 1382 646 1415 in
672 1381 889 1415 bibliotheca
916 1378 1165 1413 universitatis
1192 1377 1323 1419 regiae.

191 1480 297 1518 859
325 1483 402 1516 sive
428 1480 538 1516 litt.
560 1479 661 1526 (8).
736 1480 829 1515 1565.

313 1555 452 1588 Caussa·
479 1552 682 1598 „Sammaffi
713 1564 780 1596 per
807 1552 994 1585 Nicolaum
1019 1551 1191 1593 Zvyerum
1221 1549 1258 1582 Ο,
1277 1548 1341 1581 Fr.
1364 1547 1451 1579 Min.
1479 1556 1512 1578 a.
1540 1545 1632 1577 1557
1666 1541 1807 1575 vlamice
1839 1549 1951 1578 versa,

191 1608 304 1641 denuo
331 1608 521 1641 excuditur
546 1609 761 1650 Antaei-piae
779 1617 849 1648 per
874 1605 1063 1638 Nicolaum
1088 1614 1157 1635 van
1183 1603 1249 1635 den
1276 1601 1452 1633 Woztvere.

315 1677 523 1720 „Summae“
554 1677 758 1711 canisianae
794 1688 815 1710 a
841 1674 988 1709 Nicolao
1013 1673 1139 1707 Tacito
1165 1672 1297 1715 Zegero
1325 1668 1498 1713 (Zegers),
1526 1667 1669 1702 Ordinis
1694 1665 1861 1699 Fratrum
1886 1662 1954 1696 Mi-

193 1743 334 1773 norum,
370 1731 523 1765 vlamice
555 1742 682 1764 versae
720 1732 756 1763 et
794 1728 1009 1774 compluries
1046 1726 1270 1771 Antverpiae
1308 1727 1344 1758 et
1380 1722 1531 1757 Lovanii
1569 1731 1724 1755 excusae
1762 1719 1868 1761 (Can.
1903 1715 1953 1750 IV

196 1785 444 1828 1006—1007)
483 1785 589 1818 editio
625 1795 718 1817 nova
752 1783 851 1816 facta
886 1785 942 1815 est
976 1793 1007 1815 a.
1036 1781 1146 1814 1565:
1183 1778 1453 1822 „Catechismus
1480 1776 1550 1809 Dat
1575 1775 1606 1808 is
1632 1773 1697 1807 Die
1724 1772 1864 1806 Somme
1891 1770 1953 1804 des

194 1838 401 1883 Heylighen
428 1838 595 1872 Christen
622 1837 771 1880 geloofs,
810 1836 863 1869 int
889 1837 986 1869 corte
1013 1837 1086 1868 met
1112 1833 1273 1876 vraghen
1300 1831 1387 1865 ende
1413 1828 1666 1864 andtwoorden
1693 1828 1761 1861 den
1788 1827 1954 1862 Christen

195 1892 366 1934 ionghers
391 1891 556 1925 leerende
583 1891 652 1925 alle
678 1890 741 1924 het
767 1890 882 1933 ghene
908 1889 971 1922 dat
995 1899 1038 1932 sy
1065 1887 1242 1920 behooren
1270 1886 1312 1919 de
1331 1886 1479 1925 wetene,
1506 1885 1541 1916 te
1568 1881 1777 1925 gheloouem
1804 1882 1892 1915 ende
1917 1884 1954 1916 te

196 1945 306 1979 doene
332 1957 388 1978 om
415 1945 529 1979 salich
554 1948 590 1979 te
617 1945 778 1978 worden:
815 1943 921 1977 Eerst
945 1940 1210 1983 wtghegheuen
1246 1939 1281 1972 in
1308 1936 1532 1982 Latynscher
1566 1935 1655 1969 ende
1686 1935 1955 1969 ouerlantscher

195 1998 406 2043 spraecken,
442 2000 527 2033 door
553 1998 681 2032 dbevel
716 1998 778 2031 des
805 1997 913 2041 Keys.
942 1994 1083 2029 Maiest.
1110 1992 1336 2026 Ferdinandi.
1372 1989 1532 2025 Coninck
1558 2000 1628 2022 van
1655 1989 1822 2029 Roomen,
1857 1989 1955 2023 Hun-

197 2054 331 2099 garien,
359 2056 426 2087 etc.
478 2052 576 2086 Ende
601 2063 650 2085 nv
677 2050 985 2095 ghetranslateert
1017 2048 1054 2081 in
1080 2058 1165 2081 onse
1191 2044 1465 2079 nederlantsche
1491 2042 1663 2087 spraecke
1689 2041 1839 2076 beuolen
1866 2044 1957 2076 wort

196 2112 246 2142 wt
272 2111 307 2142 te
326 2108 478 2151 gheuen,
505 2106 594 2140 ende
612 2117 697 2139 ouer
723 2105 758 2138 al
784 2106 820 2138 te
845 2103 965 2137 leeren
984 2102 1068 2135 door
1085 2099 1259 2143 tghebodt
1278 2109 1342 2132 ons
1360 2096 1529 2132 Coninck.
1549 2096 1690 2129 Maiest.
1709 2107 1779 2129 van
1799 2095 1956 2140 Spaeng-

197 2163 291 2202 nien,
322 2165 389 2195 etc.
442 2159 619 2204 Gheprint
645 2157 910 2202 Thantwerpen
945 2157 1026 2200 opte
1054 2153 1272 2188 Lombaerde
1298 2151 1410 2184 Veste
1444 2149 1576 2192 teghen
1613 2160 1698 2182 ouer
1732 2148 1788 2182 die
1823 2148 1957 2191 gulden

199 2216 323 2256 hande,
359 2215 413 2259 By
448 2213 593 2248 Niclaes
629 2212 769 2246 vanden
795 2210 998 2243 Wouwere.
1033 2207 1081 2241 M.
1102 2206 1142 2241 D.
1162 2205 1268 2240 LXV.
1319 2204 1394 2238 Met
1430 2201 1700 2247 Conincklijcke
1727 2201 1952 2245 Priuilegie.“

200 2270 255 2309 8⁰;
283 2270 317 2302 ff.
346 2268 438 2311 sign.
467 2267 544 2307 120,
572 2268 608 2300 et
632 2266 667 2300 ff.
695 2277 764 2299 non
790 2264 882 2306 sign.
911 2264 942 2296 5.
993 2262 1033 2295 In
1060 2262 1220 2294 extremo
1245 2258 1356 2292 libro:
1399 2257 1458 2298 „ln
1484 2267 1602 2289 eremo
1629 2254 1853 2288 Botentalica
1878 2266 1957 2288 ver-

199 2323 300 2357 tebat
334 2322 379 2355 ad
406 2321 471 2355 Dei
502 2320 645 2354 laudem
681 2321 717 2352 et
751 2317 995 2363 proximorum
1026 2314 1192 2353 salutem,
1227 2323 1318 2345 anno
1345 2309 1486 2344 Domini
1512 2309 1559 2343 M.
1588 2308 1628 2342 D.
1657 2308 1762 2342 LVIJ
1789 2307 1958 2341 Nicolaus

200 2376 355 2419 Zegerus
382 2374 621 2408 Bruxellanus
646 2372 823 2412 minorita,
859 2369 920 2414 qui
955 2370 992 2402 et
1026 2369 1227 2401 extremam
1252 2364 1395 2399 tandem
1431 2363 1487 2396 his
1513 2373 1657 2395 manum
1685 2360 1876 2395 admolitus
1903 2361 1959 2394 est

200 2430 256 2463 die
283 2429 355 2462 diui
382 2428 516 2461 'Phome
543 2425 695 2471 apostoli
720 2423 892 2468 martyris
918 2433 1032 2456 sacro.
1084 2419 1226 2454 Christo
1251 2419 1339 2452 Jesu
1365 2416 1413 2450 sit
1438 2415 1582 2458 gloria.“

319 2482 469 2515 Ponitur
495 2481 603 2514 etiam
630 2477 838 2524 approbatio
857 2475 1075 2510 catechismo
1102 2473 1186 2507 data
1212 2484 1232 2505 a
1259 2470 1402 2504 Ruardo
1416 2469 1579 2513 Tappero
1599 2466 1660 2511 (cf.
1677 2467 1764 2500 Can.
1784 2466 1834 2500 IV
1851 2465 1956 2508 1023)

202 2538 238 2570 et
257 2535 412 2580 Philippi
430 2534 474 2568 II.
495 2533 690 2578 Hispaniae
715 2531 812 2574 regis
830 2529 985 2564 edictum
1007 2528 1059 2561 16.
1080 2524 1288 2560 Decembris
1308 2524 1396 2558 1557
1417 2523 1540 2556 datum
1559 2523 1595 2554 et
1611 2519 1839 2565 privilegium
1857 2520 1960 2563 typo-

203 2589 413 2633 graphicum
441 2586 621 2621 Bruxellis
648 2587 679 2620 7.
706 2583 861 2618 Ianuarii
891 2581 980 2616 1557
1012 2579 1127 2624 „stylo
1155 2577 1389 2612 Brabantia&
1419 2575 1541 2609 datum
1566 2574 1627 2618 (cf.
1656 2574 1741 2608 Can.
1772 2571 1819 2605 lV
1840 2571 1959 2613 1006).

204 2643 259 2675 lta
285 2643 333 2675 M.
361 2643 404 2675 A.
432 2642 479 2675 H.
505 2641 713 2682 Willemsen,
741 2637 792 2671 De
819 2635 978 2670 Werken
1006 2645 1076 2667 van
1102 2631 1320 2665 Wilhelmus
1346 2629 1527 2663 Lindanus
1554 2627 1598 2668 Π,
1628 2625 1829 2660 Roerniond
1857 2624 1959 2665 1902,

206 2695 391 2729 721—722
421 2694 638 2736 (Limburg's
665 2690 846 2726 Jaarboek
874 2689 915 2730 ΙΙ,
943 2694 981 2721 ve
999 2687 1144 2728 Aflev.).

324 2747 417 2780 Libri
437 2746 651 2790 exemplum,
669 2748 710 2779 ut
727 2756 772 2778 ex
786 2743 998 2776 Willemsen
1026 2738 1258 2781 intellegitur,
1286 2737 1407 2770 exstat
1424 2734 1550 2776 Hagae
1570 2732 1718 2766 Comitis
1738 2731 1783 2775 ('s
1802 2731 1960 2765 Graven-

208 2801 315 2844 hage)
344 2802 378 2834 in
404 2799 622 2834 bibliotheca
647 2798 758 2840 regia.

327 2852 593 2896 Sommervogel
618 2852 710 2886 hanc
735 2849 924 2884 editionem
950 2858 1019 2881 non
1045 2844 1175 2890 posuit.

213 2951 322 2987 860
350 2954 428 2986 sive
453 2951 563 2986 litt.
584 2949 685 2995 (9).
759 2947 852 2983 1565.

332 3024 470 3056 Cani-sii
497 3022 657 3065 „Parvus
687 3019 923 3053 Catechismus
952 3012 1234 3050 C'atholelwrzcnst
1266 3013 1456 3046 Grac-oniae
1489 3011 1602 3043 denuo
1636 3008 1818 3050 evulqatztr
1843 3006 1961 3038 latine.

331 3092 463 3126 canisii
493 3091 653 3132 „Parvus
679 3088 927 3124 Catechismus
952 3084 1248 3124 Catholicorum“‚
1276 3079 1470 3115 Cracoviae
1496 3089 1651 3113 excusus
1676 3088 1707 3111 a.
1736 3076 1826 3110 1560
1852 3076 1897 3115 et,
1924 3075 1964 3107 ut

214 3146 364 3185 videtur,
392 3144 499 3177 etiam
526 3155 556 3176 a.
584 3143 671 3177 1561
703 3142 808 3184 (Can.
837 3141 869 3174 II
895 3140 998 3179 830⁴;
1035 3138 1085 3171 III
1113 3136 1210 3179 778),
1236 3134 1366 3169 ibidem
1393 3133 1505 3167 denuo
1531 3131 1703 3174 vulgatus
1729 3131 1784 3162 est
1810 3139 1840 3162 a.
1862 3127 1962 3161 1565.

216 3198 415 3232 Editionem
443 3208 532 3240 pono
559 3207 603 3228 ex
634 3195 761 3228 Theod.
787 3192 1044 3235 Wierzbowski,
1080 3187 1348 3232 Bibliographia
1374 3185 1542 3220 Polonica
1567 3183 1633 3217 XV
1659 3194 1701 3216 ac
1724 3181 1809 3215 XVI
1835 3192 1883 3214 ss.
1902 3179 1964 3220 ΙΙΙ,
