2045 3471
217 228 301 269 872

262 341 426 387 inprimis
449 352 470 375 a
487 340 608 375 Flacio
626 340 771 386 Illyrico

267 389 358 432 („De
408 388 538 423 sectis“
590 387 673 431 etc.)
726 388 768 422 91

265 435 388 480 79517;
402 435 440 470 C.
457 435 662 478 „Summae“
677 446 770 469 sum-

263 495 359 518 mam
371 494 514 517 manum
526 482 675 528 imponit
683 482 767 523 803;

268 531 521 576 „appendicem
549 530 591 564 de
618 529 771 564 hominis

264 579 369 623 lapsu
417 580 453 612 et
494 577 767 612 iustificatione“

266 638 312 660 ex
362 625 518 660 Concilio
561 624 769 658 Tridentino

265 673 429 716 adiungit
454 673 523 707 804
549 672 619 706 814
644 672 769 715 82415;

265 732 347 754 eum
360 720 490 754 librum
500 719 771 753 Coloniensibus
795 731 797 766 1

265 768 407 802 dedicat
431 767 580 809 159163;
606 766 688 801 libri
714 766 771 800 de·
795 789 797 802 .

264 815 413 860 scriptio
462 814 589 856 80416;
656 814 772 858 pretia
795 835 797 843 ι

266 862 563 897 catechismorum
606 861 644 896 C.
682 860 770 904 822;

266 910 368 944 varia
391 909 433 943 de
450 909 495 943 iis
512 909 582 943 404
606 908 677 943 476
703 909 769 942 795

267 957 335 991 829
367 957 456 997 831;
493 955 769 990 Commentario-

266 1016 344 1038 rum
380 1004 422 1038 de
449 1003 559 1037 Verbi
594 1003 660 1037 Dei
696 1014 796 1037 cor-¹

266 1051 417 1096 ruptelis
435 1051 536 1085 Tomi
555 1050 622 1084 duo
640 1050 745 1092 48011
763 1063 770 1090 ;
795 1061 796 1094 1

267 1099 376 1142 52213
403 1099 490 1139 827;
520 1097 702 1143 Epistolae
729 1097 769 1131 Β.
794 1095 796 1110 ⁴

268 1145 488 1190 Hieronymi,
501 1145 554 1179 ed.
566 1145 616 1179 2.a
627 1145 648 1179 9
662 1144 771 1186 26130
794 1178 796 1188 1

269 1193 394 1235 79112;
415 1193 459 1227 ad
474 1204 633 1227 mensam
648 1191 769 1236 legun·
795 1215 796 1233 1

269 1244 327 1275 tur
346 1240 432 1275 792:
462 1240 710 1274 Institutiones
736 1242 772 1272 et
795 1239 796 1261 1

269 1288 560 1323 Exercitamenta
609 1286 797 1325 christia-¹

268 1347 336 1370 nae
385 1334 530 1380 pietatis
572 1335 639 1369 815
682 1334 769 1368 822:

269 1383 455 1417 Lectiones
481 1385 517 1416 et
544 1382 772 1415 Precationes

270 1429 545 1464 Ecclesiasticae
580 1429 648 1463 815
683 1428 770 1464 831:

269 1478 303 1512 S.
331 1477 458 1511 Leonis
496 1477 620 1519 Magni
656 1475 797 1520 Opera*

269 1525 354 1565 803;
380 1523 677 1569 Martyrologium
696 1535 772 1566 ger-

269 1572 446 1606 manicum
466 1571 534 1606 548
552 1571 618 1605 831
634 1584 640 1611 ;
658 1570 773 1604 Notae

269 1620 306 1653 in
333 1619 398 1653 Ev.
417 1619 515 1653 lectt.
538 1629 646 1653 Lxxr:
675 1617 773 1662 Opus

270 1666 540 1701 catechisticum
596 1664 773 1709 (Auctori-

270 1716 366 1748 tates
407 1725 531 1748 sacrae
570 1712 774 1757 Scripturae

272 1761 355 1805 etc.)
378 1761 464 1801 687;
492 1759 657 1794 Precatio
683 1771 774 1794 com-

271 1809 390 1842 munis
412 1807 694 1851 („Allgemeines
710 1806 775 1840 Ge-

272 1855 371 1898 best)
414 1856 501 1895 826;
542 1855 579 1889 C.
617 1854 775 1888 instante

273 1903 443 1938 cardinali
492 1901 691 1936 Truchsess
740 1901 776 1934 in
799 1935 801 1949 1

272 1950 426 1985 comitiis
439 1949 652 1992 augustanis
665 1948 778 1982 libelli

273 1998 384 2032 odiosi
434 2009 454 2031 a
504 1996 683 2030 Friderico
715 1996 776 2029 HI.

273 2045 440 2080 Palatino
451 2043 673 2078 disseminati
684 2042 776 2076 refu-

272 2092 444 2127 tationem
483 2091 595 2136 (typis
621 2090 778 2134 exscrip-
801 2097 803 2126 ὲ

272 2140 392 2182 tam‘?)
433 2139 613 2183 componit
650 2137 777 2180 81214;

274 2199 294 2222 a
328 2187 390 2221 Pio
416 2186 460 2220 V.
489 2186 648 2229 (auctore
683 2184 777 2219 card.

275 2234 553 2276 Commendono)
637 2232 779 2266 iubetur

274 2282 420 2316 brevem
529 2279 777 2315 Centuriarum

275 2327 639 2373 Magdeburgensium
685 2324 803 2363 refu&

276 2377 459 2417 tationem,
478 2375 685 2409 iuvantibus
698 2373 779 2407 aliis
802 2370 804 2411 ζ

277 2424 400 2463 Sociis,
416 2422 639 2457 conscribere
654 2421 778 2464 48011;
803 2426 804 2463 1

276 2470 328 2505 rei
342 2470 593 2504 difficultatem
608 2469 641 2503 S.
654 2468 779 2502 Franc.
803 2466 804 2509 1

277 2517 430 2561 Borgiae
465 2516 622 2561 explicat
651 2515 778 2558 522s3:
803 2512 805 2562 1

277 2577 316 2600 se
343 2565 386 2599 ad
421 2564 591 2598 librorum
620 2562 779 2607 scriptio·
804 2598 805 2606 1

278 2624 356 2646 nem
375 2611 517 2645 tardum
532 2621 780 2653 morosumque
804 2608 805 2636 1

278 2671 356 2694 esse
394 2659 552 2692 affirmat
585 2658 672 2698 522;
712 2668 780 2700 quo

277 2706 420 2741 facilius
461 2705 616 2740 scribere
658 2704 781 2749 possit,
805 2723 806 2745 3

279 2754 311 2788 ei
342 2754 386 2787 ad
420 2752 640 2798 provinciam
667 2750 780 2785 Socie-
805 2760 806 2781 1

278 2801 364 2835 tatis
397 2800 590 2842 regendam
623 2799 806 2842 vicepro-l

280 2846 444 2881 vincialis
470 2846 678 2889 adiungitur
696 2845 781 2885 833;

278 2894 539 2939 provincia-latu
608 2893 782 2927 levandus

280 2953 359 2976 esse
385 2941 527 2975 videtur
553 2940 633 2975 837.

235 2988 474 3027 Canisius,
511 2988 680 3021 Petrus
718 2986 782 3029 (5),

282 3036 340 3077 B.,
374 3037 417 3069 et
443 3034 558 3069 libri
585 3046 605 3068 a
631 3033 783 3067 variis

281 3082 402 3116 editi
462 3081 537 3115 vel
596 3079 783 3115 edendi:
807 3102 809 3127 1

283 3130 385 3163 Iussu
423 3129 477 3162 Pii
504 3129 546 3162 V.
587 3130 622 3162 et
661 3127 809 3161 FrancU

282 3176 432 3219 Borgiae
467 3174 684 3209 Catechismi
719 3169 810 3220 Βο-1

282 3223 377 3256 mani
393 3222 590 3256 versionem
609 3221 786 3264 germani·
808 3222 810 3259 1

870 350 948 374 cam
974 350 995 373 a
1012 339 1051 373 P.
1067 338 1214 373 Hoffaeo
1240 338 1374 371 factam

868 387 1093 430 recognoscit
1141 386 1207 420 307
1266 385 1374 428 52213

868 434 952 474 817;
972 433 1206 473 commendat,
1225 434 1263 466 ut
1280 432 1373 465 idem

869 481 945 516 Cat.
996 482 1032 515 in
1073 479 1266 515 Germania
1316 490 1373 512 ex-

868 529 1019 563 cudatur
1045 528 1112 562 316
1139 527 1218 561 341.
1256 526 1373 561 Cardi-

867 576 984 610 nalem
1027 575 1177 609 Hosium
1226 573 1375 608 adiuvat

867 623 903 657 in
930 623 1033 658 novis
1060 621 1276 656 editionibus
1294 632 1373 665 ope-

867 682 945 704 rum
972 670 1086 715 ipsius
1105 668 1272 703 curandis
1290 668 1373 710 9415

871 718 1010 758 138141.
1057 716 1211 761 Operam
1238 715 1375 749 confert

869 765 912 799 ad
928 764 1164 799 Conciliorum
1183 763 1375 796 editionem

868 812 1106 846 coloniensem
1143 810 1253 854 (Surii
1289 809 1372 852 etc.)

867 860 986 901 44415.
1034 858 1257 903 Onuphrium
1283 857 1373 890 Pan-

868 907 1006 941 vinium
1023 906 1063 941 O.
1080 906 1113 940 S.
1130 906 1171 939 A.
1190 904 1314 938 laudat
1340 907 1375 938 et

868 954 1017 988 adiuvat
1034 953 1159 995 52213;
1187 952 1308 993 instat,
1337 954 1376 985 ut

867 1001 1001 1036 Romae
1063 1001 1237 1034 adversus
1296 1010 1375 1043 pro-

867 1051 1045 1083 testantes
1087 1047 1169 1081 libri
1208 1046 1375 1080 Panvinii

869 1097 990 1140 eisque
1040 1095 1176 1129 similes
1223 1093 1374 1128 edantur

869 1144 948 1179 302.
979 1143 1217 1187 Schwaygero
1232 1141 1372 1182 suadet,

867 1194 908 1225 ut
934 1190 1206 1224 Confessionum
1243 1188 1276 1222 S.
1304 1188 1374 1222 Au-

868 1238 1003 1282 gustini
1127 1235 1375 1281 compendium

869 1285 1014 1328 evulget
1080 1285 1158 1318 855.
1234 1282 1375 1317 Indicas

868 1332 1050 1377 Epistolas
1101 1330 1281 1365 desiderat
1340 1332 1375 1363 et

869 1379 1079 1414 disseminat
1119 1379 1163 1412 35
1213 1378 1259 1411 44
1309 1377 1372 1417 81;

869 1439 990 1462 earum
1038 1426 1228 1460 editionem
1277 1424 1374 1458 lova-

868 1475 1028 1509 niensem
1054 1473 1276 1518 supprimere
1302 1474 1374 1506 stu-

870 1523 930 1556 det
985 1532 1115 1565 easque
1172 1531 1235 1565 per
1284 1519 1374 1553 Mas·
1399 1525 1400 1565 1

870 1570 988 1603 facum
1023 1568 1150 1602 melius
1183 1566 1400 1602 vertendasl

870 1618 973 1651 curat
991 1616 1132 1659 807111.
1173 1614 1374 1648 P.Torren-
1399 1606 1400 1660 1

870 1676 945 1698 sem
996 1663 1039 1697 ad
1086 1662 1374 1704 „Confessionem
1399 1679 1401 1707 1

870 1710 1190 1754 Augustinianani“
1204 1709 1375 1743 edendam
1399 1713 1401 1754 1

872 1759 1008 1793 excitat
1050 1760 1085 1791 et
1122 1757 1271 1791 adiuvat
1308 1756 1401 1791 2161

872 1807 939 1840 327
968 1806 1075 1845 ems
1102 1804 1181 1839 8⁴20.
1232 1804 1271 1838 P.
1290 1803 1375 1837 Tur·
1400 1794 1401 1867 1

871 1854 969 1887 riano
996 1855 1120 1886 auctor
1146 1853 1211 1890 est,
1238 1853 1278 1885 ut
1305 1850 1376 1893 „De
1400 1870 1401 1894 1

871 1899 1102 1934 hierarchicis
1149 1898 1402 1933 ordinationi-t

872 1948 957 1982 bus“
1011 1947 1164 1985 scribat,
1225 1957 1377 1989 eumque
1401 1952 1402 1996 1

873 1995 1002 2029 librum
1037 1993 1283 2028 excudendum
1321 2004 1377 2027 cu-

872 2054 952 2076 rare
978 2041 1119 2075 iubetur
1145 2041 1224 2075 509.
1274 2039 1379 2074 Vari·
1401 2062 1403 2068 ν

873 2101 973 2123 orum
1007 2089 1117 2122 libros
1153 2087 1403 2129 excudendos}

874 2139 976 2170 curat
995 2136 1073 2170 793.
1118 2136 1155 2169 P.
1175 2135 1296 2169 Pisani
1320 2135 1378 2168 ad·
1402 2165 1404 2171 Α

875 2195 1001 2218 versus
1052 2183 1290 2217 Chemnitium
1340 2182 1378 2215 li-
1402 2177 1404 2230 1

874 2232 975 2265 brum
1014 2230 1111 2275 prelo
1147 2230 1404 2269 committere,³

874 2278 943 2312 nisi
978 2278 1203 2317 emendetur,
1238 2279 1405 2317 recusat,

874 2325 993 2366 82011.
1076 2324 1197 2358 Socios
1269 2324 1379 2366 ingol-
1404 2325 1405 2343 ³

875 2372 1074 2407 stadienses
1121 2374 1243 2405 contra
1284 2371 1379 2405 Iaco-
1404 2382 1405 2397 1

874 2420 957 2453 bum
1008 2419 1170 2452 Andreae
1224 2419 1380 2453 scribere

876 2467 973 2511 cupit
1010 2467 1086 2500 131.
1143 2466 1382 2500 Constituitur

876 2525 1000 2548 censor
1042 2512 1236 2557 Apologiae
1278 2525 1298 2546 a
1340 2513 1379 2546 P.

876 2560 1023 2594 Hoffaeo
1035 2561 1209 2594 adversus
1216 2560 1381 2594 Andreae

875 2608 1030 2652 scriptae
1075 2608 1139 2640 145
1190 2607 1258 2641 832
1301 2607 1379 2641 834.
1404 2624 1405 2662 1

876 2655 1012 2688 Theses
1047 2655 1271 2696 recognoscit
1301 2654 1380 2688 342.

876 2702 916 2736 Ρ.
928 2701 1119 2736 Cuvillonii
1133 2701 1381 2745 interpretatio

881 2748 1100 2783 Psalmorum
1152 2749 1183 2781 ei
1228 2748 1382 2782 mittitur
1404 2776 1406 2786 ,

876 2796 1163 2838 recognoscenda
1181 2795 1299 2836 28314.
1341 2796 1380 2828 111
1405 2799 1406 2841 1

877 2856 914 2877 re
932 2843 1107 2876 litteraria
1125 2843 1226 2876 tarde
1249 2847 1284 2876 et
1303 2854 1381 2876 con·
1405 2849 1406 2872 1

877 2890 1032 2924 siderate
1057 2901 1095 2923 se
1114 2890 1208 2932 gerit
1225 2890 1303 2924 821.
1343 2890 1381 2922 In
1405 2891 1406 2933 1

878 2937 982 2971 Italia
1016 2936 1146 2970 multos
1180 2936 1288 2970 libros
1320 2943 1406 2980 prol

880 2983 1068 3019 Germania
1079 2984 1382 3027 comparat106s7.
1405 2975 1406 3012 1

879 3032 1010 3074 Urget,
1071 3033 1112 3064 ut
1170 3029 1382 3064 Germaniae
1405 3016 1406 3067 1

878 3077 1115 3123 typographis
1133 3077 1381 3121 scriptoribus·

880 3137 948 3169 que
966 3123 1150 3159 catholicis
1169 3136 1188 3157 a
1214 3124 1381 3168 pontifice
1405 3128 1406 3169 1

880 3172 1049 3217 pecunia,
1085 3171 1292 3215 privilegia,
1325 3183 1381 3204 co—

881 3219 977 3254 dices
1003 3219 1131 3252 dentur
1157 3218 1275 3258 2801,

508 224 619 258 Index
646 223 894 268 alphabeticus
919 221 1101 256 nominum
1128 223 1164 256 et
1190 232 1309 255 rerum
1334 220 1440 255 huius
1465 219 1667 254 voluminis.

1398 336 1668 375 ¹Canisius,
1704 336 1877 370 Petrus
1905 335 1972 380 (6),

1470 384 1522 425 R,
1558 384 1793 418 virtutes:
1826 382 1973 417 Fiducia

1470 432 1506 465 in
1532 431 1606 465 Deo
1642 433 1661 465 5
1697 431 1765 465 296
1802 430 1868 464 363
1904 430 1972 464 368

1470 478 1539 513 432
1573 478 1643 512 450
1672 478 1742 512 528
1768 477 1854 517 530;
1889 477 1973 511 fidei

1472 525 1717 569 ecclesiaeque
1776 524 1974 559 catholicae

1471 584 1569 607 amor
1584 576 1618 606 et
1631 573 1787 607 studium
1801 572 1848 605 44
1865 572 1910 606 56
1929 572 1971 606 71

1472 620 1610 655 78-82
1649 620 1715 654 160
1743 619 1872 661 169176
1905 619 1973 653 189

1471 668 1540 702 214
1581 667 1688 710 41017
1731 666 1863 704 565198
1904 666 1973 700 659

1471 716 1539 749 663
1576 714 1704 758 728131
1743 714 1831 754 815,
1868 716 1904 747 et
1938 725 1973 748 v.

1473 762 1637 796 Canisius
1662 762 1792 795 Petrus
1830 760 1882 804 (3)
1918 760 1970 804 (4)

1473 809 1548 853 (5);
1575 810 1816 853 protestantes
1842 807 1975 842 multos

1471 857 1515 891 ad
1542 856 1728 890 ecclesiam
1748 855 1887 890 reducit
1905 855 1973 889 748

1472 904 1550 946 841,
1577 906 1613 938 et
1638 915 1672 938 v,
1698 902 1972 943 Conversiones;

1471 951 1605 995 gaudet
1638 962 1677 984 se
1703 950 1896 994 Sociosque
1931 949 1974 983 ob

1470 999 1678 1041 religionem
1761 997 1973 1032 catholicam

1471 1045 1696 1080 contumeliis
1746 1044 1842 1079 affici
1884 1044 1972 1085 302;

1471 1093 1747 1138 propinquorum
1789 1091 1974 1126 bibliothe-

1471 1152 1532 1175 cas
1557 1140 1658 1174 libris
1684 1139 1876 1174 haereticis
1892 1150 1974 1183 pur-

1471 1190 1534 1231 gat
1560 1188 1646 1225 664;
1684 1198 1782 1221 amor
1809 1198 1895 1229 erga
1921 1198 1974 1220 or-

1471 1236 1572 1269 dines
1589 1234 1777 1277 religiosos
1795 1234 1837 1269 81
1866 1233 1974 1276 51718

1471 1283 1557 1317 597;
1586 1293 1684 1316 amor
1706 1282 1740 1315 in
1759 1281 1974 1315 Societatem

1471 1329 1662 1372 Sociosque
1705 1329 1747 1363 37
1791 1328 1859 1362 223
1906 1328 1973 1362 225

1470 1377 1539 1411 258
1574 1376 1682 1419 27113
1718 1376 1786 1410 334
1811 1375 1880 1410 336
1906 1376 1975 1410 349

1470 1425 1539 1459 372
1602 1424 1727 1467 52718;
1792 1423 1974 1458 Sociorum

1470 1471 1713 1506 valetudinem
1764 1473 1866 1504 curat
1910 1469 1976 1504 120

1473 1519 1539 1553 133
1568 1519 1634 1553 144
1663 1518 1767 1559 18819
1803 1518 1870 1552 209
1906 1517 1974 1551 226

1471 1567 1579 1607 25516
1614 1566 1681 1600 296
1717 1565 1785 1599 300
1812 1565 1879 1598 329
1906 1564 1974 1598 363

1472 1614 1540 1649 380
1589 1613 1658 1647 402
1707 1613 1813 1654 45011
1865 1612 1974 1653 45617

1470 1661 1539 1695 472
1593 1661 1661 1694 493
1712 1660 1838 1703 52516;
1890 1670 1975 1693 cura

1472 1708 1671 1742 iuventutis
1691 1707 1731 1741 71
1758 1706 1840 1740 544¹
1868 1707 1976 1748 65619

1473 1756 1539 1790 815
1579 1758 1614 1789 et
1649 1767 1683 1788 v.
1717 1753 1882 1788 Canisius
1920 1754 1972 1797 (3)

1476 1804 1528 1846 (4)
1577 1803 1628 1845 (5)
1681 1803 1717 1835 et
1763 1801 1975 1839 Convictus;

1474 1862 1571 1884 amor
1588 1850 1622 1883 in
1639 1848 1866 1883 Germaniam
1886 1848 1906 1882 3
1931 1849 1976 1882 37

1474 1897 1555 1939 9617
1596 1897 1660 1931 137
1690 1896 1819 1936 159163
1848 1895 1976 1936 169176

1477 1944 1579 1986 18011
1626 1943 1754 1984 189191
1800 1943 1867 1977 198
1909 1943 1975 1976 221

1475 1992 1543 2026 226
1561 1991 1629 2025 256
1647 1991 1754 2033 41017
1773 1991 1842 2024 453
1869 1990 1978 2033 51519

1475 2039 1544 2074 644
1571 2038 1719 2080 728131;
1747 2037 1890 2082 scriptis
1917 2048 1979 2070 ex-

1474 2086 1595 2130 plicat,
1628 2085 1756 2129 quibus
1781 2084 1980 2118 rationibus

1477 2133 1668 2168 Germania
1702 2132 1737 2166 in
1767 2132 1874 2166 rebus
1899 2131 1978 2165 reli-

1476 2180 1590 2224 gionis
1616 2179 1772 2214 iuvanda
1797 2179 1845 2213 sit
1870 2178 1978 2218 78182

1479 2227 1607 2269 168176
1626 2227 1694 2261 205
1708 2227 1814 2265 28011
1830 2226 1979 2268 513121;

1477 2286 1611 2309 curiam
1637 2285 1817 2308 romanam
1837 2285 1978 2309 monen-

1477 2322 1557 2356 dam
1584 2324 1696 2362 curat,
1731 2324 1771 2354 ut
1804 2320 1976 2365 archiepi-

1476 2380 1602 2414 scopos
1622 2368 1834 2403 Germaniae
1860 2367 1979 2402 suavi-

1477 2420 1531 2450 ter
1549 2418 1680 2450 tractet
1697 2416 1781 2455 301;
1802 2414 1979 2460 episcopis

1480 2463 1692 2498 Germaniae
1718 2462 1838 2496 varias
1869 2461 1979 2496 facul-

1476 2513 1571 2545 tates
1607 2522 1627 2544 a
1661 2510 1758 2543 curia
1795 2521 1882 2543 rom.
1916 2509 1979 2542 im-

1476 2561 1618 2603 petrare
1639 2557 1761 2591 studet
1780 2557 1886 2591 13416
1912 2556 1980 2590 200

1476 2605 1609 2647 219120
1627 2604 1694 2638 582
1713 2604 1836 2646 84819;
1851 2604 1906 2637 Pii
1917 2603 1978 2637 IV.

1476 2652 1691 2696 legationem
1724 2663 1787 2696 per
1811 2662 1979 2694 magnam

1477 2698 1689 2734 Germaniae
1723 2700 1860 2743 partem
1896 2697 1981 2737 obit,

1477 2759 1510 2781 V.
1539 2746 1702 2780 Canisius
1731 2745 1800 2788 (8);
1831 2744 1981 2778 iuvenes

1476 2794 1512 2827 in
1530 2793 1719 2836 collegium
1737 2792 1980 2836 germanicum

1477 2841 1589 2874 mittit
1623 2840 1683 2882 216
1718 2840 1739 2874 9
1777 2840 1818 2873 18
1854 2839 1897 2873 23
1935 2839 1981 2873 44

1478 2888 1543 2921 201
1587 2887 1656 2921 294
1697 2886 1763 2920 297
1806 2887 1873 2921 317
1913 2886 1982 2920 328

1478 2935 1585 2975 37819
1620 2934 1688 2968 385
1724 2933 1789 2967 391
1817 2934 1881 2967 471
1911 2933 1979 2966 491

1478 2982 1543 3016 501
1604 2981 1673 3015 524
1731 2980 1797 3014 527
1852 2980 1978 3021 84718;

1478 3039 1599 3062 curam
1634 3027 1711 3070 agit
1740 3027 1907 3061 iuvenum
1936 3037 1981 3060 ex

1478 3075 1628 3118 collegio
1659 3075 1887 3108 remissorum
1913 3073 1983 3107 292

1478 3123 1584 3163 34415
1626 3122 1712 3161 364;
1761 3120 1985 3165 germanicos

1477 3169 1587 3203 libros
1605 3169 1725 3202 eodem
1744 3168 1885 3202 mittere
1903 3166 1984 3201 vult

1479 3217 1514 3250 9:
1563 3216 1764 3249 cantionum
1807 3214 1981 3257 germani-
