2045 3471
525 219 620 253 Mon.
641 219 708 253 819
735 219 813 253 sive
838 219 877 254 it.
901 219 991 265 (26).
1030 219 1062 254 3.
1082 223 1119 255 et
1137 221 1168 254 6.
1188 221 1281 263 Aug.
1304 221 1403 255 1565.
1766 225 1849 265 757

206 338 255 380 P.
288 338 546 380 Franciscus
581 340 772 380 Costerus
809 340 851 382 S.
876 340 935 392 J„
979 341 1136 395 colteqii
1178 341 1423 382 coloniensis
1465 342 1646 393 sodalis,
1689 343 1761 396 qni
1804 355 1853 382 ea·

85 403 304 455 provincia
328 404 545 445 Societatis
569 405 761 445 rhenano
785 419 874 445 cum
899 405 948 447 P.
971 407 1156 447 Antonio
1177 406 1310 446 Vincta
1335 408 1578 461 praeposito
1595 407 1852 460 provinciali

87 466 262 507 Romam
289 467 348 508 ad
369 469 585 510 Societatis
609 471 966 523 conyreqationem
985 472 1221 523 qenerolem
1245 475 1425 523 venerat,
1450 472 1584 512 Roma
1608 473 1647 513 4.
1667 473 1852 526 Auyusti

87 532 201 572 1565
240 546 315 582 „ex
347 535 633 574 commissione
665 534 716 575 R.
741 534 789 575 P.
814 533 1127 576 Prouincictlis“
1155 536 1289 576 Sociis
1321 537 1626 577 coloniensibus
1658 538 1851 590 scripsit:

85 594 277 647 Negotia
308 596 669 650 Congregationis
702 598 779 639 Dei
813 598 958 650 gratia
998 600 1117 641 recte
1150 599 1398 649 succedunt,
1442 600 1680 642 sollicitant
1719 615 1849 654 porro

88 659 379 702 Prouinciales
414 662 671 704 Germaniae
713 664 758 704 et
791 663 971 714 Galliae,
1015 666 1064 705 vt
1105 666 1266 716 quanto
1308 664 1398 705 fieri
1442 664 1567 706 citius
1608 667 1754 718 potest
1795 665 1850 707 ad

85 738 185 766 suas
208 725 452 778 prouincias
474 726 765 770 remittantur.
820 728 946 781 Cupit
968 727 1078 769 idem
1103 728 1148 772 P.
1172 728 1219 771 P.
1243 728 1297 771 N.
1324 729 1548 770 Generalis
1571 730 1848 782 quamobrem

85 803 309 842 speramus
343 791 468 833 citius
501 806 578 833 nos
610 792 838 835 redituros.

205 863 374 899 Costerus
408 868 551 910 praeter
576 866 769 900 Vinckium
805 867 869 901 hos
904 869 1129 913 praepositos
1167 869 1407 913 provinciales
1445 869 1651 912 significare
1687 869 1848 903 videtur:

85 916 276 959 Canisium,
313 919 372 961 qui
400 918 614 953 Germaniae
651 920 837 964 superiori,
873 920 1059 955 Nicolaum
1099 922 1281 963 Lanoium,
1313 922 1371 966 qui
1408 922 1586 963 Austriae,
1624 922 1846 956 Edmundum

86 970 292 1013 Augerium,
319 971 380 1014 qui
407 972 623 1016 Aquitaniae
649 975 824 1017 praeerat.
868 973 958 1007 Nam
979 973 1160 1008 Oliverius
1179 975 1381 1015 Manareus,
1408 975 1581 1009 Franciae
1606 975 1848 1019 provincialis,

85 1022 233 1057 Romam
260 1024 383 1058 venire
408 1036 477 1058 non
504 1028 671 1070 potuerat
698 1026 924 1071 (Saeclctnus,
952 1027 1045 1061 Hist.
1073 1027 1108 1062 S.
1127 1028 1159 1062 J.
1187 1028 1247 1068 ΙΙΙ,
1275 1028 1297 1062 l.
1321 1029 1349 1069 1,
1376 1040 1408 1062 n.
1438 1028 1512 1071 31).
1549 1028 1731 1062 Everardo
1757 1029 1848 1062 Mer-

85 1076 241 1117 curiano,
270 1076 483 1111 Germaniae
518 1078 698 1112 inferioris
723 1080 946 1124 provinciali,
973 1081 1142 1114 redeundi
1168 1093 1251 1126 spes
1277 1093 1318 1115 eo
1345 1082 1487 1125 quidem
1514 1084 1674 1126 tempore
1693 1083 1756 1115 vix
1775 1081 1849 1115 ulla

85 1131 181 1169 erat;
216 1141 298 1164 nam
335 1130 497 1165 28.1ulii
533 1132 728 1176 praepositi
764 1133 943 1175 generalis
979 1135 1155 1168 assistens
1191 1134 1327 1168 electus
1363 1137 1441 1168 erat
1478 1134 1527 1175 (V.
1554 1146 1663 1179 supra
1688 1146 1722 1179 p.
1750 1135 1847 1177 754).

85 1182 253 1226 Augerio‚
279 1185 319 1217 ut
345 1186 427 1217 ante
453 1184 560 1218 finem
587 1185 879 1228 congregationis
905 1186 1031 1227 abiret,
1058 1188 1272 1232 permissum
1300 1189 1355 1221 est
1382 1187 1596 1231 (Sam—himas
1622 1188 1644 1222 l.
1663 1200 1692 1222 c.
1720 1200 1754 1221 n.
1773 1188 1846 1231 49).

205 1235 371 1270 canisius
397 1237 452 1272 27.
472 1239 627 1281 Augusti
655 1239 829 1272 cardinali
847 1240 1063 1283 Augustano
1090 1252 1170 1274 cum
1189 1240 1346 1284 capitulo
1366 1243 1489 1275 acturo
1517 1241 1643 1275 adesse
1662 1241 1846 1285 cupiebat;

84 1288 167 1322 vide
189 1300 297 1334 supra
323 1301 357 1334 p.
386 1290 440 1323 73.

87 1396 186 1433 819
214 1399 293 1433 sive
319 1397 381 1434 it.
402 1398 535 1444 (26).
610 1399 641 1436 3.
661 1401 697 1436 et
725 1400 755 1436 6.
774 1400 934 1448 Augusti
959 1401 1053 1438 1565.

203 1469 258 1503 Ex
285 1470 387 1504 Actis
413 1482 520 1504 manu
547 1471 713 1516 scriptis;
746 1473 845 1514 „Act
873 1473 960 1508 Gen.
980 1473 1020 1508 T.
1048 1474 1137 1508 Ρ.“Ξ“ι
1168 1485 1200 1518 p.
1228 1474 1379 1509 62—63.

204 1536 237 1567 A
273 1535 458 1568 Societatis
495 1538 762 1578 conqreyolione
794 1538 953 1579 yenerali
988 1539 1123 1581 colleyii
1156 1539 1410 1582 herbipolensis
1448 1540 1616 1573 ccdiizissio
1649 1541 1848 1583 praepositi

81 1588 259 1630 yeneralis
283 1588 436 1621 arbitrio
458 1590 680 1631 permittitur
705 1594 735 1623 et
760 1591 866 1624 eidem
893 1592 1048 1633 facultas
1065 1593 1239 1626 tribuitur
1256 1593 1393 1634 collecti
1409 1593 1599 1636 dilinyam',
1628 1595 1699 1626 nisi
1723 1594 1848 1627 melius

84 1641 232 1684 dotetur,
259 1642 467 1675 dimittendi.

202 1707 399 1748 Secunda.
422 1708 641 1749 Societotis
662 1709 757 1750 Iesu
783 1711 1044 1764 conqrcqatio
1075 1712 1286 1765 qeneralis
1309 1726 1347 1752 α.
1373 1713 1486 1753 1565
1510 1712 1668 1752 Romae
1699 1712 1846 1753 habita

83 1771 184 1812 haec
215 1774 425 1813 constituit
447 1775 487 1815 3.
505 1774 691 1828 Auyusti
721 1775 767 1814 in
799 1776 958 1816 actione
981 1777 1065 1827 12„
1101 1776 1260 1817 decreto
1283 1778 1353 1818 29.
1377 1774 1483 1826 (non
1517 1777 1710 1827 excuso).·
1741 1776 1843 1817 Cum

82 1835 408 1889 Herbipolensis
441 1836 680 1891 Episcopus
703 1837 939 1891 Collegium
971 1839 1024 1881 ad
1058 1854 1105 1881 se
1132 1840 1247 1883 mitti
1279 1843 1462 1894 peteret,
1497 1841 1563 1882 cui
1597 1841 1767 1882 domum
1802 1843 1846 1883 et

81 1901 322 1943 Ecclesiam
354 1902 701 1955 percommodam
725 1917 776 1944 ac
798 1903 990 1946 redditus
1013 1908 1057 1946 et
1079 1905 1379 1958 supellectilia,
1404 1906 1573 1947 abunde
1596 1907 1843 1956 suffectura,

82 1965 186 2007 dare
217 1966 363 2010 uellet.
417 1966 567 2008 Visum
600 1970 669 2009 est
709 1968 860 2010 maiori
900 1969 1015 2023 parti
1055 1974 1229 2024 patrum
1263 1985 1352 2012 rem
1394 1973 1532 2013 totam
1566 1971 1616 2014 R.
1641 1971 1687 2014 Ρ.
1712 1972 1844 2013 Prae—

82 2031 211 2085 positi
243 2031 398 2072 iudicio
432 2045 527 2073 esse
559 2033 925 2076 committendam.

200 2097 256 2138 Et
289 2099 327 2138 6.
351 2097 545 2151 Auqusti,
581 2100 739 2140 actione
772 2101 855 2151 13„
899 2101 1060 2142 decreto
1092 2102 1162 2143 32.
1195 2099 1300 2152 (non
1334 2102 1528 2151 excuso):
1570 2102 1672 2143 Cum
1715 2101 1843 2143 intel-

81 2160 262 2203 lexisset
293 2161 583 2214 Congregatio
606 2162 840 2216 Collegium
874 2164 1138 2218 Dilingense,
1173 2179 1223 2207 ac
1246 2165 1601 2215 Vniuersitatem,
1637 2165 1844 2208 Societati

82 2228 258 2267 nostrae
300 2225 353 2267 ab
394 2226 700 2269 Jllustrissimo
745 2230 789 2270 et
830 2228 1206 2272 Reuerendissimo
1251 2231 1302 2273 D.
1337 2231 1554 2272 Cardinali
1585 2230 1842 2284 Augustano

83 2290 368 2341 commissam,
403 2305 485 2332 non
519 2291 657 2333 adhuc
689 2292 848 2335 habere
879 2294 1075 2336 redditus
1106 2295 1215 2345 illos,
1251 2298 1295 2338 et
1327 2295 1606 2346 dotationem,
1641 2310 1769 2349 quam
1801 2296 1844 2337 in

83 2369 159 2397 suo
193 2357 419 2397 contractu
451 2355 563 2397 idem
586 2356 915 2400 Jllustrissimus
938 2359 1178 2402 Cardinalis
1210 2360 1492 2414 promisisset,
1526 2361 1602 2402 sed
1634 2375 1711 2402 nec
1743 2375 1843 2415 pro-

81 2420 285 2462 babiliter
314 2422 405 2462 tam
438 2420 524 2462 cito
556 2420 814 2473 habituram,
850 2424 1045 2476 quamuis
1074 2425 1342 2467 uoluntatem
1368 2425 1527 2479 optime
1551 2427 1602 2467 de
1624 2425 1843 2468 Societate

81 2487 231 2526 nostra
253 2485 394 2527 meriti
428 2485 639 2538 praesulis
661 2492 932 2540 agnosceret,
967 2492 1011 2531 et
1032 2489 1070 2530 ei
1103 2490 1332 2543 plurimum
1355 2504 1402 2532 se
1425 2491 1580 2532 debere
1612 2490 1841 2534 fateretur.

81 2549 232 2591 Visum
264 2552 411 2591 tamen
443 2550 525 2591 fuit
547 2550 881 2604 Congregationi
905 2553 954 2595 R.
980 2554 1026 2596 P.
1051 2554 1292 2608 Praepositi
1317 2555 1542 2597 Generalis
1573 2554 1728 2597 iudicio
1750 2569 1840 2597 rem

80 2616 219 2656 totam
243 2614 525 2664 committere,
549 2614 804 2658 facultatem
829 2617 867 2658 ei
889 2617 1184 2671 relinquendo,
1212 2622 1260 2661 ut
1283 2619 1317 2660 si
1341 2620 1456 2662 intra
1479 2623 1643 2662 certum
1666 2620 1838 2673 aliquod

79 2681 251 2732 tempus
274 2677 483 2730 (eiusdem
507 2680 686 2721 arbitrio
708 2682 1050 2736 praefigendum)
1073 2698 1157 2725 non
1190 2687 1307 2726 esset
1328 2685 1567 2727 stabilitum
1591 2684 1840 2738 Collegium,

81 2747 125 2786 et
158 2743 431 2785 Vniuersitas
471 2744 707 2798 praedicta,
750 2760 800 2787 ac
832 2747 1053 2800 promissis
1086 2748 1324 2790 redditibus
1357 2750 1566 2800 dotatum,
1610 2764 1662 2791 ea
1692 2754 1841 2804 posset

80 2808 310 2859 dimittere,
344 2813 389 2851 et
420 2812 591 2851 nostros
625 2810 708 2851 alio
740 2811 995 2855 transferre.

199 2882 438 2925 Congregatio
467 2883 521 2917 12.
548 2883 630 2917 Iulii
657 2884 902 2926 constituerat,
938 2898 981 2920 ne
1007 2898 1100 2920 nova
1135 2887 1287 2930 collegia
1313 2888 1600 2929 admitterentur,
1635 2889 1703 2922 nisi
1731 2889 1840 2923 certis

79 2946 160 2969 cum
187 2936 453 2970 condicionibus
480 2936 578 2979 (vide
603 2948 712 2982 supra
738 2949 771 2982 p.
799 2939 905 2981 753);
943 2940 998 2973 cui
1026 2940 1168 2974 decreto
1195 2952 1275 2975 cum
1303 2942 1422 2986 (puto)
1450 2942 1541 2976 ratio
1567 2942 1720 2984 collegii,
1746 2943 1839 2986 quod

80 2987 263 3033 Herbipoli
289 2988 492 3023 Fridericus
518 3001 539 3023 a
566 2990 755 3033 WVirsberg
791 2991 980 3037 episcopus
1015 2993 1205 3028 instituere
1241 2994 1364 3028 multis
1399 2994 1443 3028 ab
1479 2995 1581 3029 annis
1608 2994 1840 3029 vehementer

80 3042 257 3086 cupiebat,
292 3041 397 3086 plane
431 3053 628 3085 congruere
655 3043 735 3077 visa
769 3056 838 3078 non
875 3048 981 3086 esset,
1018 3057 1059 3080 ea
1095 3046 1137 3079 de
1173 3046 1388 3081 difficultate
1423 3047 1656 3091 singulariter
1690 3048 1725 3082 in
1758 3060 1838 3082 con-

80 3095 290 3138 gregatione
317 3097 436 3129 actum
456 3098 522 3129 est.
556 3095 680 3140 Neque
707 3097 861 3131 dubitari
889 3101 1017 3142 potest,
1045 3100 1130 3142 quin
1151 3100 1316 3134 Canisius
1342 3112 1473 3143 magna
1493 3112 1576 3145 pars
1595 3100 1651 3144 (ut
1668 3101 1835 3144 dicimus)

82 3147 188 3181 fuerit
213 3150 288 3181 tum
315 3147 422 3181 huius
449 3149 610 3190 actionis,
647 3152 722 3183 tum
751 3151 837 3191 eius,
875 3162 945 3194 qua
981 3151 1022 3185 dc
1050 3152 1200 3196 collegio
1235 3153 1417 3196 ‹lilingano
1453 3165 1472 3187 a
1508 3154 1679 3188 cardinali
1707 3154 1838 3188 Ottone

80 3199 278 3234 Truchsess
305 3201 470 3235 incohato
497 3201 772 3237 deliberabatur.
