2045 3471
220 198 303 240 370
511 194 612 230 1380.
639 194 789 229 Ioannes
816 194 857 228 de
884 193 1038 228 Polanoo
1065 194 1218 229 Canisio.
1269 194 1381 229 Roma
1410 196 1463 229 14.
1483 195 1567 231 Dec.
1588 195 1688 231 1566.

220 312 357 353 dicitur,
384 311 560 345 fructibus
588 315 623 345 et
648 311 822 345 reditibus
847 311 1066 352 monasterii,
1093 322 1114 345 a
1142 312 1334 357 praefecto,
1362 323 1424 357 per
1450 313 1657 358 episcopum
1686 314 1750 357 „ad
1776 313 1843 348 hoc
1869 302 1991 359 depu-‘

217 366 324 400 tando
360 365 543 398 annuatim
571 363 817 407 colligendis“,
853 364 1012 398 additum
1051 364 1094 398 iri
1134 365 1190 407 „in
1223 366 1400 410 promptis
1425 365 1606 411 pecunijs“
1636 369 1788 408 tantum,
1825 369 1866 401 ut
1891 378 1974 411 quo-

218 418 336 453 tannis
374 416 523 460 collegio
561 416 653 452 1500
687 417 811 451 floreni
851 417 1008 459 „vsualis
1043 419 1205 451 monetae
1241 417 1511 463 Herbipolensis
1548 430 1611 463 pro
1650 419 1809 463 quolibet
1844 420 1976 454 floreno

219 470 418 515 quindecim
445 469 606 504 Bazones
632 470 871 515 computando
897 471 1137 505 tribuantur“.
1188 470 1372 505 Promittit
1397 470 1506 505 etiam
1533 471 1721 517 episcopus
1752 471 1974 517 „Suppellec-

217 523 316 558 tilem
343 525 379 557 et
404 522 474 557 alia
499 534 592 567 quae
618 523 652 557 in
679 535 772 558 nouo
799 522 958 567 Collegio
984 524 1075 558 bene
1101 523 1332 565 instituendo,
1366 524 1468 558 iuxta
1495 523 1685 559 Societatis
1710 525 1817 559 huius
1841 536 1976 559 morem

218 576 334 611 solent
359 575 590 611 desiderari“.
634 576 712 611 Erit
741 576 922 618 „Graecus
951 578 1059 611 etiam
1085 579 1121 611 et
1147 576 1346 611 Hebraicus
1372 577 1588 622 professor“.
1634 577 1786 619 „Doctor
1813 576 1978 612 Canisius

219 629 261 662 ad
281 628 600 673 Quadragesimam
627 629 758 663 redibit
783 629 996 674 proximam,
1022 629 1154 674 partim
1181 632 1222 664 ut
1248 630 1355 664 Sacro
1382 630 1448 664 hoc
1474 632 1634 675 tempore
1660 630 1704 664 ad
1730 630 1871 665 Pascha
1898 642 1977 665 con·

220 682 374 716 tionetur
408 682 444 715 in
480 682 641 716 Ecclesia
668 682 884 724 Cathedrali‚
920 682 1051 727 partim
1078 685 1119 716 vt
1145 694 1236 727 quae
1262 683 1304 717 ad
1333 682 1532 726 Collegium
1568 683 1656 717 bene
1689 683 1977 717 constituendum

218 736 394 779 spectant,
427 737 568 769 mature
594 737 794 780 praeparet.
844 735 891 769 Et
924 735 1019 770 hunc
1056 738 1226 780 sequetur
1261 735 1354 770 alius
1390 747 1435 769 ex
1470 735 1595 770 eadem
1625 735 1815 777 Societate‚
1851 747 1932 770 cum
1957 747 1978 770 a

219 786 396 821 Paschate
421 788 575 822 fortasse
602 787 662 821 ille
689 787 879 822 discedet‘
934 787 1108 830 Quoniam
1142 789 1179 822 in
1204 788 1352 823 aedibus
1380 787 1539 832 Collegio
1564 788 1693 823 vicinis
1729 789 1877 823 iuvenes
1904 789 1977 832 qui—

220 839 300 873 dam
334 839 536 874 litterarum
570 840 722 874 studiosi
758 840 909 882 alentur,
946 841 1070 875 horum
1106 841 1342 884 regendorum
1378 852 1463 875 cura
1499 842 1612 886 primo
1647 853 1739 876 anno
1767 841 1835 876 erit
1869 852 1979 886 penes

222 893 407 927 Doctorem
434 893 697 928 Sebastianum.

340 951 372 986 S.
399 952 612 987 Franciscus
631 953 783 996 Borgias
801 952 943 987 Canisio
969 953 1155 998 respondit
1181 953 1213 987 8.
1233 956 1267 987 et
1286 953 1341 987 25.
1361 953 1516 987 Ianuarii
1544 955 1578 986 et
1597 953 1651 987 22.
1671 953 1855 987 Februarii
1877 954 1978 988 1567.

222 1077 376 1115 1380.
490 1078 550 1114 Ρ.
578 1078 875 1115 IOANNES
911 1078 1003 1114 DE
1041 1077 1374 1122 POLANCO,
1413 1080 1630 1114 secretarius
1665 1080 1854 1114 Societatis
1887 1081 1980 1121 Iesu,

409 1133 549 1166 nomine
577 1133 609 1167 S.
630 1133 811 1167 Francisci
836 1133 1002 1176 Borgiae,
1029 1133 1224 1177 praepositi
1251 1132 1441 1176 generalis,
1470 1132 1669 1167 CANISIO.

1371 1186 1484 1219 Roma
1514 1187 1567 1221 14.
1594 1185 1801 1220 Decembris
1831 1186 1930 1220 1566.

339 1255 395 1288 Ex
430 1255 605 1300 epistulae
640 1255 844 1290 canisianae
878 1256 1035 1299 imagine
1070 1255 1363 1300 pho‘cographica,
1400 1255 1442 1289 de
1469 1266 1539 1299 qua
1564 1256 1658 1289 infra
1684 1256 1838 1298 n.1386‚
1874 1260 1981 1290 etex

221 1308 453 1353 epistularum
482 1308 628 1343 Polanci
663 1309 881 1354 apographis
917 1309 1040 1343 eodem
1075 1312 1235 1353 tempore
1261 1308 1417 1352 scriptis,
1454 1319 1544 1352 quae
1571 1311 1655 1342 sunt
1680 1309 1715 1342 in
1746 1308 1884 1351 „Germ
1912 1310 1975 1343 65“

221 1361 245 1395 f.
265 1361 348 1396 209ὃ
375 1364 410 1395 et
435 1361 470 1396 in
502 1361 609 1407 „Epp.
627 1362 670 1395 It.
700 1360 865 1407 [Praepp.
887 1361 1014 1404 Genu]
1046 1362 1250 1396 1565—67“
1281 1361 1305 1395 f.
1324 1361 1419 1395 289³.

340 1433 392 1466 De
416 1433 591 1466 sacellano
618 1434 738 1476 aliquo
764 1434 979 1466 Ferrariam
1008 1435 1044 1466 in
1071 1433 1193 1465 aulam
1218 1433 1377 1466 <laceio-sae
1403 1433 1579 1465 mittendo.

346 1498 512 1531 Cani-slas
529 1499 679 1541 Dz'lc'nya
706 1501 736 1531 8.
756 1498 930 1531 Ianuarii
947 1500 1040 1530 1567
1065 1497 1220 1540 Boryiae
1243 1496 1406 1539 scripsit:
1433 1496 1616 1540 „Haaemo
1642 1500 1777 1530 receato
1803 1496 1918 1539 (suella
1944 1497 1981 1529 dz·

223 1552 253 1583 3.
292 1555 320 1583 et
358 1553 410 1584 14.
438 1552 476 1583 ‹lc'
510 1549 727 1584 Decembre.“
781 1552 833 1583 Ac
868 1550 1045 1584 Polancus
1081 1550 1266 1583 Societatis
1299 1550 1511 1581 secretarius
1544 1549 1644 1582 iussa
1680 1549 1833 1592 Boryiae
1866 1549 1980 1582 Roma

225 1605 278 1637 14.
298 1604 497 1637 Decembris
525 1606 614 1637 1566
641 1604 680 1637 Ρ.
704 1604 918 1637 Theodorico
948 1604 1091 1636 Canis-io
1119 1604 1248 1636 rectori
1282 1602 1466 1645 dilz'nyano
1501 1603 1664 1645 scripsit:
1702 1603 1775 1645 „Le
1802 1602 1919 1634 ultime
1944 1602 1981 1634 di

224 1657 260 1689 V.
280 1657 321 1690 R.
341 1668 425 1690 sono
450 1657 487 1689 dt
515 1660 568 1690 19.
596 1661 624 1689 et
651 1658 696 1689 23
722 1657 760 1689 det
784 1657 961 1690 settembre
987 1667 1047 1690 con
1086 1657 1114 1688 le
1149 1657 1264 1689 lettere
1289 1666 1427 1695 (mnae;
1462 1659 1491 1687 et
1523 1655 1648 1697 perche}
1679 1657 1711 1687 st
1745 1655 1765 1687 e'
1790 1656 1910 1689 scritto
1945 1656 1981 1687 al

224 1709 262 1743 P.
281 1710 420 1753 Natale,
447 1714 476 1742 et
502 1710 538 1742 al
563 1710 601 1743 P.
622 1710 851 1743 Pronz'nct'ale
880 1709 1035 1752 Canisio,
1071 1713 1168 1742 tanto
1188 1708 1255 1750 pie}
1292 1708 1394 1740 breue
1429 1710 1581 1750 risposta
1616 1708 1789 1740 accadera
1824 1708 1846 1740 a
1872 1708 1982 1751 quelle

224 1762 261 1794 di
278 1763 315 1795 V.
335 1761 400 1796 R.“
443 1764 557 1806 Atque.
583 1767 693 1795 exstat
719 1763 857 1806 quidem
883 1763 999 1795 adltac
1025 1763 1192 1805 epistulae
1212 1763 1264 1794 14.
1284 1760 1485 1793 Decembris
1503 1762 1596 1793 1566
1621 1761 1668 1793 aa
1688 1761 1849 1794 Natalem
1875 1772 1895 1793 a
1917 1762 1981 1794 Po-

224 1817 326 1848 lanco
352 1817 456 1848 datae
481 1820 510 1848 et
544 1817 738 1858 eoeemplam
763 1816 990 1858 archetypam
1018 1816 1114 1856 (cide
1138 1815 1230 1857 ΕΜ).
1257 1814 1349 1847 Nad.
1377 1814 1442 1846 III
1464 1814 1579 1857 350¹),
1615 1818 1646 1846 et
1671 1814 1917 1857 apoyraphum
1941 1815 1980 1846 in

225 1869 377 1912 Boryiae
412 1867 616 1913 „Reqistrd‘
650 1870 855 1911 yermanico
884 1869 1040 1911 positam
1068 1869 1232 1911 („Germ.
1262 1864 1326 1899 65“
1358 1868 1384 1907 f.
1406 1868 1542 1906 209³);
1577 1878 1684 1910 neque
1717 1878 1797 1900 vero
1833 1868 1980 1910 epistula

225 1923 339 1956 eodem
365 1922 419 1954 die
445 1923 491 1954 ad
521 1922 704 1955 Canise'am
730 1933 751 1954 a
778 1922 932 1955 Polanco
959 1922 1041 1954 (lata
1069 1924 1254 1963 comparet.
1305 1920 1398 1952 Eam
1433 1924 1549 1952 tamen
1574 1920 1751 1953 Polancas
1779 1920 1982 1963 siynificare

227 1976 372 2016 videtur,
401 1986 479 2008 cam
506 1976 619 2008 eodem
648 1975 708 2007 [llo
735 1975 791 2007 dte
817 1977 872 2008 14.
891 1974 1093 2008 Decembris
1120 1976 1211 2006 1566
1236 1973 1408 2005 mandatu
1427 1973 1583 2015 Boryz'ae
1602 1973 1639 2005 P.
1658 1973 1786 2005 Fulvio
1804 1974 1982 2006 Androtio

227 2029 429 2069 (Androzi)
459 2028 493 2061 S.
513 2028 548 2061 J.
575 2029 704 2061 rectori
731 2028 864 2070 colleyc‘i
888 2028 1122 2069 ferrariensis
1147 2027 1188 2058 de
1213 2027 1338 2068 reyt'na
1365 2025 1546 2069 Barbara,
1582 2026 1723 2058 ducissa
1754 2027 1980 2069 ferrariensi,

225 2092 266 2114 ac
291 2082 332 2114 de
357 2081 396 2113 P.
414 2081 612 2115 Laurentio
632 2081 869 2114 Hermanate'o
889 2081 924 2114 S.
945 2081 980 2113 J.
1007 2081 1196 2112 Barbarae
1219 2079 1435 2121 confessario
1455 2079 1519 2120 (cf.
1537 2089 1650 2121 supra
1672 2090 1708 2121 p.
1728 2080 1816 2119 353)
1842 2080 1983 2112 scribit.-

227 2133 291 2178 „L’
310 2134 423 2168 bauer
441 2138 610 2177 proposto
629 2134 703 2166 alla
723 2134 877 2176 Stynora
898 2134 1090 2175 Duchfessca
1117 2133 1175 2166 che.
1200 2133 1408 2175 licenctasse'‚
1438 2133 1462 2164 il
1485 2132 1711 2175 Cappellano,
1738 2143 1756 2165 o
1778 2133 1983 2174 Confessore

228 2198 298 2220 non
324 2187 339 2220 ἑ
358 2192 494 2230 parato
521 2187 590 2230 qua
616 2187 708 2229 bene,
744 2187 803 2219 che
827 2188 859 2219 εἰ
884 2189 939 2219 sla
964 2188 1054 2228 fatto
1079 2197 1183 2219 senza
1213 2185 1433 2228 se'yntficarlo
1460 2185 1481 2217 ὰ
1508 2185 1552 2219 N.
1571 2185 1689 2218 Padre
1715 2196 1733 2218 o
1760 2186 1796 2217 al
1820 2195 1920 2218 meno
1946 2186 1982 2218 al

226 2251 289 2274 sao
315 2240 577 2283 Prouinciale1,
614 2245 643 2273 et
663 2251 756 2283 pare
782 2239 841 2273 che
877 2241 902 2272 il
928 2240 1045 2272 Padre
1070 2240 1212 2272 Zorenzo
1239 2239 1400 2279 (essendo
1425 2239 1455 2270 Ze
1481 2249 1555 2271 cose
1580 2239 1618 2270 in
1644 2239 1709 2271 tali
1734 2239 1896 2279 termini)
1923 2238 1983 2271 che

208 2295 252 2336 ‘s'
272 2295 421 2336 impacci
448 2304 535 2336 poco
566 2294 618 2326 col
650 2294 738 2326 detto
768 2293 981 2335 Cappellano
1008 2303 1066 2324 ma
1093 2293 1235 2325 attenda
1270 2292 1292 2323 ἀ
1316 2292 1380 2333 far
1404 2292 1431 2323 il
1463 2292 1553 2333 fatto
1578 2301 1654 2334 sao,
1690 2301 1781 2324 conce
1816 2293 1983 2324 conaiene

227 2346 249 2379 ὰ
274 2358 323 2380 πη
349 2346 534 2389 Βεῖἰῃίοδο,
561 2357 625 2379 con
650 2350 737 2379 tatto
764 2346 828 2389 cio,
863 2346 895 2378 si
918 2347 1034 2378 scrt'ne
1060 2346 1095 2378 al
1122 2346 1239 2378 Padrc
1268 2345 1412 2378 (lamisio
1437 2354 1471 2376 se
1497 2348 1649 2377 trouara
1674 2345 1804 2377 alcuna
1824 2355 1981 2387 persona

228 2404 302 2432 atta
327 2400 373 2431 (Za
394 2399 534 2442 poterla
558 2401 621 2440 far
647 2400 763 2432 venire
789 2399 810 2431 ὰ
836 2400 999 2431 Ferrara
1020 2410 1089 2441 per
1115 2402 1231 2442 questo
1258 2396 1431 2439 effett0.“‘·'

347 2474 490 2508 Dixeris
526 2474 681 2508 fortasse
714 2474 862 2508 eandem
888 2473 1035 2508 Polanci
1070 2473 1113 2507 ad
1141 2473 1324 2507 Canisium
1361 2472 1552 2517 epistulam
1578 2472 1846 2506 commemorari
1873 2472 1981 2506 etiam

228 2527 263 2560 in
290 2527 442 2571 Borgiae
477 2527 609 2561 litteris
634 2526 757 2561 Natali
782 2527 914 2568 missis,
949 2538 1040 2570 quae
1067 2529 1211 2560 exstant
1246 2525 1282 2559 in
1308 2525 1397 2570 Epp.
1416 2526 1538 2559 Nadaz
1563 2525 1614 2558 ΙΙΙ
1640 2525 1727 2565 358;
1763 2526 1801 2558 at
1835 2525 1902 2559 hae
1937 2525 1981 2559 ad

229 2591 272 2613 m.
292 2579 523 2614 Decembrem
549 2591 580 2614 a.
602 2580 703 2620 1567,
730 2591 799 2613 non
827 2580 916 2614 1566
942 2580 1138 2624 pertinent3
1167 2579 1202 2612 id
1229 2578 1322 2622 quod
1347 2590 1411 2612 suo
1437 2578 1514 2612 loco
1540 2577 1735 2622 apparebit.

347 2633 512 2667 Ceterum
539 2633 582 2666 ad
601 2633 748 2666 Petrum
768 2633 949 2667 Canisium
975 2632 1189 2677 spectabant
1214 2631 1322 2665 etiam
1350 2643 1401 2673 ea,
1429 2642 1520 2675 quae
1539 2631 1713 2664 Polancas
1739 2630 1773 2663 in
1800 2630 1982 2674 *epistula

233 2686 284 2719 14.
311 2685 514 2720 Decembris
552 2686 642 2720 1566
677 2685 858 2729 Dilingam
893 2686 936 2719 ad
971 2685 1229 2719 Theodoricum
1265 2684 1447 2719 Canisium
1483 2683 1624 2726 collegii
1665 2685 1700 2716 et
1734 2683 1983 2717 universitatis

230 2740 402 2771 rectorem
427 2739 537 2772 missa
563 2738 605 2772 de
632 2739 805 2772 cardinali
824 2738 954 2772 Ottone
973 2737 1173 2772 Truchsess
1200 2749 1241 2771 ac
1268 2738 1310 2770 de
1337 2737 1407 2772 ΡΡ.
1430 2737 1589 2781 Gasparo
1608 2735 1770 2769 Haivodo
1798 2738 1832 2769 et
1858 2735 1981 2770 Hiero-

230 2801 335 2833 nymo
362 2791 538 2833 Torrensi‚
566 2791 641 2825 eius
666 2792 916 2826 universitatis
942 2791 1213 2836 professoribus,
1242 2790 1427 2824 monebat:
1467 2790 1522 2832 „Jl
1547 2788 1662 2822 Padre
1689 2788 1828 2833 Gaspar
1854 2788 1980 2832 Anglo,

232 2844 346 2876 scriue
364 2843 428 2877 che
454 2843 744 2878 l'Jllustrissimo
764 2844 951 2878 Cardinale
979 2844 1153 2878 domanda
1172 2843 1240 2877 alle
1258 2843 1354 2877 uolte
1380 2842 1547 2887 prediche
1573 2842 1682 2875 latine
1708 2853 1752 2875 ex
1778 2842 1981 2886 improuiso,

233 2904 314 2927 cosa
339 2897 542 2930 scommoda
576 2898 681 2938 assai,
717 2909 802 2942 pare
837 2899 857 2930 a
882 2897 924 2931 N.
945 2896 1060 2930 Padre
1087 2896 1151 2930 ohe
1186 2896 1210 2929 il
1237 2896 1353 2930 Padre
1378 2894 1601 2929 Prouinciale
1637 2905 1657 2927 o
1686 2893 1726 2928 V.
1746 2895 1787 2929 R.
1814 2907 1832 2928 o
1868 2895 1924 2928 chi
1950 2895 1980 2928 si

353 3007 362 3025 ¹
389 3007 427 3040 P.
447 3008 698 3053 Christophoro
724 3008 935 3051 Rodriguez,
962 3007 1173 3052 provinciali
1199 3007 1361 3041 Tusciae.

352 3059 363 3078 2
389 3059 572 3102 Duc-issae,
598 3073 641 3095 ne
659 3061 698 3096 P.
717 3061 974 3095 Hermanutius
992 3061 1155 3095 Ferraria
1175 3062 1396 3100 avocaretur,
1422 3058 1652 3092 vehementer
1675 3059 1810 3102 petenti
1827 3060 1979 3102 Borytas

235 3108 345 3142 Roma
366 3110 416 3143 12.
436 3112 590 3146 Ianuarii
612 3114 698 3147 1567
726 3114 945 3158 *rescripsit,
974 3125 1053 3147 eum
1080 3112 1263 3146 Ferrariae
1289 3122 1494 3145 mansurum
1529 3121 1606 3144 esse
1634 3110 1696 3153 (ex
1721 3122 1843 3154 apogr.
1869 3111 1979 3145 eiusd.

234 3164 360 3205 temp.;
392 3162 499 3206 ἬΕΜ).
520 3165 560 3197 It.
589 3164 752 3209 [Praepp.
773 3165 898 3209 Grenn]
930 3166 1178 3200 1565—1567“
1210 3166 1232 3198 f.
1254 3165 1351 3207 294³)
