2077 3461
233 182 286 223 88
738 181 839 217 1236.
868 182 1110 217 Theodoricus
1137 183 1300 217 Canisius
1327 183 1479 218 Canisio.

230 298 441 352 temporis
474 299 627 352 ingens
659 299 777 341 hisce
808 300 852 342 in
884 300 988 342 locis
1022 303 1102 351 est,
1149 300 1221 354 qui
1262 303 1306 343 et
1345 301 1539 343 homines
1581 305 1626 345 et
1669 303 1797 346 bruta
1828 303 1990 357 passim

232 365 398 413 enecat,
432 366 606 417 praeter
639 363 819 406 aliorum
853 379 1061 407 annorum
1097 365 1463 409 consuetudinem.

349 429 414 470 De
437 428 626 482 Collegio
649 429 994 482 Jngolstadiensi
1026 430 1126 472 noui
1159 445 1271 472 nunc
1293 431 1386 473 fere
1408 431 1512 472 nihil
1536 432 1735 482 occurrit,
1769 432 1848 474 nisi
1879 433 1991 486 quod

231 492 329 534 inde
367 495 564 536 tentatus
602 494 849 536 discesserit
880 495 1099 536 Jacobus¹
1132 495 1409 546 Coloniensis‚
1452 496 1529 537 sed
1569 510 1707 549 neque
1748 497 1991 550 Augustam

231 571 370 611 neque
402 557 634 611 Dilingam,
679 573 760 612 quo
802 559 1072 610 mittebatur,
1115 560 1298 611 venerit,
1342 574 1480 613 neque
1523 561 1575 602 de
1616 575 1664 603 eo
1707 561 1933 614 quicquam
1967 576 1992 604 a

231 622 353 664 nobis
396 625 550 676 postea
593 623 651 665 sit
694 623 908 673 auditum,
955 623 1115 678 Scripsi
1158 624 1383 667 historiam
1430 625 1560 676 alias,
1606 639 1717 678 quae
1762 627 1891 668 etiam
1937 640 1992 668 ex

232 687 446 729 adiunctis
478 688 525 730 P.
548 688 732 729 Arborei
764 688 903 730 literis
935 689 1104 742 plenius
1137 689 1339 742 cognosci
1371 690 1546 744 poterit.
1590 690 1642 733 D.
1667 690 1916 732 Theodorus
1949 694 1993 734 et

231 752 278 794 P.
302 752 521 794 Arboreus
544 752 778 806 impetrata
800 753 1048 795 iamdudum
1082 753 1293 797 facultate
1324 755 1367 796 in
1400 755 1618 808 patriam2
1650 758 1751 797 sunt
1782 769 1859 809 per
1881 755 1992 797 Her-

234 817 407 871 bipolim
449 817 645 871 profecti.
711 817 793 859 Sed
836 818 1018 860 miratus
1059 833 1152 860 sum
1194 820 1245 862 D.
1281 819 1509 861 Peltanum
1552 834 1690 873 neque
1732 820 1993 863 valetudinis

232 895 370 935 neque
401 882 589 935 ingentis
621 884 769 924 aestus
800 882 1013 925 rationem
1046 883 1251 925 maiorem
1285 884 1499 935 habuisse,
1541 887 1585 927 et
1616 899 1694 939 per
1725 885 1993 939 Herbipolim

231 947 293 988 ire
316 947 518 997 voluisse,
542 946 623 989 nisi
645 947 758 989 forte
781 951 825 990 et
847 962 998 989 currus
1021 951 1065 990 et
1087 949 1274 990 fluminis
1297 951 1341 991 et
1362 949 1595 991 amicorum
1617 950 1992 1004 Herbipolensium

233 1012 513 1054 commoditas
545 1012 666 1053 illum
699 1026 748 1054 eo
781 1012 1012 1066 impulerit.
1076 1013 1174 1054 Jam
1216 1016 1317 1056 ante
1355 1014 1645 1067 significaram
1679 1015 1864 1068 Vtrique,
1908 1014 1992 1057 cito

232 1076 316 1117 illis
349 1077 430 1118 huc
463 1090 559 1118 esse
597 1091 652 1118 ex
696 1077 840 1130 patria
882 1077 1160 1128 redeundum,
1203 1078 1393 1131 Rogauit
1433 1082 1579 1121 tamen
1612 1080 1657 1123 P.
1692 1080 1912 1122 Peltamus
1944 1082 1994 1122 vt

234 1141 511 1184 Treuirenses
543 1142 748 1194 reliquias
778 1142 821 1183 in
844 1143 1032 1185 transitu
1055 1143 1198 1184 visere
1221 1143 1301 1184 sibi
1322 1144 1473 1186 liceret
1486 1146 1513 1187 3.
1558 1144 1718 1198 Scripsi
1740 1145 1793 1186 ad
1817 1145 1862 1186 P.
1885 1145 1994 1186 Leo-

233 1206 455 1256 nardum4,
489 1210 538 1249 vt
569 1207 749 1248 istorum
783 1208 837 1248 ad
871 1222 947 1248 nos
980 1208 1166 1250 reditum
1200 1212 1368 1262 vrgeat.
1418 1209 1559 1250 Erunt
1590 1212 1734 1252 autem
1767 1210 1810 1251 in
1842 1209 1994 1262 Jngol-

234 1271 465 1313 stadiensi¹³
483 1271 685 1325 Collegio‚
710 1272 1031 1314 connumeratis
1054 1273 1218 1314 duobus
1235 1273 1482 1327 praedictis,
1507 1274 1680 1316 circiter
1701 1276 1750 1316 19
1770 1288 1992 1328 personae.

235 1335 277 1378 Si
320 1336 514 1378 discedat
554 1336 597 1377 in
638 1336 860 1378 Poloniam
902 1337 1123 1387 MatheuS‚
1166 1340 1209 1380 et
1250 1338 1293 1379 in
1334 1338 1514 1380 Jtaliam
1555 1339 1776 1380 scabiosus
1817 1339 1873 1381 M.
1907 1339 1994 1380 Do-

234 1400 413 1442 minicus
429 1402 458 1451 5,
493 1401 682 1454 egebunt
715 1401 785 1454 qui
819 1401 903 1443 illis
936 1402 977 1443 in
1012 1402 1204 1444 docenda
1237 1403 1398 1456 Logica
1426 1406 1470 1445 et
1493 1403 1726 1445 Rhetorica
1747 1403 1993 1447 succedant.

234 1465 302 1506 Ad
333 1465 440 1507 haec
472 1468 563 1508 tam
596 1465 680 1507 illis
714 1480 842 1519 quam
876 1467 997 1508 nobis
1036 1481 1145 1508 Vnus
1187 1467 1256 1508 vel
1289 1467 1402 1509 alter
1441 1468 1712 1510 necessarius
1753 1471 1880 1517 esset,
1924 1467 1995 1520 qui

234 1533 428 1584 tempore
460 1530 736 1573 necessitatis
768 1531 810 1572 in
843 1531 1141 1586 philosophica
1172 1532 1357 1574 lectione
1390 1533 1459 1574 vel
1493 1533 1578 1574 alia
1610 1532 1815 1582 inferiori,
1859 1532 1996 1586 possit

235 1595 460 1646 substitui,
504 1595 767 1649 Theologiae
808 1596 920 1637 idem
962 1597 1133 1638 auditor
1175 1611 1269 1639 esse
1310 1600 1470 1651 posset.
1540 1598 1774 1639 Praeterea
1815 1612 1910 1639 cum
1952 1600 1996 1639 et

236 1660 380 1714 logica
403 1664 446 1703 et
468 1664 653 1714 vtraque
676 1660 856 1714 physica
878 1661 1006 1703 lectio
1030 1676 1142 1703 nunc
1164 1676 1298 1716 penes
1322 1665 1493 1704 nostros
1515 1662 1585 1712 sit,
1610 1665 1653 1704 et
1677 1663 1843 1705 Graeca
1864 1662 1996 1704 simus

235 1725 421 1776 liberati,
465 1726 704 1779 vrgendum
738 1726 851 1767 forte
884 1729 1013 1776 esset,
1057 1729 1105 1769 vt
1137 1741 1287 1768 cursus
1319 1727 1526 1777 formalis,
1569 1741 1687 1769 more
1725 1727 1850 1768 huius
1882 1726 1995 1768 Aca-

236 1790 416 1839 demiae,
450 1790 713 1843 Jngolstadij
748 1790 1051 1833 institueretur
1076 1826 1084 1834 .
1107 1791 1270 1833 maiore
1304 1792 1414 1834 enim
1439 1792 1643 1839 vtilitate,
1678 1792 1841 1834 minore
1865 1792 1994 1834 etiam

225 1855 383 1896 ‘labore
412 1857 502 1896 tam
534 1855 671 1898 nostri
695 1869 823 1908 quam
854 1856 1023 1898 externi
1047 1856 1243 1910 discipuli
1265 1857 1561 1911 philosophiae
1584 1857 1771 1900 studium
1794 1857 1996 1910 frequen-

235 1923 392 1962 tarent.
436 1920 611 1962 Nostris
643 1920 766 1962 labor
793 1924 1077 1974 accresceret,
1111 1921 1212 1974 quia
1234 1936 1310 1975 pro
1335 1936 1418 1963 vna
1441 1922 1548 1964 hora
1570 1922 1676 1964 duas
1698 1921 1995 1976 impenderent

236 1984 469 2038 discipulis,
520 1985 594 2026 sed
639 1988 791 2038 gratus
836 1985 872 2026 is
917 1985 1030 2028 foret
1072 1986 1247 2035 nostris,
1297 1990 1341 2029 et
1383 2001 1468 2027 non
1514 1986 1743 2028 admodum
1788 1987 1995 2028 molestus

235 2052 414 2103 propter
445 2049 671 2092 certiorem
704 2050 901 2091 laborum
933 2064 1106 2091 suorum
1136 2051 1337 2093 fructum.
1392 2051 1603 2104 Georgius
1626 2051 1748 2093 Hach
1771 2051 1995 2093 Colonien-

238 2113 296 2155 sis
309 2114 337 2163 6,
371 2113 443 2166 qui
475 2114 757 2168 penultimam
791 2115 971 2156 classem
995 2115 1258 2168 Jngolstadij
1292 2115 1418 2168 regit,
1452 2115 1612 2157 iamdiu
1645 2119 1688 2158 et
1720 2115 1996 2170 impatienter

237 2178 549 2231 quodammodo
591 2179 644 2220 ad
687 2193 857 2220 cursum
900 2179 1158 2221 audiendum
1200 2180 1387 2234 aspirat,
1439 2181 1513 2222 sed
1558 2195 1636 2222 nec
1679 2195 1835 2233 magno
1878 2180 1996 2223 valet

237 2242 423 2296 ingenio,
466 2257 544 2284 nec
578 2243 797 2296 explicare
831 2247 1065 2298 conceptus
1098 2259 1198 2286 suos
1240 2246 1461 2287 commode
1503 2246 1634 2296 valet,
1678 2245 1861 2287 Videtur
1892 2244 1995 2286 mihi

358 2324 385 2353 a)
408 2325 468 2348 Hoc
491 2332 512 2348 ι’.
537 2324 563 2347 in
586 2324 716 2355 margaine
737 2324 870 2348 additum
890 2327 940 2348 est.

360 2418 369 2436 ¹
395 2417 520 2451 Muntz
546 2418 624 2451 sive
651 2418 795 2457 Mtintz;
823 2419 865 2452 de
892 2430 960 2462 quo
991 2421 1078 2453 Can.
1105 2419 1155 2453 IV
1182 2419 1249 2454 528
1278 2419 1356 2453 743.

358 2471 369 2491 2
394 2471 435 2504 In
469 2470 654 2514 Belgium;
694 2471 775 2504 vide
815 2472 901 2505 Can.
938 2472 971 2505 II
1010 2472 1100 2506 382³
1135 2473 1230 2506 454¹.
1296 2473 1535 2506 Theodoricus
1573 2473 1738 2506 Canisizcs
1772 2473 1924 2515 Borgiae
1958 2472 1994 2506 in

239 2523 408 2566 *litteris‚
442 2535 532 2567 quas
566 2535 675 2568 supra
710 2536 743 2568 p.
780 2524 840 2558 842
875 2524 968 2558 dixi:
1016 2524 1168 2566 „Doctor
1200 2525 1406 2560 Theodorus
1440 2526 1612 2559 Peltanus
1647 2526 1815 2560 scribitur
1844 2525 1995 2559 subinde

238 2576 273 2610 in
301 2576 441 2610 morbos
471 2576 593 2618 relabi,
630 2579 665 2610 et
700 2576 986 2611 valetudinarius
1022 2578 1140 2612 reddi:
1177 2577 1363 2612 Concessit
1398 2578 1449 2612 illi
1484 2581 1586 2623 pater
1620 2578 1848 2623 prouincialis
1883 2580 1924 2611 vt
1958 2578 1993 2611 in

239 2628 509 2663 Canicularibus
547 2630 664 2674 patria
701 2629 813 2664 semel
851 2630 997 2673 negotia
1031 2630 1125 2664 inter
1159 2642 1242 2664 suos
1277 2631 1452 2665 conficere
1487 2631 1632 2676 possit.“
1685 2632 1724 2665 In
1759 2631 1994 2665 universitate

238 2682 509 2725 ingolstadiensi
547 2682 753 2716 Theodorus
795 2682 968 2717 Peltanus
1010 2682 1246 2726 theologiam,
1295 2684 1474 2718 Henricus
1512 2684 1692 2718 Arboreus
1733 2683 1993 2728 philosophiam

238 2735 439 2769 tradebant.

337 2789 348 2807 ³
374 2787 542 2822 Treveris
578 2788 750 2832 reliquiae
781 2788 1002 2833 „Martyrum
1039 2788 1302 2822 Thebaeorum*
1343 2790 1378 2822 in
1414 2789 1565 2823 ecclesia
1600 2789 1633 2823 S.
1661 2789 1802 2822 Paulini
1834 2789 1993 2823 coleban-

240 2843 317 2879 tur:
355 2840 563 2874 colebantur
589 2841 679 2874 aliae
706 2841 878 2884 reliquiae
904 2843 939 2875 in
966 2842 1053 2875 aede
1078 2841 1355 2886 metropolitana
1383 2844 1418 2875 et
1444 2842 1478 2875 in
1504 2841 1636 2885 templo
1664 2841 1697 2874 S.
1724 2841 1899 2875 Matthiae
1926 2845 1994 2876 etc.

242 2892 348 2936 (Can.
375 2893 426 2927 III
454 2894 530 2927 155.
576 2895 723 2927 Hansen
750 2893 773 2927 1.
800 2905 828 2927 c.
857 2894 922 2928 501
962 2894 1059 2937 532).
1112 2894 1301 2928 Peltanum
1328 2894 1435 2928 etiam
1461 2894 1652 2935 Sociorum,
1689 2894 1749 2937 qui
1780 2894 1815 2927 in
1842 2894 1992 2937 collegio

239 2945 439 2979 treverensi
467 2946 653 2988 degebant,
681 2947 910 2981 visendorum
937 2947 1112 2981 desiderio
1138 2947 1308 2982 allectum
1335 2958 1414 2981 esse
1441 2947 1617 2981 existimo.

359 3000 371 3017 ⁴
397 2998 534 3038 KesseL
561 3001 734 3033 rectorem
762 2999 1012 3033 coloniensem.

361 3051 372 3069 ³
398 3050 449 3084 De
475 3050 659 3085 Matthaeo
678 3051 855 3086 Mic-honis
881 3052 963 3086 vide
989 3054 1075 3086 Can.
1095 3052 1144 3086 IV
1164 3053 1249 3088 6482
1275 3053 1353 3094 682,
1380 3052 1422 3086 de
1449 3052 1580 3085 Ioanne
1598 3050 1782 3086 Dominico
1801 3052 1992 3086 Facciardo

241 3114 349 3148 supra
374 3115 408 3147 p.
436 3103 490 3137 32.

361 3157 373 3175 ⁶
400 3155 451 3189 De
478 3155 543 3189 hoc
569 3156 650 3189 vide
682 3156 766 3190 Can.
794 3157 826 3190 Π
854 3157 948 3192 7302.
