2077 3461
228 202 285 231 XL
773 199 816 234 Il.
843 199 1069 234 Prooemium
1097 199 1288 233 voluminis
1315 199 1441 243 quinti.

229 317 291 351 sed
322 316 416 351 ultro
451 316 671 357 confitemur,
707 318 798 360 quod
826 317 1068 362 superioribus
1103 317 1206 351 annis
1239 316 1342 350 multi
1370 318 1405 349 et
1430 316 1550 359 magni
1586 315 1746 350 homines
1781 318 1927 351 fuerunt
1952 317 1987 350 in
2025 308 2027 311 ¹

229 369 380 405 ecclesia
407 370 486 413 qui‘
516 369 551 403 in
578 369 811 413 indulgentiis
841 370 1120 414 „quaesiverunt
1152 369 1373 403 commodum
1410 371 1446 402 et
1470 371 1610 413 turpem
1637 369 1826 403 avaritiam
1852 381 1987 415 promo-

229 424 360 457 verunt
395 425 430 456 et-
464 424 653 467 propt-erea
688 425 883 467 peccarunt
916 423 1079 466 graviter
1110 422 1147 456 in
1181 421 1306 463 Deum,
1343 421 1443 455 cuius
1469 422 1560 455 dona
1585 422 1831 464 vendiderunt,
1865 423 1987 457 obscu-

229 478 356 510 rarunt
391 477 427 509 et
453 475 736 520 contemptibilia
762 476 991 510 reddiderunt
1017 475 1110 520 apud
1147 475 1299 518 vulgus“
1334 474 1446 517 (572).
1497 474 1629 508 Eodem
1654 477 1812 520 tempore
1838 476 1988 519 quadra-

231 528 393 572 gesimali
428 529 464 562 in
502 528 635 573 templo
661 528 868 563 monialium
894 528 1206 563 Dominicanarum
1245 528 1289 561 ad
1315 527 1468 562 feminas
1492 527 1640 568 nobiles,
1675 539 1765 572 quae
1800 529 1843 562 ad
1869 528 1988 562 aulam

232 581 468 626 imperatricis
500 581 737 626 pertinebant,
774 582 905 623 dicens,
940 581 1094 626 primum
1129 581 1273 624 quidem
1299 580 1526 625 reprehendit
1551 583 1794 625 protestantes
1819 581 1893 615 sola
1918 581 1988 615 fide

232 635 362 674 fretos3
399 634 526 668 deinde
556 637 676 668 autem
702 635 828 669 horum
853 634 989 668 similes
1015 645 1094 668 esse
1120 633 1211 667 dixit
1236 633 1432 668 catholicos
1462 636 1667 675 „externam
1692 635 1847 679 speciem
1874 636 1988 668 osten-

233 688 368 728 dentes,
404 687 595 721 haerentes
621 686 759 722 tantuin
785 688 821 721 in
849 686 1082 721 caeremoniis
1108 689 1143 720 et
1170 686 1424 720 consuetudine
1450 686 1615 731 frigida“,
1646 689 1682 720 et
1707 687 1894 730 religiosos
1919 698 1988 720 non

233 740 419 775 studentes
450 752 615 783 „servare
650 743 735 774 vota
770 741 805 774 et
841 739 982 774 Christo
1017 739 1142 773 vivere
1175 750 1217 773 ac
1243 739 1379 773 servire
1413 741 1488 773 toto
1523 740 1638 781 corde,
1674 740 1735 774 sed
1772 740 1991 774 confidentes

233 793 376 828 interim
403 794 437 827 in
463 805 527 827 suo
553 793 683 835 ordine,
710 793 845 834 habitu,
872 792 1084 838 privilegiis,
1110 792 1278 826 statutis“
1303 792 1415 835 (571).
1459 792 1681 837 Propinquos
1700 792 1863 827 Canisius
1889 804 1991 827 sacra

235 858 374 890 quoque
402 846 552 880 caritate
578 846 872 891 prosequebatur.
922 845 1020 879 Scire
1046 845 1188 885 avebat,
1219 848 1392 889 quantum
1418 846 1568 880 Iacobus
1593 857 1704 891 nepos
1730 847 1765 880 in
1790 845 1992 880 litterarum

233 899 362 934 studiis
388 899 600 944 profecisset
620 899 741 942 (334);
769 910 811 932 ac
837 910 917 932 011111
943 898 1004 932 1110
1030 898 1066 932 in
1084 898 1359 932 universitatem
1377 898 1610 943 parisiensem
1636 899 1858 942 migraturus
1885 901 1991 939 esset,

237 952 400 987 Canisius
427 953 503 986 eius
536 954 685 986 matrem
712 954 880 986 accurate
906 951 1036 993 docuit,
1063 962 1133 995 qua
1159 951 1296 985 ratione
1322 951 1416 985 effici
1441 954 1573 995 posset,
1598 954 1639 985 ut
1664 951 1813 986 Parisiis
1838 952 1994 986 nummis

237 1005 281 1039 ad
306 1005 442 1038 victum
468 1005 680 1038 necessariis
698 1004 897 1038 instructus
920 1006 1017 1038 esset
1033 1015 1147 1048 neque
1167 1006 1285 1038 tamen
1303 1003 1488 1048 pecuniam
1507 1005 1721 1049 profundere
1738 1008 1861 1049 posset
1879 1004 1993 1047 (447).

237 1057 485 1092 WVendelinam
521 1069 677 1091 sororem
710 1057 829 1091 mariti
856 1059 893 1091 et
917 1057 1012 1091 filiae
1046 1059 1159 1091 morte
1195 1057 1365 1091 afflictam
1399 1069 1463 1101 per
1497 1057 1669 1102 epistulas
1704 1058 1842 1092 solatur
1870 1057 1991 1101 (331);

236 1111 364 1145 suadet
390 1111 432 1151 ei,
460 1112 499 1144 ut
524 1111 647 1144 alteris
665 1111 800 1156 nuptiis
826 1111 1006 1145 abstineat
1027 1110 1138 1154 (333),
1166 1113 1202 1144 et
1226 1113 1266 1144 ut
1291 1110 1444 1154 singulis
1462 1110 1693 1145 hebdomadis
1710 1131 1756 1135 -—
1774 1111 1908 1156 pietate
1933 1110 1994 1144 illo

236 1166 395 1208 tempore
422 1175 545 1208 parum
572 1163 707 1198 usitata
733 1183 778 1187 —
804 1175 941 1198 sacram
970 1163 1223 1198 eucharistiam
1250 1165 1370 1197 sumat
1398 1163 1519 1206 (446);
1559 1175 1626 1198 non
1665 1176 1744 1199 esse
1782 1163 1993 1198 medicinam

239 1216 419 1250 meliorem
458 1227 524 1250 nec
561 1217 693 1251 certius
731 1216 899 1251 solatium
934 1228 1040 1261 quam
1075 1228 1215 1251 sacram
1250 1217 1530 1251 communionem
1568 1216 1682 1260 (446).
1741 1217 1817 1251 Hoc
1853 1228 1994 1261 quoque

240 1269 404 1304 Canisius
429 1269 611 1311 fratribus,
637 1270 828 1312 sororibus,
855 1281 1015 1305 sororum
1033 1270 1172 1304 maritis
1199 1270 1389 1313 diligenter
1407 1270 1688 1311 commendabat,
1714 1273 1753 1304 ut
1780 1270 1995 1315 pauperibus

238 1323 367 1367 stipem
402 1322 673 1367 suppeditarent
702 1323 814 1367 (334).
865 1323 953 1358 Cum
980 1323 1246 1366 Wisensteigae
1282 1326 1390 1366 esset,
1425 1323 1575 1367 accepit,
1608 1323 1644 1356 in
1679 1323 1798 1368 oppidi
1833 1323 1995 1357 custodia

240 1375 382 1420 publica
409 1376 497 1409 duas
523 1376 661 1410 servari
687 1376 820 1419 strigas
850 1376 1006 1421 (Hexen)
1043 1376 1263 1416 lutheranas,
1299 1387 1430 1420 easque
1457 1376 1585 1420 capitis
1620 1376 1676 1410 vel
1704 1377 1774 1410 iam
1809 1377 1996 1410 damnatas

239 1428 298 1463 vel
324 1429 484 1474 proxime
510 1429 748 1470 damnandasj.
776 1429 1060 1464 Lutheranorum
1079 1432 1198 1464 autem
1224 1429 1407 1463 ministros
1433 1429 1566 1463 nullam
1593 1429 1644 1463 eis
1670 1429 1834 1463 iuvandis
1853 1440 1996 1474 operam

241 1482 336 1523 dare,
362 1483 424 1516 sed
451 1482 670 1516 miserrimas
695 1482 863 1516 mulieres
882 1483 1044 1518 desertas
1070 1494 1149 1517 esse
1175 1482 1268 1527 pati;
1297 1482 1450 1516 accessit
1475 1482 1561 1527 ipse,
1588 1494 1649 1516 eas
1675 1482 1718 1516 ad
1744 1482 1848 1516 fidem
1878 1482 1996 1516 catho-

241 1535 347 1569 licam
373 1535 540 1577 instituit,
567 1535 602 1569 in
629 1535 817 1570 ecclesiam
844 1536 988 1581 recepit,
1024 1537 1179 1570 omnium
1206 1538 1433 1580 peccatorum
1460 1535 1683 1569 absolutione
1709 1535 1855 1569 donavit
1883 1535 1996 1579 (317).

241 1588 347 1632 Apud
381 1589 501 1622 sedern
529 1588 762 1633 apostolicam
788 1588 952 1624 Canisius
977 1600 1119 1634 semper
1145 1588 1401 1623 Germanorum
1429 1599 1572 1623 suorum
1599 1588 1709 1622 fidum
1735 1599 1773 1622 se
1792 1588 1998 1633 praestabat

242 1644 449 1686 patronum3
486 1641 552 1675 hoc
578 1641 701 1675 multis
726 1642 796 1675 iam
823 1642 970 1686 probavi
996 1642 1122 1683 factis;
1156 1642 1206 1675 ita
1232 1641 1341 1676 etiam
1367 1641 1583 1675 cardinalem
1610 1641 1790 1675 Amulium
1816 1643 1932 1684 urget,
1958 1644 1998 1674 ut

243 1694 450 1729 confirmato
477 1694 743 1739 archiepiscopo
774 1695 973 1729 treverensi
999 1695 1210 1729 facultatem
1237 1694 1433 1739 provideat.
1472 1705 1542 1738 qua
1575 1694 1607 1728 is
1641 1694 1799 1738 quolibet
1833 1694 1909 1728 loco
1935 1706 1999 1738 per

243 1747 389 1791 quosvis
416 1747 600 1792 episcopos
618 1748 818 1782 consecrari
844 1748 957 1793 possit
975 1748 1162 1793 episcopus
1183 1748 1303 1791 (134);
1332 1747 1540 1781 confirmato
1559 1747 1723 1792 episcopo
1741 1747 1999 1789 osnaburgensi

242 1812 306 1845 per
337 1800 485 1834 eundem
521 1800 737 1835 cardinalem
772 1801 839 1835 hoc
863 1801 1055 1846 impetrare
1089 1801 1221 1842 studet,
1259 1803 1298 1834 ut
1324 1801 1367 1834 ob
1393 1800 1639 1845 episcoporum
1665 1800 1881 1845 paucitatem
1907 1811 2000 1834 unus

243 1853 433 1898 episcopus
447 1853 583 1888 duobus
602 1853 789 1888 abbatibus
805 1855 1005 1889 astantibus
1023 1856 1139 1899 ipsum
1158 1865 1366 1888 consecrare
1383 1854 1497 1898 possit
1518 1852 1616 1896 (581)
1631 1866 1639 1888 ε
1666 1853 1799 1887 curiam
1816 1864 1998 1887 romanam

244 1909 358 1950 rogat,
384 1909 424 1940 ut
449 1906 484 1940 in
516 1909 620 1949 „taxa
646 1907 781 1952 pallii“,
813 1918 919 1951 quam
955 1910 1096 1948 vocant,
1131 1919 1151 1941 a
1176 1919 1269 1941 novo
1303 1906 1569 1951 archiepiscopo
1596 1905 1788 1940 coloniensi
1822 1906 1999 1949 exigenda

245 1971 421 1993 memores
455 1960 527 1993 sint
561 1960 681 2003 magni
716 1960 810 1994 aeris
844 1960 961 2001 alieni,
998 1972 1066 2004 quo
1101 1959 1375 1994 archidioecesis
1409 1959 1470 1993 illa
1504 1962 1687 2004 prematur
1724 1959 1842 2002 (174);
1879 1958 2000 1993 Socios

244 2024 409 2047 romanos
434 2012 627 2046 identidem
653 2015 767 2055 rogat,
802 2016 843 2047 ut
876 2025 976 2058 opem
1013 2014 1131 2047 ferant
1165 2012 1380 2057 reipublicae
1415 2012 1607 2047 coloniensi
1640 2012 1833 2054 „indultum
1870 2012 1998 2046 tertiae

245 2067 402 2110 gratiae“
433 2065 468 2099 in
494 2065 743 2100 universitatis
778 2078 865 2100 suae
899 2066 1053 2109 gratiam
1080 2067 1124 2100 ad
1155 2067 1195 2101 12
1224 2077 1334 2100 annos
1360 2077 1380 2099 a
1406 2066 1489 2099 sede
1524 2065 1720 2110 apostolica
1751 2065 1886 2110 petenti
1915 2065 1999 2108 (172

246 2120 314 2154 222
341 2118 439 2162 257).
490 2118 630 2160 Quanta
656 2120 806 2153 caritate
825 2118 989 2154 Canisius
1015 2119 1196 2154 Sociorum
1222 2131 1291 2153 non
1317 2119 1431 2153 solum
1458 2119 1605 2159 animos,
1630 2118 1693 2152 sed
1719 2118 1826 2152 etiam
1852 2130 2000 2163 corpora

247 2173 412 2208 curabat!
464 2171 552 2206 Cum
587 2172 653 2206 duo
690 2172 741 2206 illi
774 2173 979 2207 sacerdotes
1005 2173 1177 2215 germani,
1213 2184 1301 2216 quos
1336 2183 1444 2216 supra
1469 2171 1554 2212 dixi,
1589 2171 1625 2204 in
1660 2171 1800 2206 Italiam
1836 2170 2000 2205 arcessiti

247 2228 378 2267 essent,
404 2228 444 2259 ut
469 2225 504 2259 in
531 2225 622 2259 aulis
639 2225 846 2260 ferrariensi
872 2228 907 2259 et
923 2226 1111 2260 florentina
1129 2225 1241 2259 sacris
1259 2227 1500 2270 operarentur,
1528 2224 1691 2259 Canisius
1717 2224 1751 2258 S.
1770 2224 2000 2258 Franciscum

249 2280 416 2323 Borgiam
443 2278 686 2323 praepositum
712 2279 916 2321 generalem
942 2279 1088 2320 monuit,
1125 2278 1321 2313 Germanos
1356 2277 1482 2318 oleum,
1518 2288 1586 2321 quo
1613 2277 1694 2311 Itali
1729 2277 1826 2311 cibos
1858 2277 2001 2311 condire

249 2333 416 2374 solerent,
442 2332 536 2366 ferre
553 2343 623 2366 non
640 2343 745 2376 posse
774 2331 886 2375 (120).
921 2331 1112 2366 Societatis
1130 2331 1432 2374 congregationen
1450 2330 1655 2373 generalem
1673 2330 1825 2374 rogavit,
1852 2330 2001 2371 videret,

249 2398 293 2420 ne
320 2385 510 2420 Societatis
535 2385 684 2419 iuvenes
709 2385 907 2419 studiorum
935 2396 1043 2419 causa
1069 2385 1217 2418 Romam
1243 2383 1344 2418 missi
1369 2383 1404 2417 in
1431 2383 1616 2417 scribendo
1642 2383 1740 2416 nimii
1776 2386 1914 2421 essent3
1950 2383 2002 2416 ita

250 2439 342 2473 enim
378 2449 498 2472 eorum
533 2437 777 2472 valetudinem
811 2437 1062 2472 detrimentum
1097 2448 1283 2482 passuram
1319 2448 1397 2470 esse
1427 2436 1524 2479 (79);
1560 2436 1666 2480 petiit
1700 2435 1828 2477 etiam,
1867 2439 1907 2470 ut
1941 2435 2002 2480 qui

251 2492 363 2526 Roma
388 2492 424 2525 in
451 2490 679 2525 Germaniam
704 2490 869 2525 mittendi
895 2492 1024 2531 essent,
1061 2490 1245 2524 honestius
1272 2490 1490 2523 vestirentur
1518 2488 1607 2531 (79).
1659 2488 1747 2522 Cum
1773 2500 1836 2533 per
1863 2488 2001 2533 Spiram

250 2544 429 2579 transiens
455 2544 493 2577 P.
512 2543 741 2578 Lambertum
759 2544 855 2577 Auer
880 2543 981 2577 binas
999 2543 1122 2577 eodem
1140 2543 1196 2576 die
1214 2543 1394 2576 contiones
1412 2542 1542 2576 habere
1560 2541 1768 2583 audivisset,
1794 2541 2004 2575 hortabatur

252 2609 343 2638 eum,
370 2600 410 2631 ut
435 2597 471 2630 in
497 2599 678 2641 posterum
704 2596 816 2630 semel
840 2598 980 2630 tantum
1007 2596 1160 2635 diceret;
1189 2607 1303 2639 neque
1329 2596 1421 2629 enim
1449 2595 1528 2639 plus
1552 2595 1627 2628 eius
1653 2594 1749 2628 vires
1774 2594 1868 2628 ferre
1889 2593 2002 2637 (188).

371 2651 403 2684 5.
430 2651 532 2684 Anno
558 2650 649 2684 1566
668 2649 844 2683 Henricus
868 2649 1065 2683 Pantaleon
1090 2648 1278 2691 theologus
1303 2648 1539 2691 zwinglianus
1565 2650 1601 2681 et
1618 2647 1776 2681 medicus
1794 2646 2004 2681 basileensis

252 2703 289 2737 in
319 2702 647 2747 „Prosopographia
673 2702 830 2736 Heroum
855 2702 966 2736 totius
993 2701 1222 2736 Germaniae“
1254 2701 1417 2735 Basileae
1443 2700 1538 2734 edita
1565 2699 1746 2734 Canisium
1781 2701 1815 2732 in
1846 2699 2002 2733 virorum

253 2756 447 2790 illustrium
475 2755 686 2790 Germaniae
719 2767 866 2789 numero
891 2755 1072 2788 recensuit
1106 2754 1251 2797 eiusque
1277 2754 1469 2796 ingenium,
1505 2752 1718 2792 facundiam,
1754 2751 2003 2786 auctoritatem

254 2809 419 2843 laudibus
445 2808 575 2842 extulit
599 2808 712 2851 (850).
751 2808 870 2842 Maius
895 2810 961 2848 est,
988 2807 1079 2851 quod
1108 2807 1163 2850 (ut
1189 2819 1233 2840 ex
1258 2807 1324 2841 hoc
1341 2806 1519 2851 prooemio
1537 2806 1627 2840 satis
1644 2805 1759 2850 patet)
1788 2804 1884 2838 hisce
1902 2805 2005 2839 annis

254 2860 508 2895 studiosissimi
533 2861 613 2894 fidei
641 2860 837 2895 catholicae
862 2863 1156 2905 propugnatores,
1183 2862 1222 2893 ut
1241 2859 1393 2894 Sanctus
1411 2859 1623 2893 Franciscus
1642 2857 1802 2900 Borgias,
1829 2857 2004 2898 Amulius,

257 2914 550 2955 Commendonus,
577 2914 719 2953 Hosius,
745 2913 944 2948 Truchsess
961 2912 1170 2953 cardinales,
1196 2912 1440 2946 Ferdinandus
1458 2912 1501 2946 Il.
1528 2910 1702 2945 archidux
1727 2912 1763 2943 et
1788 2910 2004 2944 venerabilis

258 2965 473 3009 Magdalena
497 2966 572 3000 eius
598 2977 707 3007 soror,
733 2966 867 3000 Eckius
893 2965 1126 3000 cancellarius
1153 2965 1334 2999 Canisium
1360 2964 1481 3007 magni
1514 2962 1767 3002 aestimabant,
1803 2965 1910 3006 atque
1936 2962 2004 3007 ipsi

257 3019 365 3053 etiam
384 3019 489 3053 huius
514 3019 684 3063 temporis
702 3019 897 3063 pontifices,
924 3018 1010 3052 Pius
1028 3017 1078 3052 IV
1104 3020 1140 3052 et
1157 3017 1374 3052 fortissimus
1400 3017 1461 3051 ille
1479 3016 1651 3050 ecclesiae
1670 3015 1834 3049 defensor
1851 3016 2005 3050 Sanctus

259 3072 344 3106 Pius
368 3070 412 3112 V,
439 3071 514 3105 eius
540 3071 687 3105 consilia
713 3072 949 3115 exquirebant
973 3075 1009 3105 et
1034 3071 1205 3113 gravibus
1231 3071 1267 3104 in
1292 3071 1397 3104 rebus
1423 3071 1499 3103 eius
1525 3079 1632 3113 opera
1656 3067 1858 3102 utebantur.
