2045 3471
274 204 374 239 1389.
403 204 436 238 S.
456 203 670 238 Franciseus
696 202 739 236 de
766 201 896 244 Borgia
923 199 1075 234 Canisio.
1120 198 1232 233 Roma
1260 199 1315 233 ⁴25.
1335 198 1410 233 Ian.
1432 197 1533 232 1567.
1729 198 1812 239 383

173 322 340 356 &anisius
365 322 515 364 Dile'nya
542 324 597 355 31.
626 321 797 353 [cannara
825 321 916 353 1567
948 319 983 352 S.
1010 318 1207 351 Francisco
1233 317 1388 360 Boryiae
1417 316 1623 359 praeposito
1655 314 1815 358 yenerali

52 375 135 409 haec
160 375 295 409 rettulit
320 375 361 408 de
387 374 566 407 cardinali
588 374 709 407 Ottone
732 373 930 414 Truchsess,
957 373 1019 415 qui
1042 381 1086 404 m.
1102 370 1290 404 Novembri
1310 371 1401 403 1560·
1427 369 1564 402 litteras
1587 368 1815 410 fundationis

53 429 186 472 colleyii
217 428 397 471 dilinyani
432 438 454 460 a
488 438 523 460 se
558 427 758 460 emendatas
784 426 939 468 Boryiae
963 425 1108 457 miserat
1132 423 1200 465 [cf.
1228 423 1329 464 infra
1357 433 1447 455 mon.
1475 422 1536 454 dil.
1566 421 1695 463 ('22)]:
1732 420 1814 463 „Ha

54 485 216 514 receuuto
234 481 261 513 li
281 481 388 523 panti
405 481 459 513 del
478 480 595 513 Padre
613 480 767 512 Polanco
787 480 883 511 circa
901 479 937 511 la
955 478 1163 511 correttione
1180 476 1235 508 del
1252 485 1315 508 suo
1334 476 1566 509 instrumento
1581 474 1602 515 ¹,
1622 478 1651 507 et
1669 473 1815 506 hauemo

52 535 173 568 scritto
190 535 226 567 al
243 534 362 567 Padre
379 534 580 576 Visitatore,
607 532 667 566 elce
684 534 716 565 ci
732 533 858 565 mandi
878 532 903 564 il
920 541 983 564 suo
995 541 1127 574 parere
1144 529 1199 561 del
1216 525 1338 561 tutto.“
1375 528 1421 560 Et
1444 528 1554 570 paulo
1582 527 1706 569 infra:
1732 526 1816 569 „Ha

53 588 213 621 concluso
239 588 278 620 di
305 587 402 620 aoler
426 587 508 628 fare
533 587 570 619 la
596 596 663 619 sua
689 585 815 618 sinodo
832 585 1033 618 Diocesana
1059 584 1148 625 dopo
1175 582 1210 614 la
1230 580 1378 624 pascha.
1498 580 1593 613 Onde
1617 580 1671 612 lui
1687 580 1816 612 uorria

54 641 136 684 oyni
162 640 272 680 modo,
308 640 367 672 clze
392 640 425 672 io
451 639 616 672 lzauendo
641 639 742 680 finito
767 638 798 671 le
817 637 988 680 prediche
1012 637 1051 669 in
1077 634 1276 678 Herbipoli,
1311 644 1364 666 me
1389 638 1549 666 trouasse
1575 632 1637 675 qut
1658 636 1818 675 presente

52 704 117 737 per
142 694 344 736 ayqiutarlo
369 697 398 725 et
424 692 483 725 che
501 692 538 726 V.
557 692 596 725 P.
622 702 657 724 se
683 692 848 733 deyitasse
874 690 1090 723 concedermi
1116 692 1235 732 questa
1262 687 1415 720 licentia.
1451 686 1508 719 Ho
1534 686 1655 718 scritto
1682 695 1817 717 ancora

53 756 161 789 sopra
186 747 238 779 cio
264 746 300 778 al
321 757 357 788 p.
378 743 581 778 Visitator.“
618 744 779 777 Eandem
797 744 994 786 epistulam,
1020 743 1092 775 nis-i
1108 741 1233 784 fallor,
1261 739 1428 773 Canisius
1448 740 1552 772 etiam
1577 738 1753 781 siqnificat
1781 738 1818 769 iu

55 799 181 832 litteris
208 800 236 832 6.
265 798 462 831 Februarii
488 800 579 831 1567
605 798 652 830 ad
678 797 849 840 Boryiam
876 797 971 829 datis
978 808 992 837 ,·
1019 796 1066 828 ibi
1091 795 1182 827 enim
1210 793 1307 837 apud
1333 792 1505 835 Boryiam
1533 791 1655 832 (cuius
1681 790 1819 823 nomine

56 851 233 885 Polancus
258 849 433 894 „puncta“
461 851 526 884 illa
551 851 621 883 sire
646 850 764 892 capita
789 849 954 889 miserat)
981 858 1151 882 eoecusare
1177 850 1207 880 et
1227 856 1390 889 puryare
1415 845 1527 878 studet
1552 843 1728 885 Natalem,
1758 844 1819 884 qui

56 905 94 937 vin
119 904 332 946 fundatione
357 904 546 946 dilinyana
574 903 755 945 colleyium
783 902 967 935 Societatis
1003 904 1131 945 „caput
1166 903 1195 932 et
1230 898 1423 931 membrum
1443 896 1651 940 principale
1686 895 1820 938 colleyii

59 957 94 991 S.
121 955 356 1000 Ηῐθνοηῃνηία
385 957 637 1000 appellandum
663 959 849 988 curaverat
860 967 873 997 ,·
908 955 1033 987 deinde
1067 954 1162 993 dicit,
1198 953 1351 993 fortasse
1386 961 1426 984 ea
1461 951 1502 982 de
1536 960 1576 982 re
1600 949 1820 992 scripturum

58 1021 126 1044 esse
151 1012 265 1053 ipsum
291 1011 466 1052 Natalem,
494 1010 657 1053 „alquale
683 1009 710 1041 lt
735 1009 922 1041 leabbiamo
949 1009 1031 1041 dato
1057 1005 1260 1049 raquiaylio
1287 1005 1342 1037 del
1367 1001 1489 1037 tutto“.
1535 1002 1680 1035 Natalis
1705 1005 1820 1034 atatem

58 1064 105 1096 ad
129 1063 284 1106 Boryiae
318 1063 502 1106 epistulam
527 1063 642 1096 Roma
673 1063 704 1095 8.
732 1062 904 1094 Ianum-ti.
931 1063 1022 1094 1567
1049 1061 1168 1093 (latam
1194 1058 1383 1100 Illoyuntia
1410 1059 1466 1090 20.
1493 1055 1690 1089 Februarii
1719 1057 1820 1097 1567,

59 1127 126 1160 quo
160 1117 216 1149 (lie
250 1117 398 1159 epistula
437 1117 500 1149 illa
536 1117 606 1158 ipsi
640 1115 752 1148 allata
779 1119 865 1158 erat,
900 1114 1134 1156 respondens:
1170 1111 1287 1155 „Delli
1314 1108 1460 1154 punti“,
1496 1110 1631 1152 inquit,
1670 1108 1750 1151 „che
1783 1108 1822 1140 di

55 1169 121 1213 piu
159 1169 206 1203 ha
243 1170 356 1203 notati
393 1170 429 1202 la
463 1169 648 1202 Pater-nita
683 1168 721 1201 V.
759 1168 812 1201 nel
855 1171 1029 1200 coutratto
1070 1166 1111 1198 de
1145 1165 1315 1207 Dilinya,
1356 1165 1401 1196 m’
1429 1163 1570 1196 haueua
1605 1163 1666 1205 yla
1700 1161 1822 1194 scritto

60 1223 216 1256 Maestro
245 1224 389 1257 Canisio
424 1227 454 1256 et
481 1223 507 1255 il
530 1233 595 1255 suo
619 1221 788 1263 fratello²
814 1221 973 1263 dicendo,
1009 1219 1068 1252 che
1093 1230 1145 1251 me
1171 1219 1198 1251 li
1222 1218 1454 1250 rizandauano
1489 1221 1519 1249 et
1544 1226 1615 1249 non
1649 1215 1675 1247 li
1700 1214 1821 1246 hanno

60 1277 232 1320 mandati,
258 1277 285 1309 il
302 1277 486 1309 mede-simo
512 1288 564 1308 me
587 1276 662 1308 dice
689 1276 724 1307 la
743 1275 781 1308 P.
801 1275 838 1307 V.
859 1274 952 1306 nella
970 1284 1048 1315 sua,
1074 1276 1104 1305 et
1129 1271 1232 1304 credo
1257 1273 1284 1303 s’
1304 1270 1319 1301 ὲ
1344 1270 1548 1303 srnenticato
1574 1269 1614 1301 di
1638 1267 1822 1313 ncarzdarli

63 1330 87 1362 il
104 1329 222 1362 Padre
243 1331 361 1363 Gioan
380 1329 592 1362 Fer-nandez
604 1328 626 1361 ³.
648 1354 654 1360 .
673 1354 703 1360 ..
744 1328 813 1360 Per
839 1328 866 1360 lz'
892 1327 951 1360 (ἷοί’
975 1324 1186 1369 philosophi,
1211 1325 1326 1365 fanno
1352 1323 1456 1356 molto
1481 1333 1575 1364 yran
1601 1322 1769 1354 instanza
1796 1320 1822 1351 li

61 1382 121 1415 doi
149 1382 320 1426 Canisiss,
357 1387 386 1415 et
421 1383 610 1415 realmente
640 1381 756 1424 padre
781 1390 866 1413 sono
893 1380 1093 1421 necessarij,
1128 1379 1164 1410 la
1191 1377 1228 1410 P.
1256 1377 1294 1410 V.
1315 1376 1436 1419 padre
1459 1387 1524 1418 per
1549 1385 1652 1407 anwr
1686 1374 1726 1406 de
1752 1373 1823 1405 Dio

56 1436 230 1479 proneda.
284 1436 422 1478 Quanto
449 1435 471 1468 a
496 1435 683 1478 Herbipoli
709 1434 752 1466 h«)
778 1433 936 1466 dubitato
967 1434 1000 1465 io
1034 1442 1068 1464 se
1105 1432 1130 1464 il
1157 1431 1274 1463 Padre
1303 1430 1448 1463 Canise'o
1474 1427 1673 1461 andarebbe
1703 1437 1770 1469 per
1795 1425 1823 1458 li

62 1491 202 1522 rumora·
236 1489 296 1522 clce
321 1491 352 1522 ci
376 1499 461 1522 sono
488 1489 525 1521 di
548 1498 683 1531 yuerra
710 1491 834 1520 contra
861 1486 883 1518 l’
904 1485 1041 1518 inimici
1066 1485 1104 1516 di
1130 1483 1245 1527 quella
1272 1483 1342 1516 cita
1377 1486 1407 1514 et
1426 1492 1544 1524 paese,
1580 1485 1609 1513 et
1637 1480 1739 1512 credo
1766 1478 1823 1511 che

56 1552 125 1584 per
152 1546 269 1586 questo
303 1543 331 1575 il
360 1542 554 1575 Cardinale
581 1541 746 1582 (secondo
773 1540 832 1573 che
857 1540 885 1572 il
911 1539 1029 1571 Padre
1057 1537 1203 1570 Cauisz‘o
1228 1537 1277 1569 mi
1301 1537 1438 1575 scriue)
1478 1534 1524 1567 ha
1549 1534 1664 1576 fattoa
1689 1530 1749 1576 [ἓ]
1777 1542 1824 1565 uu

64 1595 191 1628 huomo
218 1595 240 1628 a
252 1600 356 1638 posta
382 1595 418 1628 al
437 1596 610 1628 Vescouo⁵
632 1605 699 1637 per
723 1594 848 1628 uedere
873 1603 909 1625 se
927 1590 1121 1634 conuenylti
1147 1590 1206 1622 che
1223 1590 1276 1622 lui
1295 1589 1376 1621 cadi
1402 1588 1424 1620 (ὶ
1441 1588 1627 1630 predicare
1652 1585 1687 1618 la
1706 1588 1825 1628 questa

65 1650 280 1692 quaresima,
305 1659 377 1682 uon
402 1648 440 1681 so
467 1649 525 1681 che
550 1649 582 1681 si
605 1658 692 1681 sara
717 1646 841 1689 fatto.“

184 1712 272 1746 Cum
298 1713 449 1747 Ioannes
467 1712 670 1746 Fridericus
689 1711 866 1746 Saxoniae
893 1710 964 1743 dux
992 1708 1204 1743 lutheranus
1230 1708 1266 1741 et
1284 1706 1498 1741 Guilielmus
1526 1714 1635 1748 eques
1661 1714 1681 1736 a
1701 1701 1825 1735 Grum-

64 1764 155 1799 bach
182 1768 218 1799 et
242 1766 320 1811 ipse
338 1765 559 1807 lutheranus,
579 1766 639 1809 qui
659 1763 879 1809 Hei-bipolim
899 1775 930 1798 a.
947 1762 1035 1797 1563
1054 1761 1290 1806 expilaverat,
1318 1771 1348 1794 a.
1364 1759 1454 1794 1566
1478 1770 1498 1792 a
1516 1754 1763 1791 Maximiliano
1781 1753 1825 1788 IL

64 1818 279 1863 imperatore
314 1819 514 1864 proscripti,
551 1820 582 1852 ei
618 1818 765 1861 obsequi
801 1818 1049 1856 recusassent,
1089 1813 1316 1859 imperatoris
1351 1812 1522 1846 mandatu
1549 1808 1729 1844 exercitus
1755 1808 1824 1840 Au-

66 1872 163 1915 gusti
190 1872 365 1907 Saxoniae
391 1873 559 1907 electoris
593 1883 612 1905 a
646 1883 691 1905 ni.
718 1869 907 1904 Decembri
936 1870 1025 1904 1566
1062 1868 1105 1902 ad
1132 1866 1292 1912 Aprilem
1322 1866 1409 1900 1567
1439 1864 1593 1899 Gotham
1620 1862 1754 1902 urbem,
1790 1860 1825 1893 in

66 1936 172 1969 quam
208 1936 246 1959 se
272 1928 491 1971 receperant,
527 1925 563 1958 in
589 1925 770 1959 obsidione
796 1923 922 1957 tenuit.
974 1921 1151 1955 Ferebant
1182 1922 1303 1954 autem
1330 1919 1522 1953 Ernestum
1558 1928 1578 1950 a
1604 1913 1826 1949 Mandelsloe

66 1989 146 2012 cum
172 1978 295 2014 multis
320 1979 492 2013 militibus
519 1978 751 2012 conducticiis
785 1976 829 2011 iis
865 1975 1049 2021 suppetias
1085 1974 1242 2008 laturum
1269 1984 1349 2007 esse
1378 1972 1548 2015 (Jansseu
1573 1970 1594 2003 l.
1622 1980 1652 2003 c.
1680 1965 1825 2001 1V¹⁵-¹⁶

66 2031 284 2075 249—252).
328 2032 405 2074 Qua
430 2044 468 2065 re
495 2031 602 2065 etiam
630 2031 859 2075 episcopatus
885 2028 1146 2074 herbipolensis
1172 2027 1348 2061 Saxoniae
1374 2025 1548 2059 finitimus
1575 2024 1610 2056 in
1636 2021 1825 2056 discrimen

67 2085 272 2119 vocabatur.

68 2187 222 2225 1389.
330 2187 633 2225 SANCTUS
669 2184 1095 2223 FRANGISCUS
1134 2184 1226 2221 DE
1265 2180 1560 2224 BORGIA,
1603 2178 1828 2225 praepositus

258 2242 436 2286 generalis
460 2241 649 2276 Societatis
674 2241 765 2283 Iesu,
793 2239 993 2276 CANISIO.
1283 2238 1394 2271 Roma
1421 2237 1476 2270 25.
1495 2233 1650 2269 Ianuarii
1679 2232 1778 2266 1567.

80 2359 87 2362 .
188 2307 242 2341 Ex
268 2319 391 2352 apogr.
418 2307 529 2341 eiusd.
555 2310 683 2351 temp.;
712 2307 745 2340 in
773 2306 945 2349 margine,
973 2305 1096 2339 eadem
1122 2315 1249 2338 manu:
1292 2303 1479 2345 „Augusta
1506 2300 1621 2334 Padre
1648 2297 1824 2332 Canisio“.

70 2360 153 2395 (jod.
185 2360 324 2402 „Germ.
351 2361 414 2394 65²
446 2360 469 2394 f.
496 2360 729 2394 220b—22121.

189 2433 346 2466 Litterae
371 2443 514 2465 annuae
540 2431 672 2464 allatae
696 2435 788 2465 sunt.
839 2431 892 2464 De
918 2430 1059 2472 colleyc'o
1087 2428 1274 2471 Herbipoli
1302 2426 1499 2459 incoliando
1526 2424 1723 2465 definietur,
1751 2431 1825 2454 cum

71 2487 221 2529 episcopi
258 2486 396 2518 litterae
429 2485 579 2518 Romam
601 2485 762 2528 perlatae
787 2488 901 2517 erunt.
951 2483 1124 2516 Fac-ultas
1159 2481 1360 2514 absolvendi
1394 2479 1550 2512 homines
1586 2478 1620 2509 in
1656 2476 1827 2508 haeresim

72 2539 228 2582 relapsos
257 2538 400 2572 Canisio
434 2543 463 2571 et
488 2538 693 2581 rectoribus,
729 2538 790 2580 qui
824 2538 872 2570 ad
908 2537 944 2569 id
981 2537 1097 2569 idonei
1129 2536 1194 2567 cisi
1219 2538 1333 2573 erunt,
1370 2531 1582 2573 conceditur,
1616 2531 1665 2562 ita
1701 2534 1827 2570 tamen,

74 2596 109 2626 ut
134 2592 314 2624 abitu-atio
340 2591 495 2624 haeresis
521 2601 639 2624 corant
674 2593 696 2623 2
730 2591 871 2624 testibus
896 2590 976 2631 fieri
1011 2594 1040 2622 et
1076 2599 1098 2620 a
1125 2589 1263 2630 relapso
1301 2586 1349 2618 rel
1384 2585 1455 2617 alio
1491 2582 1663 2616 subscribi
1688 2581 1829 2620 debeat;

73 2649 225 2678 attamen
253 2645 450 2687 curabitur,
484 2649 519 2677 ut
545 2645 703 2677 condicio
729 2644 927 2677 abjurandi
952 2654 994 2675 ea:
1021 2653 1060 2674 ca
1085 2641 1255 2683 facultate
1280 2639 1438 2672 tollatur.
1493 2637 1570 2669 Post
1597 2634 1732 2668 Pascha
1758 2634 1828 2668 cluo

191 2717 218 2745 a)
241 2714 440 2745 Leyendumne
461 2716 518 2738 est:
537 2712 576 2738 ha
595 2712 673 2738 fatto
695 2712 829 2738 andare?
856 2713 921 2737 Vel:
943 2711 981 2736 ha
1002 2710 1167 2736 mandato?

197 2809 204 2829 ¹
231 2809 329 2842 Haec
355 2809 473 2853 capita
499 2819 579 2842 cum
606 2808 759 2850 Borgiae
786 2807 941 2852 epistula
968 2806 1080 2840 Roma
1107 2806 1138 2839 S.
1166 2802 1321 2837 Ianuarii
1351 2802 1439 2835 1:367
1468 2801 1511 2834 ad
1540 2799 1719 2834 Ganisium
1746 2799 1828 2832 data

74 2861 240 2896 videntur
266 2873 344 2896 esse
370 2862 482 2895 missa
509 2861 607 2904 (vide
625 2872 734 2905 supra
753 2872 784 2905 p.
805 2860 911 2903 375);
939 2870 1049 2903 quare
1076 2857 1151 2891 fieri
1179 2859 1329 2901 poterat,
1359 2860 1396 2887 ut
1415 2854 1470 2887 22.
1492 2852 1646 2887 Ianuarii
1664 2851 1829 2896 Dilingae

76 2917 216 2959 praesto
243 2917 374 2949 essent.

194 2967 206 2987 2
232 2967 271 3001 P.
298 2967 538 3001 Theodoricus
565 2966 740 3007 Canisius,
767 2969 884 3000 rector
911 2964 1050 3007 collegii
1079 2962 1262 3005 dilingani.

195 3021 207 3040 3
233 3020 384 3064 Borgiae
414 3019 591 3054 librarius.

196 3074 207 3093 ⁴
236 3072 413 3117 Dilingani
439 3084 548 3106 unum
585 3073 719 3106 duosve
746 3071 866 3105 Socios
904 3069 996 3103 mitti
1035 3068 1242 3112 cupiebant,
1282 3066 1339 3109 qui
1378 3066 1410 3099 in
1449 3065 1685 3100 universitate
1720 3064 1828 3109 philo-

78 3125 238 3170 sophiam
264 3126 465 3166 traderent;
492 3126 574 3159 vide
601 3135 709 3169 supra
736 3136 768 3167 p.
796 3124 875 3157 363.

198 3179 210 3197 ⁶
235 3178 413 3212 Friderieo
440 3190 459 3212 a
478 3178 676 3220 Wirsberg.
