2077 3461
352 190 453 225 1202.
482 189 647 224 Canisius
675 187 853 223 Stanislao
879 187 1002 222 Hosio.
1041 186 1187 229 Dilinga
1216 186 1268 220 16.
1288 185 1390 219 Febr.
1412 185 1513 219 1565.
1763 185 1812 226 19

57 317 238 365 eosque²
281 309 473 352 nonnihil
519 308 726 362 probatos
773 306 982 361 paulatim
1025 305 1294 359 recipiemus.
1364 303 1601 345 Plurimum
1643 316 1722 344 nos
1766 316 1816 344 ac

55 380 227 419 nostros
269 388 416 417 omnes
449 373 630 415 Domino
665 372 858 426 cupimus
897 370 1186 423 commendarj
1229 383 1306 423 per
1339 368 1551 410 sacrificia
1584 382 1634 410 ac
1665 380 1815 422 preces

56 443 107 486 R.
130 442 176 484 P.
199 443 301 482 tuae
323 439 365 480 in
390 438 559 480 Christo
583 437 714 479 IESV
738 436 919 479 Domino
943 437 1105 485 nostro,
1141 434 1212 487 qui
1244 448 1366 475 suam
1398 433 1441 474 in
1473 433 1595 475 nobis
1628 432 1815 486 gratiam

56 519 215 560 augere
248 505 462 558 dignetur.
526 502 620 555 Ego
652 502 750 543 hinc
784 501 1000 542 discedam
1032 499 1280 554 propediem
1313 498 1496 540 Domino
1530 498 1720 540 fauente.

173 569 373 623 Dilingae
410 570 461 610 15
487 566 719 620 Februarij
757 567 912 608 15.6.5.

936 631 1097 673 Seruus
1129 629 1172 671 in
1206 628 1374 671 Christo
1408 628 1454 670 P.
1490 627 1698 670 Canisius

173 718 200 768 †
234 715 472 758 Admodum
496 714 751 757 Reuerendo
778 713 822 754 in
845 712 1014 755 Christo
1047 711 1200 766 patrib,
1233 711 1281 752 P.
1305 710 1535 752 Francisco
1569 710 1621 752 de
1643 708 1816 763 Borgia‚

56 782 227 825 Vicario
260 781 452 835 generali
486 779 717 822 Societatis
749 779 867 821 JesU.
929 777 1107 820 Romae.

172 861 348 896 Polancus
368 860 509 895 Canisio
535 860 719 905 respondit
744 871 808 894 suo
827 858 968 892 1101111110
989 859 1042 892 1Ο.
1063 857 1194 899 Martii,
1222 857 1392 891 mandatu
1411 855 1443 891 S.
1463 855 1646 890 Francisci
1666 855 1818 899 Borgiae

59 916 112 951 17.
138 915 257 949 Martii
287 916 386 949 1565.

56 1029 209 1067 1202.
309 1028 525 1065 CANISIUS
554 1028 815 1063 CARDINALl
843 1024 1229 1063 STANISLAO
1257 1024 1489 1068 flssSlO,
1525 1026 1690 1071 episcopo
1726 1025 1819 1070 prin-

220 1083 291 1129 cipi
316 1083 524 1118 varmiensi.
1198 1079 1343 1123 Dilinga
1372 1080 1426 1113 16.
1453 1078 1638 1113 Februarii
1669 1079 1771 1114 1565.

174 1155 229 1189 Ex
255 1154 452 1199 archetypo
481 1153 552 1197 (2⁰;
581 1153 601 1187 3
628 1165 705 1197 pp.;
732 1153 768 1186 in
795 1164 826 1197 p.
853 1153 875 1185 4
903 1152 1009 1185 inser.
1037 1153 1073 1184 et
1098 1150 1196 1193 sig),
1230 1150 1285 1184 0111
1314 1149 1478 1184 Canisius
1503 1149 1579 1194 ipse
1605 1149 1820 1195 subscripsit

60 1209 208 1253 (Seruus
234 1208 331 1251 etc.).
383 1208 467 1242 Cod.
494 1218 634 1241 cracov.
665 1205 787 1248 „Cza1·.
817 1205 926 1239 160&
961 1205 1010 1248 (V.
1042 1204 1126 1237 Can.
1154 1203 1204 1236 IV
1231 1202 1335 1246 LXXI)
1364 1214 1397 1247 p.
1427 1203 1623 1237 195ssl98.

173 1280 339 1313 Albertus
364 1280 402 1312 V.
429 1280 608 1312 Bavarz'ae
639 1279 724 1320 (lux,
762 1276 1019 1310 Ferdt'nanslns
1055 1279 1083 1308 et
1113 1275 1266 1308 Carolus
1292 1275 1464 1306 Austriae
1498 1274 1707 1307 archiduces
1737 1274 1818 1307 reli—

53 1335 172 1377 yt'onz's
202 1333 460 1366 conservandae
493 1343 587 1375 spem
625 1331 806 1364 catholicis
834 1329 1017 1372 praebent.
1072 1328 1282 1361 cardinalis
1308 1329 1542 1370 Auyustanus
1571 1327 1753 1360 Canisc'um
1781 1329 1819 1360 in

51 1389 230 1430 proximis
257 1387 399 1429 imperit
425 1387 572 1419 comitiis
597 1385 665 1417 sibe·
690 1385 809 1417 adesse
834 1384 915 1416 vult.
960 1382 1092 1414 Elec-tio
1121 1382 1200 1414 noce*
1218 1381 1420 1424 praepositi
1446 1380 1640 1414 Societate's.
1692 1381 1820 1414 Laine't'

55 1442 116 1483 pta
141 1450 246 1473 mors.
297 1440 466 1481 Dilinyae
491 1439 611 1471 studia
638 1439 777 1479 florent.
832 1437 1024 1479 Colleye'um
1051 1434 1360 1475 braunsberyense.
1413 1434 1500 1476 Spes
1518 1435 1729 1476 provinciae
1756 1435 1818 1467 So-

57 1494 189 1526 cietatis
204 1493 388 1536 polonicae
407 1492 653 1525 instituendae.
684 1491 956 1524 Contionatores
973 1490 1109 1522 desunt.
1138 1489 1345 1521 Senn'naria
1363 1488 1560 1520 tridentina
1572 1488 1702 1530 paucis
1720 1487 1820 1519 cordi

55 1551 147 1580 sunt.
190 1547 296 1580 Cale'x
322 1547 424 1579 laicis
454 1546 596 1579 concedi
623 1555 692 1578 non
719 1544 823 1577 debet.
864 1543 972 1576 Multi
996 1541 1273 1585 protestantibus
1300 1541 1450 1573 ne'minm
1478 1543 1672 1574 connivent.
1716 1541 1820 1574 Hosti

56 1600 263 1634 liberalitas.

343 1664 436 1706 Pax
469 1663 627 1706 Christi
659 1661 954 1704 Illustrissime
987 1659 1170 1702 Domine
1202 1659 1405 1701 Patrone.

177 1742 279 1784 Cum
304 1755 442 1784 essem
461 1740 690 1794 Monachij‚
711 1739 931 1781 commode
950 1741 1051 1780 sunt
1069 1737 1230 1779 allatae
1254 1736 1356 1778 mihi
1378 1736 1532 1779 literae
1547 1734 1821 1777 Celsitudinis

58 1810 159 1850 tuae
171 1808 203 1849 1:
222 1807 335 1860 quod
352 1806 558 1860 Princeps
573 1804 786 1847 Bauariae
809 1818 904 1845 cum
927 1803 1016 1845 suis
1030 1801 1321 1855 001151110111152
1338 1801 1524 1844 libenter
1540 1800 1818 1853 intelligeret,

59 1887 84 1914 a
105 1873 181 1927 talj
206 1872 424 1914 Praecone
447 1871 614 1924 laudarj
638 1873 842 1912 constans
866 1868 1053 1911 officium
1076 1868 1317 1909 Bauaricae
1348 1867 1498 1908 domus
1530 1866 1573 1907 in
1597 1865 1819 1908 Catholica

57 1938 265 1991 religione
295 1937 605 1986 conseruamla,
641 1939 683 1978 et
715 1935 924 1977 aduersus
958 1934 984 1975 S
996 1948 1022 1975 a
1033 1933 1090 1975 th
1104 1947 1129 1975 a
1141 1947 1166 1974 n
1179 1947 1204 1974 a
1217 1946 1240 1974 0
1274 1932 1301 1974 S
1313 1946 1341 1985 y
1352 1946 1379 1973 n
1392 1946 1416 1973 a
1427 1946 1456 1985 g
1468 1945 1491 1973 o
1503 1945 1531 1985 g
1542 1945 1620 1973 am
1633 1932 1649 1958 3
1681 1930 1819 1972 uindi-

58 2003 207 2045 canda.
271 2002 464 2044 Tueatur
495 2001 618 2043 nobis
650 2000 858 2042 Dominus
891 1999 962 2041 diu
995 1999 1162 2040 saluum
1194 1997 1307 2038 hunc
1339 1997 1595 2051 Principem,
1631 1996 1701 2049 qui
1734 2010 1819 2037 una

58 2082 153 2109 cum
195 2067 359 2109 duobus
391 2066 705 2109 Archiducibus
737 2064 972 2107 Austriae4
1012 2064 1196 2105 multum
1237 2062 1327 2116 spej
1370 2062 1492 2104 nobis
1534 2062 1736 2116 praebete
1774 2061 1818 2102 in

58 2132 361 2175 Catholicismo
393 2132 633 2182 retinendo,
668 2130 868 2184 quicquid
891 2129 1067 2172 tandem
1090 2128 1191 2181 nouj
1215 2127 1388 2170 adferat
1410 2127 1532 2169 nobis
1554 2127 1742 2168 Affrica5
1774 2130 1816 2168 et

61 2198 314 2239 Punicorum
331 2198 437 2239 fides
460 2197 502 2238 in
524 2196 733 2251 proximis
749 2195 922 2250 Imperij
942 2193 1135 2248 Comitijs
1158 2192 1326 2235 tentetd
1339 2193 1367 2235 6.
1400 2193 1521 2234 Haec
1539 2205 1685 2234 mense
1703 2191 1817 2233 Maio

175 2292 202 2322 a)
223 2291 258 2315 In
279 2291 357 2315 arch.
376 2291 508 2321 sequitur
527 2296 575 2322 pa,
594 2290 683 2313 omitt.
747 2287 778 2320 b)
799 2289 833 2312 In
855 2288 934 2312 arch.
949 2287 1082 2318 seqnitur
1102 2292 1145 2317 ac,
1165 2286 1255 2310 oblite.
1322 2285 1345 2316 c)
1367 2283 1515 2317 praebent
1535 2284 1640 2308 archer.
1707 2282 1736 2314 d)
1758 2284 1816 2307 Hoc

60 2340 81 2356 r.
102 2332 137 2356 ab
159 2332 219 2363 ipso
241 2333 268 2357 C.
288 2340 380 2363 supra
403 2339 515 2356 versum
534 2331 676 2362 scriptum
697 2333 745 2355 est.

180 2439 189 2459 ¹
215 2439 290 2473 Has
316 2438 398 2472 vide
428 2439 514 2472 Can.
541 2437 590 2471 IV
619 2436 815 2471 756—758.

175 2492 188 2512 ²
215 2491 434 2536 Praecipuus
451 2491 544 2525 inter
558 2490 696 2525 Alberti
715 2502 748 2524 v.
768 2488 990 2523 consiliarios
1009 2490 1086 2521 erat
1105 2486 1223 2521 Simon
1239 2486 1453 2520 Thaddaeus
1468 2485 1543 2519 Eck
1563 2484 1814 2525 cancellarius;

58 2545 102 2579 cf.
133 2546 219 2579 Can.
246 2545 296 2579 IV
324 2545 424 2579 1049.
689 2544 702 2563 ³
727 2544 804 2587 Apo
830 2543 861 2583 2,
889 2543 929 2581 9;
957 2541 989 2582 3,
1016 2542 1048 2576 9.

176 2600 188 2619 4
214 2597 459 2632 Ferdinandus
497 2597 572 2640 (ΙΙ.)
610 2597 776 2641 princeps
812 2597 889 2629 erat
923 2594 1054 2628 Tirolis
1089 2596 1125 2627 et
1160 2592 1329 2627 Austriae
1365 2592 1515 2632 anticae,
1552 2590 1700 2625 Carolus
1738 2590 1813 2635 (11.)

58 2651 227 2696 Styriam,
255 2651 488 2691 Carinthiam,
516 2649 717 2684 Carniolam
745 2648 905 2692 regebat.

177 2705 189 2725 ⁵
218 2703 386 2749 υΛέγεται
423 2706 461 2737 δὲ
487 2704 543 2736 καὶ
578 2705 616 2736 τὸ
653 2703 730 2745 περὶ
768 2706 830 2746 τῆς
855 2701 984 2745 Λιβύης
1020 2700 1347 2743 παροιμιαζόμενον,
1384 2699 1432 2736 ὡς
1459 2698 1516 2730 ἀεί
1544 2709 1573 2730 τι
1600 2701 1661 2741 τῆς
1686 2696 1817 2742 Λιβύης

59 2758 256 2802 τρεφούσης
292 2758 422 2799 καιιὸν,
459 2758 515 2790 διὰ
551 2757 589 2789 τὸ
622 2757 810 2800 μίγνυσθαι
845 2755 899 2788 καὶ
936 2755 979 2787 τὰ
1009 2755 1058 2797 μὴ
1096 2753 1259 2796 ὁμόφυλα
1295 2752 1455 2795 ἀλλήλοις
1488 2751 1655 2795 λεχθῆναι
1691 2754 1816 2784 vocito:

60 2812 273 2854 Aristoteles,
308 2809 359 2844 De
386 2809 591 2844 animalium
628 2809 856 2852 generatione
883 2807 905 2841 1.
925 2807 956 2848 2,
984 2819 1012 2841 c.
1034 2808 1051 2841 7
1082 2806 1187 2848 (alias
1221 2816 1250 2838 c.
1271 2805 1321 2847 5).
1378 2803 1636 2846 „Multiformes
1668 2803 1715 2837 ibi
1742 2805 1814 2838 ani-

59 2864 203 2897 malium
231 2866 374 2908 partus:
404 2891 410 2897 .
431 2891 437 2898 .
459 2890 465 2896 .
486 2862 587 2896 Unde
614 2862 721 2895 etiam
740 2861 890 2904 vulgare
910 2860 1082 2894 Graeciae
1109 2859 1262 2892 dictum:
1289 2857 1435 2901 Semper
1461 2856 1595 2900 aliquid
1622 2858 1703 2890 novi
1724 2858 1814 2891 Afri-

59 2928 136 2950 cam
172 2916 340 2951 afferre“:
381 2917 415 2950 C.
444 2918 584 2949 Plinius
617 2916 810 2958 Secundus,
847 2912 1007 2948 Historia
1040 2911 1216 2946 naturalis
1248 2910 1270 2944 l.
1298 2911 1329 2951 8,
1365 2921 1393 2944 0.
1424 2910 1476 2944 17.
1527 2910 1578 2944 De
1613 2909 1814 2944 hominibus

59 2970 216 3004 lubricae
241 2970 324 3003 fidei
350 2973 386 3003 et
412 2969 550 3014 cupidis
577 2980 695 3002 rerum
721 2978 896 3001 novarum
923 2966 1012 2999 haec
1039 2964 1257 2998 dicebantur.

178 3024 191 3043 ⁶
220 3022 444 3067 „Compei-ior
463 3021 640 3056 Bocchum
668 3021 784 3063 magis
803 3019 936 3052 Punica
963 3018 1031 3051 fide
1050 3029 1156 3061 quam
1184 3017 1226 3050 ob
1246 3027 1296 3056 ea,
1324 3027 1415 3059 quae
1441 3016 1681 3060 praedicabat,
1707 3017 1814 3051 simul

59 3076 237 3110 Romanos
256 3078 291 3109 ct
307 3075 498 3109 Numidam
524 3086 587 3119 spe
607 3073 705 3119 pacis
724 3072 913 3107 attinuisse
931 3071 1154 3114 multumque
1181 3081 1259 3103 011111
1279 3071 1396 3103 animo
1413 3080 1476 3103 suo
1494 3069 1641 3103 volvero
1658 3070 1813 3111 solitum,

61 3129 268 3173 lugurtham
295 3128 465 3162 Romanis
500 3140 545 3162 an
581 3127 629 3161 illi
658 3126 792 3161 Sullani
829 3124 1005 3158 tradem-ew
1037 3126 1121 3157 etc:
1160 3124 1196 3157 C.
1226 3123 1417 3157 Sallustius
1446 3123 1601 3166 Crispus,
1637 3123 1689 3156 De
1721 3123 1812 3157 bello

59 3182 270 3226 Iugurthino
297 3193 325 3215 c.
355 3182 421 3216 108
451 3180 508 3223 (al.
540 3181 636 3223 116).
686 3179 790 3223 Apud
823 3179 936 3211 Titum
966 3179 1107 3211 Liviam
1145 3176 1312 3221 „perfidia
1347 3175 1426 3220 plus
1461 3187 1568 3219 quam
1594 3177 1746 3210 Punica“
1778 3180 1813 3210 et

1480 3234 1528 3267 2*
