2045 3471
197 202 280 243 706
664 199 759 233 Mon.
780 199 847 233 776
873 198 951 233 sive
976 198 1075 234 herb.
1097 199 1186 243 (11).
1225 199 1257 234 2.
1282 198 1366 243 Apr.
1388 198 1489 233 1567.

194 318 382 361 Ciuitate
415 320 460 360 et
490 317 648 360 diocesi
670 318 1000 372 Herbipolensi²²
1032 317 1329 360 distribuenda
1362 320 1406 360 et
1439 317 1860 361 communicandam.
1901 318 1961 361 Et

195 397 291 425 cum
320 382 452 425 etiam
475 382 528 424 de
551 382 848 424 Sacramentis
870 385 1047 425 exstent
1077 382 1258 432 sincera,
1287 382 1466 436 jutegra
1488 384 1533 423 et
1554 381 1776 424 Catholica
1798 381 1964 435 scripta

194 448 246 492 D.
279 448 398 501 Petrj
433 461 459 489 a
492 447 610 498 Soto,
652 447 855 501 Polancjc
887 449 932 489 et
963 447 1147 489 aliorum
1162 448 1191 496 2,
1235 447 1523 489 exhortentur
1560 460 1729 500 quoque
1761 445 1960 500 Parochj,

194 516 243 556 vt
275 512 457 566 quilibet
488 512 713 566 exemplar
751 511 831 565 sibj
874 514 1004 561 emat,
1047 515 1092 554 et
1122 511 1318 554 fideliter
1341 525 1393 553 ac
1426 511 1658 564 diligenter
1687 511 1821 565 legat,
1862 524 1960 565 per-

193 578 313 631 legat
336 591 386 619 ac
407 577 590 630 relegat,
623 577 682 620 Et
703 576 765 618 sic
786 577 879 631 fierj
902 590 987 618 non
1009 590 1150 631 posse,
1175 576 1277 629 quin
1300 576 1431 618 etiam
1453 576 1583 617 rudes
1606 578 1650 618 et
1667 575 1961 630 jmperitiores

189 641 504 696 jnstruanturd,
539 641 640 694 quid
672 641 836 695 negotij
869 641 1059 694 qualitas
1091 640 1277 694 exigat⁹,
1313 642 1358 682 et
1390 639 1602 693 quomodo
1626 653 1723 682 sese
1754 639 1798 681 in
1830 653 1961 694 opere

192 711 284 750 tam
316 707 386 761 pio
419 710 464 749 et
495 709 645 748 sancto
677 720 831 759 gerere
864 706 1063 748 debeant.

312 773 371 814 Et
402 771 437 825 sj
470 771 583 814 forte
617 773 776 821 essent,
815 771 886 824 quj
919 771 990 812 vel
1021 785 1111 812 rem
1145 770 1284 824 ipsam
1317 784 1401 811 non
1441 769 1738 824 intelligerent
1772 769 1961 823 jdeoque

192 836 358 892 latiorj‘
375 834 436 891 [P]
468 835 779 890 jnformatione
807 835 1069 889 jndigerent,
1103 836 1232 890 prout
1264 835 1459 877 nonnulli
1491 849 1617 877 casus
1648 832 1853 889 satisg[?]
1878 834 1959 876 dif-

191 902 340 953 ficiles,
374 904 418 944 et
440 901 625 943 Consilio
648 915 754 943 sano
783 900 995 954 jndigent,
1029 903 1079 943 vt
1101 914 1205 953 ergo
1228 900 1369 942 sciant
1401 900 1650 943 sacerdotes
1683 899 1958 953 Confessarij,

192 967 248 1009 ad
281 980 406 1021 quem
438 980 516 1020 pro
550 965 726 1008 consilio
760 969 804 1008 et
832 965 1143 1019 jnformatione
1174 965 1485 1007 recurrendum
1525 965 1596 1016 sit,
1639 964 1958 1019 operepretium

192 1032 325 1074 etiam
348 1031 488 1073 visum
511 1030 607 1081 fuit,
631 1033 681 1072 vt
702 1030 1104 1072 Reuerendissimus
1122 1029 1331 1071 Dominus
1349 1029 1589 1084 Episcopus
1607 1029 1958 1084 Herbipolensish

193 1097 372 1150 deputet
394 1095 781 1138 Poenitentiarium
813 1109 1025 1136 summum
1060 1095 1129 1149 quj
1163 1095 1207 1136 in
1239 1094 1319 1136 hoc
1342 1095 1517 1148 negotio
1549 1094 1751 1149 parochis
1772 1094 1959 1136 Consilio

188 1161 485 1215 jndigentibus
506 1163 683 1215 praesto
706 1160 763 1202 sit
785 1162 830 1202 et
851 1162 1078 1201 succurrat
1092 1161 1120 1202 3.
1173 1159 1232 1202 Et
1253 1159 1315 1201 sic
1337 1159 1611 1214 sperandum,
1644 1159 1742 1201 huic
1764 1160 1826 1213 rej
1850 1159 1959 1202 satis

191 1226 331 1268 breuii
361 1227 638 1280 prospectum
671 1239 779 1275 esse,
814 1227 858 1266 et
890 1222 1057 1279 [eam]¹³
1082 1222 1143 1278 [P]
1177 1224 1393 1266 foeliciter
1424 1225 1683 1267 institutam.

311 1291 433 1332 Circa
466 1290 629 1332 Theses
661 1304 687 1331 a
720 1289 975 1331 Reuerendo
1009 1289 1193 1330 Domino
1228 1290 1292 1332 .D.
1317 1289 1487 1331 Canisio
1527 1304 1605 1343 pro
1648 1289 1958 1332 reformatione

191 1355 599 1398 Ecclesiasticarum
630 1368 927 1408 personarum,
962 1353 1223 1407 compositas
1237 1353 1257 1404 ¹,
1292 1356 1336 1396 et
1368 1353 1745 1396 Reuerendissimo
1772 1353 1956 1396 Domino

192 1420 406 1475 Episcopo
438 1420 740 1474 Herbipolensj
776 1418 1066 1469 exhibitasm4,
1109 1422 1240 1472 atque
1282 1432 1307 1460 a
1340 1418 1605 1472 Consiliarijs
1638 1419 1958 1461 Ecclesiasticis

190 1486 446 1540 perlectasn,
487 1485 772 1526 deliberatum
804 1484 899 1535 fuit,
943 1483 1047 1525 Cum
1080 1484 1266 1525 antehac
1298 1483 1469 1537 Dominj
1502 1484 1693 1538 theologj
1736 1484 1788 1525 de
1829 1484 1955 1526 modo

187 1551 485 1605 jnstituendae
517 1549 781 1592 visitationis
813 1548 1125 1591 consultarint⁰
1158 1548 1400 1601 aliquoties,
1435 1552 1479 1591 et
1511 1549 1642 1591 etiam
1676 1551 1817 1591 certos
1850 1549 1956 1592 arti-

192 1616 310 1657 culos
342 1614 606 1658 visitationis
640 1613 973 1668 composuerint,
1015 1613 1479 1667 Reuerendissimoque
1512 1613 1694 1656 Domino
1727 1614 1955 1668 Episcopo,

192 1680 337 1722 debita
378 1680 625 1722 reuerentia
666 1679 939 1733 praesentarj
984 1678 1181 1728 fecerint,
1227 1681 1271 1720 et
1314 1685 1410 1720 resp
1452 1679 1506 1720 ab
1548 1679 1803 1721 executione
1842 1693 1956 1721 nunc

190 1745 416 1799 pendeat<¹‚
450 1745 494 1786 in
526 1744 723 1799 hocipsor
754 1744 835 1798 ipsj
870 1744 1008 1785 adhuc
1041 1742 1376 1798 quiescant³[?].

309 1810 412 1852 Cum
445 1823 550 1851 vero
582 1823 694 1851 nunc
727 1809 890 1850 Theses
927 1809 1082 1863 juditio
1125 1808 1288 1862 optimo
1321 1808 1493 1850 Domini
1535 1809 1597 1850 dr:
1640 1808 1797 1863 Canisij
1840 1808 1954 1851 circa

190 1876 270 1917 hoc
302 1874 523 1927 negotium
547 1873 810 1916 visitationis
842 1874 930 1915 sint
963 1873 1242 1927 compositae,
1278 1887 1331 1914 ex
1364 1873 1517 1926 quibus
1550 1873 1812 1928 conspicitur
1844 1887 1955 1926 quae

190 1939 421 1982 videantur
442 1939 699 1989 necessaria,
732 1939 774 1979 iu
803 1938 1007 1992 juuandis
1040 1939 1200 1980 morbis
1233 1939 1450 1992 collapsae
1474 1938 1566 1980 fere
1588 1938 1822 1988 Ecclesiae,
1857 1952 1953 1980 cum

310 2037 337 2068 a)
359 2037 389 2062 et
408 2036 547 2062 Dioecesi
567 2035 758 2069 herbipolen.
778 2037 812 2060 Jl'.
869 2034 900 2067 b)
922 2037 957 2060 In
977 2037 1002 2060 Α
1022 2039 1185 2067 sequuntur
1207 2044 1265 2060 riu:
1285 2043 1324 2061 ex
1345 2036 1455 2068 quibus
1476 2036 1567 2061 etiam
1586 2034 1679 2061 rudes
1699 2036 1730 2061 et
1746 2035 1955 2068 ⁸imperitiores

187 2077 392 2109 jnstruantur,
417 2077 489 2110 quid
509 2077 623 2109 negotij
645 2077 778 2110 qualitas
800 2077 910 2108 exigat,
937 2077 968 2102 et
988 2076 1139 2109 quomodo
1161 2083 1229 2102 sese
1250 2076 1280 2101 in
1301 2076 1440 2103 futurum
1459 2084 1565 2108 gerere
1586 2076 1736 2108 debeant;
1761 2078 1831 2102 haec
1856 2080 1952 2102 tamen

186 2123 289 2151 postea
309 2128 326 2145 α
346 2121 497 2152 scriptore,
518 2121 597 2144 linea
617 2120 804 2150 transmissa,
830 2120 924 2144 deleta
943 2122 1020 2143 sunt.
1107 2124 1131 2147 c)
1161 2119 1187 2143 R
1202 2126 1380 2150 perperam:
1405 2118 1531 2144 Polami.
1618 2117 1647 2149 d)
1669 2120 1695 2143 R
1716 2126 1771 2143 non
1791 2121 1882 2143 recte:
1907 2117 1953 2143 in—

190 2161 367 2192 sinuantur;
393 2163 428 2191 cf.
448 2169 542 2192 supra
562 2161 629 2186 adn.
650 2162 674 2185 b.
757 2164 783 2191 e)
805 2159 907 2191 exiget
927 2161 961 2184 R.
1041 2159 1068 2190 f)
1091 2161 1203 2190 Nescio,
1223 2163 1321 2184 utrum
1344 2161 1371 2184 in
1393 2162 1418 2184 A
1438 2160 1581 2191 scriptum
1600 2160 1639 2184 sit
1659 2159 1768 2184 leviori
1787 2168 1826 2184 cm
1845 2160 1953 2191 aliter;

190 2206 264 2227 certe
279 2203 429 2227 obscurius
441 2203 581 2234 scriptum
596 2206 656 2233 est;
676 2203 719 2226 R:
738 2202 845 2227 teneri.
902 2204 930 2233 g)
946 2202 992 2226 Sia:
1006 2203 1050 2232 A,·
1064 2202 1210 2232 corr-isser&
1227 2202 1328 2225 velim:
1347 2203 1429 2228 sunt.
1484 2200 1515 2231 h)
1530 2200 1685 2233 Herbipol.
1700 2202 1734 2225 R.
1787 2200 1808 2231 i)
1823 2207 1902 2226 nunc
1916 2202 1950 2225 R.

190 2243 221 2276 k)
242 2245 275 2269 Ut
293 2245 344 2269 hoc
363 2252 387 2268 v.
407 2245 592 2275 suppleatur,
619 2252 665 2268 res
694 2244 757 2275 ipsa
784 2244 901 2268 videtur
927 2244 1052 2274 exciuere.
1126 2242 1146 2273 1)
1168 2242 1354 2274 compositae
1374 2244 1409 2267 A.
1481 2248 1522 2272 m)
1550 2241 1703 2267 exhibitae
1724 2244 1758 2267 A.
1832 2243 1862 2273 11)
1884 2248 1952 2275 per-

189 2285 285 2311 lectae
304 2287 339 2310 A.
408 2286 437 2317 ο)
459 2286 580 2313 Cei-rari
600 2293 636 2310 ez
655 2284 879 2314 consultaruut,
900 2286 972 2315 qaod
993 2288 1035 2309 est
1058 2285 1085 2308 in
1107 2286 1151 2315 A,·
1171 2285 1303 2315 sequitur
1323 2285 1410 2308 etiam
1431 2285 1459 2308 in
1480 2286 1523 2308 A:
1543 2283 1779 2316 composuerint.
1818 2284 1860 2308 R:
1881 2290 1951 2308 con-

191 2326 384 2352 sultaverint.
457 2331 486 2359 pl
509 2333 614 2352 omncs
636 2327 670 2351 R.
745 2326 776 2358 q)
797 2327 822 2351 J:
842 2326 921 2350 haud
941 2329 1033 2350 recte:
1052 2325 1199 2358 pendunt.
1272 2326 1297 2357 r)
1321 2325 1351 2349 in
1372 2325 1485 2358 scripto
1508 2326 1540 2349 Η.
1615 2328 1640 2355 s)
1667 2326 1713 2349 An
1733 2325 1953 2356 corriyendum:

192 2367 373 2400 quiescunt?

313 2495 322 2513 ¹
346 2493 382 2527 Si
399 2493 540 2527 nomine
563 2493 719 2535 „formae
738 2492 994 2526 absolutionis“
1018 2492 1125 2526 etiam
1144 2494 1337 2536 praecepta
1356 2491 1531 2534 quaedam
1550 2490 1952 2534 comprehendebantur,

192 2546 319 2590 quibus
347 2546 556 2580 confessarii
591 2546 635 2579 ad
671 2548 820 2590 peccata
856 2556 1050 2589 eorumque
1076 2555 1210 2589 poenas
1237 2544 1504 2587 cognoscendas
1543 2546 1579 2577 et
1604 2543 1856 2577 discernendas
1883 2546 1950 2576 etc.

191 2599 482 2639 instituebantur,
518 2600 625 2639 certe,
653 2609 694 2632 ea
720 2599 876 2632 maxime
904 2600 1033 2639 aetate,
1070 2598 1185 2631 forma
1211 2596 1272 2630 illa
1299 2596 1454 2630 maxime
1480 2596 1685 2630 necessaria
1712 2597 1799 2629 erat.
1850 2594 1950 2636 Quod

192 2654 310 2685 autem
345 2652 389 2685 ad
417 2652 526 2685 verba
552 2651 786 2686 absolutionis
813 2651 954 2691 attinet,
990 2652 1132 2695 poterat
1166 2661 1253 2684 sane
1290 2649 1479 2694 episcopus
1515 2648 1745 2683 confessariis
1771 2648 1951 2688 mandare,

192 2706 231 2737 ut
256 2708 353 2738 certa
380 2705 553 2748 quaedam
580 2705 691 2738 verba
718 2715 840 2738 omues
866 2704 1096 2745 adhiberent3
1133 2705 1241 2746 atque
1267 2702 1370 2736 hodie
1397 2713 1547 2745 quoque,
1582 2701 1668 2735 licet
1693 2713 1734 2735 ea
1761 2701 1950 2735 verborum

192 2757 392 2800 aequalitas
426 2757 520 2791 haud
556 2758 607 2791 ita
642 2761 825 2800 urgeatur,
863 2757 1037 2791 eiusmodi
1068 2756 1282 2798 „formulae“
1316 2756 1352 2788 in
1382 2755 1581 2798 „Agendis“
1613 2754 1672 2788 vel
1703 2754 1945 2796 „Ritualibus“

193 2813 408 2853 comparent.

314 2862 326 2881 ²
351 2862 402 2895 De
429 2862 575 2896 Polanci
603 2863 801 2896 Directorio
829 2863 873 2896 cf.
901 2873 1011 2906 supra
1037 2874 1069 2906 p.
1091 2862 1169 2896 637.
1206 2861 1336 2895 Petrus
1362 2872 1383 2894 a
1409 2860 1494 2894 Soto
1520 2859 1562 2894 O.
1581 2860 1639 2894 Pr.
1669 2859 1826 2903 (praeter
1855 2859 1948 2901 „Me-

192 2913 337 2946 thodum
366 2914 627 2949 Confessionis‘
666 2917 820 2960 primum
855 2915 1023 2958 Dilingae
1059 2926 1089 2948 a.
1119 2915 1209 2948 1553
1244 2914 1379 2948 editum
1415 2916 1450 2947 et
1476 2913 1546 2947 alia
1572 2912 1721 2956 scripta)
1750 2911 1950 2956 composuit

197 2964 424 3005 „Tractatum
451 2968 493 3000 de
519 2968 743 3001 institutione
769 2968 1006 3007 sacerdotum,
1042 2967 1102 3010 qui
1138 2967 1203 3000 sub
1231 2966 1408 3010 episcopis
1435 2966 1634 2999 animarum
1661 2976 1782 2999 curam
1808 2966 1948 3007 gerunt,

192 3028 256 3050 seu
273 3018 437 3052 Manuale
457 3020 691 3053 Clericorum‘
708 3034 715 3060 ;
744 3021 837 3064 quod
856 3031 1029 3054 excusum
1047 3022 1102 3053 est
1120 3031 1151 3053 a.
1170 3020 1258 3053 1558
1279 3019 1456 3062 Diliugae‚
1476 3030 1506 3052 a.
1524 3019 1614 3052 1566
1632 3018 1792 3058 Lemnii,
1811 3029 1842 3051 a.
1857 3018 1945 3051 1567

194 3068 356 3111 Lugduni
374 3074 409 3104 et
427 3072 599 3112 venetiis,
619 3073 744 3106 deinde
763 3084 902 3116 quoque
921 3073 1134 3116 compluries
1157 3072 1467 3115 (ῼιιέΐίΓ-Εσῆανιῐ,
1494 3071 1692 3115 Scriptores
1711 3072 1777 3104 etc.
1797 3070 1830 3104 Π
1851 3070 1945 3113 184).

312 3123 324 3141 3
350 3122 424 3156 Hoc
451 3125 567 3167 ipsum
595 3125 759 3159 Cauisius
786 3126 1117 3165 coinniendaverat;
1146 3137 1179 3158 v.
1207 3136 1315 3169 supra
1341 3137 1374 3168 p.
1401 3125 1481 3158 415.

312 3177 324 3193 4
352 3175 424 3208 Has
451 3176 532 3209 vide
559 3189 665 3220 supra
692 3189 724 3221 p.
752 3179 948 3212 413-417.
