2045 3471
422 201 518 237 Mon.
540 201 607 235 749
634 201 711 235 sive
737 212 849 241 germ.
868 200 890 235 l.
914 199 1004 243 (30).
1043 199 1148 233 Initio
1174 210 1221 233 m,
1238 198 1312 232 Ian.
1332 209 1362 232 a.
1384 197 1486 232 1566.
1750 197 1832 239 677

73 318 204 352 mentis
230 317 349 352 debita
375 330 445 352 non
470 319 716 363 praestaretur
740 317 945 351 reverentia
971 319 1078 360 atque
1104 316 1222 350 omnia
1247 315 1392 349 tandem
1419 314 1537 347 officia
1556 313 1677 347 divina
1702 312 1738 346 in
1757 324 1835 346 con-

73 373 251 416 temptum
269 371 450 411 venirent3
478 371 571 404 serio
597 382 636 404 se
662 371 878 415 praecipere,
905 372 944 403 ut
970 369 1006 403 in
1032 369 1268 403 sacramentis
1287 366 1581 401 administrandis
1599 366 1836 401 caerimoniae

74 424 291 458 christianae
325 425 566 457 servarentur.
621 423 783 466 „Darmit
817 435 904 457 aver
929 422 1110 467 Nyemant
1144 421 1256 455 under
1291 421 1368 454 dem
1397 419 1528 464 Schyn‚
1563 420 1625 453 dat
1654 419 1710 453 die
1737 418 1836 453 Com-

74 477 220 510 munion
246 476 359 510 under
383 476 554 510 beiderlei
580 476 715 519 gestalt
742 476 810 510 ime
836 476 1043 519 geweigert‚
1074 474 1152 509 sich
1178 486 1248 508 van
1276 474 1337 507 der
1363 472 1591 507 christlicher
1617 471 1837 506 Gemeinden

74 530 305 564 aftosondern
340 529 570 569 understahe,
607 530 652 563 im
689 529 739 563 fal
776 529 853 563 sich
890 530 958 563 dan
989 540 1033 562 an
1060 528 1212 571 einigem
1241 527 1307 561 Ort
1332 526 1492 569 todruge,
1527 526 1588 559 dat
1615 525 1745 559 etliche
1771 524 1836 558 uth

75 583 189 617 einem
228 582 461 616 christlichen
500 582 598 616 Eifer
636 583 702 616 mit
739 582 968 624 bestendiger
1003 582 1217 624 Anzeigung
1254 591 1354 614 oeres
1391 579 1594 613 Gewissens
1632 578 1694 612 dat
1731 578 1836 612 hoch-

75 636 204 679 wirdig
230 636 441 670 Sacrament
475 636 537 669 des
564 635 686 669 Altars
722 635 834 669 under
859 634 1042 679 beiderley
1069 633 1212 668 Gestalt
1246 633 1399 676 begeren
1426 632 1583 672 wurden,
1618 643 1747 674 mogen
1774 632 1839 665 wir

76 688 301 732 guedichlich
331 688 477 729 erliden,
514 688 576 722 dat
610 700 648 722 es
684 688 739 722 die
765 688 894 722 Pastcr
925 687 1119 721 denselven
1153 698 1199 720 na
1234 685 1471 730 gnochsamer
1496 684 1740 727 Erforschung
1767 683 1838 718 und

76 742 328 776 Examination
362 742 546 775 dermaten
582 753 712 775 sovern
747 753 791 786 sy
826 741 928 774 darto
964 740 1153 784 geschickt
1186 740 1257 773 und
1292 739 1445 783 hequem
1480 738 1659 781 gefunden
1694 737 1838 771 reichen

76 796 147 830 und
173 795 364 836 uthdeilen‚
391 795 473 829 oick
499 795 766 828 hinwederumb
793 794 981 839 diejenige,
1008 805 1046 827 so
1072 794 1137 827 mit
1163 793 1260 827 einer
1280 792 1423 826 Gestalt
1448 791 1611 825 tofreden
1637 790 1750 834 darby
1777 801 1838 823 un-

76 849 266 893 gehindert
291 849 362 882 und
388 848 627 882 unverwirret
652 847 785 892 blyven
812 847 919 888 laten,
947 858 985 881 so
1003 847 1068 880 wir
1086 846 1268 890 Nyemant
1286 845 1420 879 desfals
1446 856 1490 878 an
1509 855 1635 887 synem
1654 843 1839 878 Gewissen

74 903 137 937 tho
163 902 346 936 besweren
372 901 531 945 gemeint
555 912 633 945 syn.
655 929 660 934 .
683 929 688 934 .
710 929 716 935 .
745 900 793 934 Es
818 900 886 934 soll
913 899 993 934 oick
1020 900 1085 933 mit
1110 900 1173 933 der
1198 899 1303 933 Bicht
1329 898 1504 942 gehalden
1524 897 1664 930 werden
1683 898 1750 929 wie
1768 908 1838 930 van

78 956 196 990 alders
222 955 417 989 herkomen
444 954 497 988 als
524 954 584 988 dat
611 955 667 987 eiu
695 954 805 988 Jeder
830 953 1024 987 besonders
1058 952 1178 986 bichte
1204 953 1275 986 und
1306 963 1395 996 syne
1423 951 1634 985 Absolution
1669 950 1839 993 ontfange

76 1009 148 1043 und
174 1009 228 1043 nit
253 1008 324 1042 irer
349 1007 451 1042 veele
485 1007 669 1051 thogelich
704 1007 775 1040 und
810 1006 876 1040 mit
910 1006 1079 1040 einander
1104 1005 1280 1039 absolvirt
1306 1005 1467 1038 werden“
1500 1004 1560 1046 (ex
1586 1004 1708 1037 Keller
1733 1002 1757 1036 l.
1776 1002 1839 1036 c.I

80 1062 276 1100 114—119,
311 1061 370 1095 ubi
405 1061 586 1104 integrum
622 1060 829 1094 mandatum
864 1060 1019 1103 positum
1055 1061 1120 1093 est.
1171 1059 1269 1092 Idem
1304 1057 1524 1097 mandatum,
1561 1057 1603 1090 ad
1639 1054 1841 1100 praesentis

76 1119 197 1150 tamen
215 1114 387 1159 temporis
405 1114 571 1158 loquendi
589 1112 839 1157 scribendique
858 1112 1032 1146 rationem
1052 1111 1356 1146 accommodatum
1377 1114 1411 1144 et
1430 1109 1589 1144 nonnihil
1605 1110 1840 1149 contractum,

79 1171 200 1203 exstat
233 1168 269 1201 in
299 1167 531 1210 „Sammlung
562 1166 625 1200 der
651 1166 803 1201 Gesetze
838 1165 909 1199 und
936 1164 1230 1207 Verordnungen,
1265 1163 1400 1198 welche
1426 1163 1463 1197 in
1489 1163 1568 1197 dem
1598 1161 1841 1205 Herzogthum

78 1221 188 1255 Cleve
213 1220 284 1254 und
310 1221 346 1254 in
373 1221 435 1254 der
463 1219 673 1254 Grafschaft
697 1219 802 1253 Mark
830 1246 837 1253 .
858 1246 864 1253 .
885 1245 891 1253 .
919 1229 1101 1261 ergangen
1128 1217 1241 1258 sind“,
1267 1216 1483 1259 herausgeg.
1509 1228 1543 1249 v.
1571 1217 1607 1249 J.
1626 1216 1662 1249 J.
1682 1215 1790 1248 Scotti
1816 1214 1840 1253 Ι,

78 1274 294 1309 Diisseldorf
318 1273 419 1314 1826,
447 1273 663 1314 150—154).
714 1273 832 1316 Atque
858 1274 985 1305 notatu
1011 1271 1157 1314 dignum
1184 1272 1250 1311 est,
1277 1270 1370 1304 inter
1395 1269 1546 1309 litteras,
1574 1279 1665 1312 quae
1690 1279 1722 1302 a.
1751 1267 1842 1301 1566

79 1340 124 1362 ex
150 1327 342 1362 Germania
368 1327 517 1361 Romam
552 1326 595 1360 ad
622 1325 813 1360 Societatis
847 1324 1090 1369 praepositum
1126 1322 1331 1366 generalem
1367 1322 1478 1356 missa
1507 1323 1602 1361 sunt,
1637 1330 1842 1365 comparere

79 1380 281 1426 exemplum
308 1379 414 1414 huius
440 1379 599 1413 mandati
628 1378 729 1422 (Cod.
752 1377 815 1420 „G.
840 1378 904 1422 Ep.
923 1377 992 1411 VN
1015 1377 1038 1410 f.
1061 1376 1307 1419 1412—14421).
1351 1375 1415 1409 Cui
1443 1374 1607 1419 exemplo
1634 1385 1712 1408 cum
1731 1372 1843 1406 verba

79 1434 216 1478 aliquot
240 1445 348 1468 manu
373 1433 486 1477 ipsius
514 1432 648 1466 Canisii
674 1432 832 1476 ascripta
858 1431 940 1470 sint,
972 1430 1127 1464 dubitari
1153 1429 1216 1463 vix
1241 1431 1370 1473 potest,
1406 1429 1490 1472 quin
1517 1428 1561 1461 ab
1596 1427 1672 1472 ipso
1700 1425 1843 1461 Canisio

80 1487 263 1522 Gruilielmi
297 1487 507 1521 mandatum
535 1486 683 1519 Romam
718 1485 868 1518 missum
894 1485 952 1525 sit,
988 1483 1094 1526 idque
1121 1494 1161 1516 eo
1188 1482 1347 1522 consilio,
1382 1484 1421 1516 ut
1448 1481 1541 1515 Socii
1576 1481 1619 1514 de
1649 1480 1771 1513 eodem
1799 1478 1842 1512 ad

79 1540 281 1575 cardinales
307 1542 416 1584 atque
442 1539 487 1573 ad
512 1539 630 1584 ipsum
657 1538 873 1583 pontificem,
900 1537 977 1571 sive
996 1536 1127 1577 verbis,
1155 1536 1232 1570 sive
1259 1547 1399 1570 summa
1424 1534 1525 1569 brevi
1551 1533 1764 1578 conscripta,
1790 1543 1843 1565 re-

80 1594 175 1628 ferre
201 1595 359 1638 possent.

198 1648 231 1682 4.
269 1648 355 1680 Pius
381 1648 418 1680 V.
454 1646 567 1679 Roma
593 1645 649 1679 26.
669 1643 826 1678 Ianuarii
855 1644 945 1678 1566
981 1642 1024 1676 ad
1052 1641 1283 1676 Guilielmum
1319 1641 1446 1675 ducem
1480 1640 1597 1674 Breve
1632 1638 1740 1678 dedit,
1775 1649 1844 1681 quo

80 1700 158 1734 eius
187 1711 396 1744 „synceram
423 1698 660 1733 constantiam
679 1708 765 1740 erga
790 1696 911 1730 sedem
938 1695 1169 1740 apostolicam
1197 1697 1233 1729 et
1257 1694 1440 1738 singulare
1458 1693 1615 1728 studium
1635 1703 1721 1735 erga
1738 1691 1845 1724 fidem

82 1765 124 1788 ac
150 1753 359 1797 religionem
386 1751 621 1786 catholicam¹⁴
642 1750 814 1784 laudabat
832 1761 984 1793 eumque
1010 1748 1233 1789 hortabatur,
1259 1750 1300 1781 ut
1318 1748 1353 1781 in
1371 1747 1544 1792 proximis
1563 1745 1717 1780 comitiis
1736 1755 1845 1787 augu-

81 1807 197 1841 stanis
222 1806 318 1841 sedis
353 1805 570 1850 apostolicae
597 1804 809 1847 dignitatem
836 1803 880 1836 ab
914 1802 1174 1836 haereticorum
1211 1801 1351 1835 insidiis
1386 1803 1548 1834 tueretur
1574 1802 1610 1833 et
1635 1798 1760 1832 foedus
1786 1797 1845 1830 ad-

82 1871 211 1894 versus
236 1859 374 1894 Turcas
398 1858 593 1892 ineundum
620 1859 763 1891 curaret
791 1856 938 1899 (leeod.
957 1857 1033 1889 Jos.
1054 1856 1265 1897 Lacomblet,
1292 1853 1585 1889 Urkundenbuch
1612 1852 1670 1885 f'ur
1696 1851 1751 1884 die
1779 1850 1845 1883 Ge-

82 1913 244 1948 schichte
280 1913 344 1947 des
379 1910 634 1946 Niederrheins
666 1910 724 1948 IV.
760 1909 976 1943 Diisseldorf
1002 1908 1102 1950 1858,
1139 1908 1356 1950 711-712).
1407 1907 1520 1941 Hisne
1554 1905 1685 1939 litteris
1719 1902 1846 1937 dandis

82 1978 228 2002 causam
264 1965 550 2010 qualemcunque
584 1963 750 2008 praebuit
784 1962 912 1996 relatio
947 1961 1066 2005 aliqua
1102 1973 1122 1995 a
1159 1960 1300 1995 Canisio
1335 1961 1479 1994 ineunte
1504 1958 1669 1993 Ianuario
1695 1956 1845 1990 Romam

82 2020 127 2054 ad
153 2019 371 2054 cardinalem
390 2018 572 2052 Amulium
598 2016 740 2050 missa‘.>
774 2015 949 2059 Equidem
968 2015 1002 2048 id
1028 2026 1144 2059 neque
1162 2025 1382 2055 asseverare,
1408 2024 1523 2057 neque
1550 2021 1696 2056 prorsus
1713 2020 1845 2052 negare

83 2073 209 2107 ausim.
261 2073 427 2106 Ceterum
454 2071 576 2111 verba,
612 2081 703 2114 quae
730 2081 839 2113 supra
865 2068 977 2113 posui,
1008 2068 1115 2102 etiam
1143 2068 1179 2101 in
1205 2067 1312 2101 Brevi
1340 2067 1463 2101 eodem
1490 2066 1545 2099 die
1571 2076 1592 2098 a
1618 2064 1681 2098 Pio
1708 2063 1751 2097 ad
1779 2062 1845 2096 Ca-

82 2126 196 2160 rolum
216 2125 384 2160 Austriae
410 2123 638 2158 archiducem
664 2123 747 2156 dato
774 2123 998 2166 comparent;
1025 2121 1107 2155 vide
1133 2121 1373 2154 Laderchimn
1397 2119 1419 2154 l.
1440 2131 1469 2154 c.
1490 2119 1556 2153 112
1586 2118 1634 2161 (n.
1652 2117 1749 2160 224).

202 2180 233 2213 5.
269 2178 392 2222 Usque
418 2177 462 2211 ad
489 2188 621 2210 annum
649 2177 739 2210 1566
766 2174 870 2209 aulae
896 2174 1102 2208 iuliacensis
1137 2185 1302 2219 proceres
1328 2174 1363 2207 in
1389 2173 1497 2207 rebus
1522 2170 1715 2214 religionis,
1751 2168 1845 2213 quod

83 2232 227 2276 quidem
254 2232 298 2265 ad
325 2232 513 2265 externum
534 2229 669 2264 cultum
688 2229 854 2273 pertinet,
881 2227 998 2261 media
1024 2227 1177 2271 quadam
1203 2227 1297 2261 inter
1323 2226 1518 2261 catholicos
1545 2227 1581 2259 et
1606 2224 1847 2269 protestantes

84 2286 145 2319 via
179 2284 403 2319 incedebant.
454 2283 559 2317 Initio
596 2284 716 2316 autem
752 2293 783 2316 a.
806 2281 895 2316 1566
931 2281 1095 2326 primum,
1130 2283 1171 2314 ut
1197 2279 1380 2314 Gerardus
1405 2279 1547 2313 Veltius
1582 2277 1641 2311 ille
1676 2275 1847 2320 loquitur,

89 2337 285 2380 „schisma“
315 2337 452 2371 factum
488 2338 562 2370 est:
598 2335 797 2369 Wernerus
823 2345 844 2368 a
870 2333 1048 2378 Gymnich
1075 2344 1163 2367 cena
1189 2333 1365 2367 dominica
1392 2333 1426 2366 in
1453 2330 1668 2365 monasterio
1694 2328 1848 2373 quodam

84 2389 388 2435 dusseldorpiensi
429 2391 593 2433 sumpta,
636 2399 716 2422 sese
760 2387 975 2422 catholicum
1017 2386 1203 2431 professus
1245 2388 1301 2420 est
1317 2386 1346 2425 ¹;
1389 2396 1494 2429 quem
1537 2383 1739 2428 complures
1785 2380 1847 2415 alii

85 2443 306 2484 marescalci,
337 2442 543 2483 consiliarii,
579 2441 717 2475 nobiles
743 2441 857 2475 secuti
884 2442 969 2474 sunt
996 2440 1121 2473 ducem
1150 2439 1297 2481 (Lossen
1325 2438 1347 2472 l.
1367 2450 1397 2472 c.
1426 2438 1520 2472 2622.
1573 2437 1696 2471 Lndw.
1716 2435 1848 2478 Keller,

86 2498 158 2532 Der
184 2496 320 2541 Kampf
350 2508 409 2530 um
437 2495 501 2529 das
526 2494 780 2538 evangelische
807 2493 1029 2527 Bekenntnis
1059 2504 1115 2526 am
1142 2491 1387 2532 Niederrhein,
1424 2492 1458 2525 in
1490 2488 1732 2532 „Historische
1758 2487 1848 2521 Zeit-

85 2550 234 2585 schrift⁴⁴
256 2550 470 2592 herausgeg.
490 2560 523 2583 v.
543 2549 590 2581 H.
610 2559 637 2581 v.
658 2548 760 2591 Sybel
785 2547 857 2581 und
876 2547 924 2580 M.
948 2546 1143 2589 Lehmann,
1168 2544 1294 2586 LXIII,
1322 2544 1499 2578 Miinchen
1526 2555 1559 2577 u.
1580 2542 1725 2586 Leipzig
1746 2540 1848 2581 1889,

87 2604 185 2647 200).
246 2602 461 2637 Guilielmus
500 2612 641 2645 quoque
680 2601 753 2634 dux
793 2599 965 2645 paulatim
1008 2599 1051 2633 ad
1095 2598 1268 2633 ecclesiae
1311 2597 1510 2631 catholicae
1548 2606 1693 2630 causam
1731 2593 1848 2637 magis

86 2657 274 2701 magisque
300 2655 470 2690 reductus
497 2657 553 2688 est
581 2655 729 2697 (Keller,
749 2653 1109 2696 Gegenreformation
1136 2652 1150 2685 Ι
1177 2651 1328 2685 28-29.
1365 2650 1482 2693 Steph.
1501 2650 1620 2691 Elass'S,
1639 2647 1849 2682 Nuntiatur-

86 2709 247 2744 berichte
273 2720 338 2743 aus
364 2707 608 2742 Deutschland
638 2706 1015 2750 1585[1584]—1590
1045 2705 1085 2744 12,
1113 2704 1318 2738 Paderborn
1348 2703 1448 2744 1899,
1475 2703 1599 2743 xxv1).

206 2762 262 2797 Ex
288 2762 355 2796 hoc
381 2763 416 2795 et
442 2760 686 2805 superioribus
709 2759 948 2793 monumentis
975 2758 1040 2792 hoc
1068 2769 1208 2801 quoque
1227 2756 1427 2800 colligitur:
1455 2755 1520 2789 Illa
1545 2755 1651 2788 rebus
1670 2765 1690 2787 a
1708 2752 1851 2788 Canisio

89 2815 202 2860 gestis
227 2827 297 2850 non
323 2814 426 2860 plene
453 2824 659 2856 congruere,
686 2824 777 2856 quae
803 2812 846 2846 de
873 2823 914 2846 ea
939 2811 1119 2854 legatione
1154 2811 1277 2844 narrat
1302 2811 1338 2844 J.
1360 2809 1648 2851 Cre‘tineau-Joly
1677 2805 1851 2849 (Histoire

88 2869 132 2903 de
149 2868 186 2903 la
203 2867 423 2913 Compagnie
441 2867 484 2900 de
502 2867 609 2901 Jesus
628 2866 653 2906 I,
672 2866 707 2900 4e
722 2865 786 2907 ed„
806 2864 961 2899 Tournai
982 2864 1082 2905 1846,
1104 2863 1324 2905 176—177):
1350 2862 1397 2904 „11
1416 2873 1455 2896 se
1473 2862 1539 2895 mit
1556 2873 1599 2895 en
1618 2861 1718 2894 route
1737 2859 1799 2894 des
1817 2858 1850 2892 le

212 2981 221 3001 ¹
243 2980 486 3024 „Wernherus
497 2978 669 3012 Dominus
688 2978 723 3011 in
738 2975 935 3012 Gimmich¹⁴
954 2975 1020 3019 (W.
1038 2975 1339 3017 Teschenmctcher,
1356 2973 1480 3015 Clivia,
1500 2973 1600 3014 Iulia,
1619 2972 1757 3006 Montia
1771 2973 1850 3013 etc„

89 3034 305 3068 Arnhemiae
333 3033 433 3074 1638,
460 3032 544 3075 327)
573 3031 666 3076 apud
693 3030 924 3065 Guilielmum
951 3030 1076 3063 ducem
1103 3028 1318 3062 auctoritate
1345 3027 1482 3067 valens,
1519 3028 1643 3071 postea
1678 3024 1851 3067 magister

89 3087 193 3121 aulae
219 3086 336 3122 Caroli
362 3085 534 3120 Friderici
567 3083 739 3129 principis
765 3082 972 3117 hereditarii
998 3081 1226 3121 constitutus,
1265 3080 1306 3114 ad
1344 3079 1438 3114 hunc
1473 3079 1508 3112 in
1544 3077 1626 3112 fidei
1652 3076 1851 3112 catholicae

89 3140 298 3174 sinceritate
324 3138 578 3174 stabiliendum
603 3136 755 3170 multum
782 3135 934 3170 contulit
961 3135 1124 3178 (Wolters
1150 3133 1171 3168 l.
1200 3145 1230 3167 c.
1260 3133 1455 3167 189—190.
1500 3133 1629 3166 Losseu
1665 3130 1687 3165 l.
1714 3142 1743 3165 c.
1769 3129 1850 3163 262.

93 3193 272 3236 Schwarz,
299 3192 460 3237 Gropper
487 3190 534 3235 [v.
562 3201 672 3235 supra
697 3201 730 3234 p.
759 3188 852 3232 3281
882 3189 947 3223 125
974 3187 1072 3231 280).
