2045 3471
192 202 274 243 772
340 199 436 232 Mon.
450 197 518 231 838
537 196 614 230 sive
633 207 708 229 oen.
727 192 793 237 (4).
822 193 875 228 Ab
893 193 1038 227 ineunte
1058 191 1102 225 ad
1120 190 1276 224 medium
1295 187 1353 222 vel
1372 190 1562 222 exeuntem
1581 198 1626 220 m.
1641 185 1781 219 Iunium
1800 184 1900 218 1566.

192 318 377 357 addentur,
405 316 558 358 quantos
584 324 679 347 nova
704 312 766 346 illa
792 311 913 345 officia
939 311 1098 353 exigent.
1149 309 1275 351 Itaque
1302 305 1430 339 melius
1457 305 1502 345 id,
1534 303 1628 348 quod
1654 302 1899 336 Ferdinandus
1926 301 1952 334 I.

192 370 366 410 voluerat,
394 367 581 407 efficietur,
609 377 717 410 quam
743 377 807 410 per
832 364 1103 406 Franciscanos,
1136 361 1215 405 ⁷,qui
1241 360 1387 402 linguae
1412 357 1520 391 huius
1545 356 1712 401 imperitj,
1739 366 1854 398 neque
1880 365 1954 387 mu-

192 433 277 455 nere
312 419 576 454 confessionum
613 417 881 457 audiendarum,
916 426 1031 459 neque
1067 410 1299 456 concionandj
1336 421 1442 444 onere
1477 408 1580 453 fungj
1608 408 1762 451 queunt“
1795 405 1954 450 („Germ.

193 474 278 518 Sup.
304 473 415 506 Fund.
443 472 496 506 11²
526 472 551 506 f.
582 470 732 513 12—3b).

314 534 500 575 Augustae
536 530 630 564 Socii
665 530 912 574 speraverant,
951 526 1132 561 Canisium
1169 525 1200 558 9.
1230 523 1322 557 Iunii
1349 522 1391 556 ad
1419 533 1457 556 se
1484 520 1681 555 rediturum
1709 530 1807 559 esse3
1842 528 1957 561 neque

195 598 280 620 vero
306 586 337 619 is
362 585 468 619 rediit
494 586 577 618 ante
606 584 659 617 16.
678 583 770 617 Iunii
798 582 896 625 (vide
922 591 1033 625 supra
1058 591 1091 624 p.
1118 578 1216 621 267).
1260 577 1300 610 Ρ.
1319 576 1462 609 Natalis
1480 575 1647 617 Augusta
1672 571 1839 606 28.1unii
1867 563 1956 604 1566

196 639 349 682 Borgiae
367 637 531 683 scripsit:
563 636 625 680 „El
650 638 768 670 rector
794 634 852 679 [de
878 633 1058 677 ingostad]
1086 644 1110 676 y
1129 632 1285 665 maestro
1305 628 1439 663 canisio
1458 638 1593 661 vernan
1620 625 1758 668 comigo
1785 636 1806 658 a
1824 624 1959 666 dilinga

197 693 286 738 hoy“
320 693 380 735 (ex
407 690 640 734 autographo,
668 689 761 733 quod
789 691 844 723 est
870 688 905 721 in
936 686 1037 728 „EN·‘
1069 697 1102 719 n.
1133 685 1218 723 140;
1247 682 1355 716 etiam
1381 683 1416 715 in
1444 681 1533 725 Epp.
1560 680 1681 714 Nadal
1707 679 1757 712 III
1785 678 1881 721 168).
1945 697 1950 701 -

202 838 310 875 838
337 840 415 874 sive
443 847 562 873 oen.
586 834 685 881 (4).
760 833 812 869 Ab
840 833 988 869 ineunte
1015 831 1059 868 ad
1086 830 1242 867 medin-111
1268 827 1327 865 vel
1354 828 1544 864 exeuntem
1571 836 1616 861 m.
1638 824 1778 860 Iunium
1805 823 1898 859 1566.

322 921 376 955 Ex
403 919 622 964 archetypis,
659 918 703 952 ab
739 917 817 962 ipso
853 916 892 950 P.
920 916 1017 949 Hier.
1044 913 1175 948 Natale
1202 911 1428 956 subscriptis.
1480 909 1563 944 Cod.
1596 907 1697 951 „EN“
1728 919 1761 941 n.
1790 906 1857 941 143
1885 906 1962 939 144.

203 975 323 1010 Etiam
353 976 413 1014 (ex
440 971 664 1017 archetypis)
694 971 728 1004 in
756 970 844 1015 Epp.
871 969 993 1003 Nadal
1021 968 1070 1001 111
1100 967 1164 1001 189
1194 966 1271 1000 196.

326 1058 503 1099 (lanistas,
534 1057 758 1097 Oem'pontem
793 1065 815 1086 a
850 1054 889 1086 Ρ.
916 1052 1046 1085 Natale
1070 1051 1208 1092 missus,
1245 1049 1288 1082 ab
1323 1047 1588 1088 arche'dmissss,
1623 1044 1834 1077 tractatione
1867 1042 1965 1074 haud

205 1113 259 1145 ita
285 1111 401 1154 facili,
427 1111 605 1152 impetrat,
634 1112 670 1141 ut
694 1118 767 1141 ἰιηο
794 1107 1012 1148 confessario
1039 1115 1060 1137 a
1088 1104 1257 1137 Societate
1283 1100 1500 1144 desiynando
1526 1101 1706 1132 contentae
1730 1098 1823 1137 sint,·
1860 1105 1968 1138 neque

205 1170 319 1199 tamen
348 1164 487 1206 efficere
509 1166 631 1205 potest,
657 1166 696 1194 ut
721 1161 760 1194 P.
789 1160 945 1203 Dyrsias
974 1159 1165 1200 Oeniponte
1186 1167 1253 1199 per
1280 1156 1486 1188 Societatem
1512 1152 1658 1185 avocari
1680 1150 1800 1193 possit.

328 1248 441 1300 Quid
476 1246 675 1287 canisius
706 1245 899 1299 Auyasta
925 1242 1190 1295 Oenipontem
1225 1239 1285 1279 ad
1316 1237 1633 1292 Maqclalenam,
1668 1234 1966 1288 iilaryaritam,

209 1315 414 1357 Helenam
447 1310 776 1359 archiducissas,
821 1313 864 1349 ut
906 1307 955 1348 de
988 1307 1037 1347 P.
1071 1305 1245 1346 Nicolao
1277 1303 1442 1344 Lanoio
1483 1300 1642 1354 colleyii
1681 1303 1836 1339 rectore
1873 1311 1968 1338 cow-

208 1378 431 1429 stitaenclo,
467 1377 517 1417 de
548 1389 630 1416 uno
664 1374 922 1426 confessario
956 1370 1187 1425 cleliqendo,
1222 1369 1271 1410 de
1304 1368 1391 1409 PP.
1415 1367 1575 1407 Ioanne
1603 1364 1761 1418 Dyrsio
1794 1367 1829 1404 et
1862 1362 1970 1403 Her-

209 1449 311 1486 mete
346 1442 573 1496 Halbpaar
604 1454 695 1480 cum
731 1441 782 1480 iis
816 1442 964 1493 ayeret,
1001 1451 1026 1477 a
1060 1436 1107 1477 P.
1131 1435 1287 1476 Natale
1318 1433 1532 1474 visitatore
1563 1431 1716 1470 missus
1748 1428 1804 1478 (v.
1838 1441 1971 1482 supra

211 1525 253 1566 p.
277 1511 364 1550 229
385 1507 507 1558 261),
541 1505 733 1558 effecerit,
760 1504 805 1544 id
827 1503 961 1557 mayis
984 1501 1245 1555 sia-(siltatim,
1270 1512 1394 1553 qaam
1421 1511 1469 1538 ex
1486 1495 1661 1536 Polanci
1681 1492 1817 1534 verbis
1839 1506 1972 1546 supra

208 1590 252 1630 p.
277 1574 359 1615 ³771
391 1572 552 1628 positis,
595 1571 848 1624 intelteyitar
889 1583 938 1609 er
969 1566 1141 1608 Natalis
1184 1565 1361 1619 epistula
1404 1562 1582 1616 Dilinya
1621 1561 1689 1601 19.
1723 1556 1826 1599 Iulii
1857 1558 1973 1599 1566

213 1640 391 1681 Romam
424 1637 482 1678 ad
514 1636 717 1689 Boryiam
749 1635 879 1675 missa
892 1648 907 1684 ;
939 1632 1012 1673 ubi
1043 1631 1111 1672 ille
1142 1632 1203 1671 ita
1236 1629 1401 1670 scribit:
1433 1626 1535 1668 Dire
1568 1624 1607 1666 el
1639 1623 1859 1677 proposito
1892 1635 1975 1674 que

213 1707 346 1756 tengo
388 1715 509 1743 como
550 1714 607 1753 ya
639 1699 690 1742 V.
724 1699 769 1741 P.
804 1698 907 1739 sabe
949 1711 977 1750 y
1010 1708 1200 1749 aprueua
1243 1693 1294 1734 de
1336 1691 1523 1733 0111111111Β
1564 1703 1587 1730 0
1628 1689 1767 1729 lleuar
1807 1686 1974 1740 comigo

215 1768 302 1810 alla
344 1767 384 1808 al
427 1766 567 1807 Padre
608 1764 758 1816 Lanoy
800 1776 906 1817 para
948 1764 1091 1802 rector
1132 1774 1160 1813 y
1203 1759 1403 1800 confesor
1445 1756 1564 1797 delas
1607 1756 1660 1797 ,3.
1698 1765 1907 1807 personas
1946 1765 1975 1804 y

216 1833 372 1875 buscar
404 1845 460 1872 vn
492 1829 749 1884 predicador
783 1829 921 1869 bueno
953 1841 982 1880 y
1015 1839 1093 1866 ver
1125 1825 1159 1865 si
1202 1823 1335 1877 podre
1367 1835 1494 1863 sacar
1526 1833 1606 1861 con
1639 1820 1732 1860 esto
1775 1817 1813 1859 el
1853 1816 1975 1858 tirsio

216 1912 324 1953 para
357 1899 453 1938 otra
494 1897 632 1949 parte,
676 1907 845 1946 aunque
887 1905 1009 1933 como
1052 1904 1119 1931 me
1155 1889 1245 1930 dize
1279 1888 1318 1929 el
1351 1887 1409 1929 M.
1443 1884 1604 1927 canisio
1646 1897 1728 1936 que
1769 1896 1794 1924 a
1827 1881 1977 1923 estado

218 1964 306 2005 alla
337 1975 435 2003 sera
468 1962 561 2002 esto
594 1973 696 2012 muy
729 1957 890 2007 difficil,
933 1960 1057 1999 estan
1098 1959 1245 1997 tamen
1277 1953 1329 1994 de
1362 1951 1548 1994 acuerdo
1585 1949 1651 1990 las
1685 1949 1737 1990 .3.
1771 1960 1979 2001 personas

220 2029 272 2070 de
304 2029 448 2069 tomar
479 2039 536 2066 vn
569 2024 791 2065 confessor
832 2023 933 2075 qual
976 2022 1038 2063 les
1072 2021 1177 2061 dara
1217 2019 1261 2060 la
1302 2015 1527 2070 compania
1558 2029 1586 2068 y
1619 2026 1773 2068 parece
1811 2025 1892 2064 que
1925 2024 1978 2052 no

221 2092 428 2134 conuiene
460 2093 610 2132 tornai*
642 2089 729 2130 alla
762 2088 944 2129 Hermes
976 2084 1335 2140 principahnente
1369 2080 1594 2134 quedando
1617 2078 1738 2120 tirsio
1771 2090 1853 2130 que
1885 2078 1981 2117 esta

222 2172 268 2200 es
300 2157 580 2198 brenemente
622 2155 665 2195 la
706 2152 948 2194 resolucion
982 2164 1063 2204 que
1105 2154 1234 2191 truxo
1268 2148 1307 2189 el
1348 2147 1481 2200 padre
1513 2143 1674 2186 canisio
1708 2143 1760 2183 de
1791 2140 1979 2196 ispruch.

224 2224 288 2265 De
321 2223 601 2263 contionatore
635 2219 737 2274 qaid
771 2219 971 2260 Canisius
996 2216 1223 2270 Oeniponte
1255 2213 1487 2268 coynoverit
1520 2216 1555 2251 et
1580 2208 1838 2264 promiserit,
1872 2207 1981 2248 coui-

224 2290 312 2330 cias
345 2288 435 2328 licet
468 2300 517 2326 ea)
549 2286 682 2340 ipsias
714 2284 876 2335 verbis;
907 2297 942 2324 v.
975 2295 1107 2336 supra
1139 2295 1179 2334 p.
1203 2280 1290 2320 276
1322 2278 1421 2318 278.

345 2357 486 2411 Neque
514 2355 659 2408 facilis
681 2355 873 2396 tractatio
896 2355 968 2394 illa
996 2353 1167 2393 Canisio
1196 2350 1370 2404 fuerat;
1401 2350 1460 2388 ita
1483 2347 1591 2388 enim
1615 2344 1785 2386 Natalis
1806 2343 1984 2396 Dilinya

227 2426 298 2465 20.
330 2423 434 2463 Iulii
468 2423 582 2462 1566
623 2421 807 2474 Borqiae
847 2418 1038 2472 scripsit:
1079 2416 1138 2457 Es
1180 2428 1282 2455 cosa
1322 2412 1486 2466 grande
1528 2409 1661 2464 padre
1693 2408 1733 2449 10
1767 2420 1848 2459 que
1880 2419 1927 2447 se
1959 2419 1985 2446 a.

229 2486 458 2529 entendido
492 2498 574 2538 que
606 2486 722 2525 estas
754 2486 845 2524 tres
877 2493 1083 2534 personas
1115 2492 1170 2520 an
1203 2477 1313 2519 dado
1346 2489 1428 2528 que
1465 2474 1595 2515 hazer
1627 2467 1735 2514 etc.b
1767 2484 1796 2524 y
1829 2470 1924 2511 dan.

352 2585 503 2626 Natalis,
542 2593 633 2625 quae
675 2581 727 2614 19.
764 2579 845 2613 Iulii
880 2578 1085 2622 scripserat,
1121 2574 1346 2609 confirmavit
1375 2573 1427 2607 12.
1455 2571 1613 2614 Augusti
1651 2569 1751 2609 1566,
1778 2566 1988 2601 Vindobona

234 2638 384 2680 Borgiae
419 2636 598 2670 scribens:
639 2634 700 2676 „El
727 2633 766 2667 P.
793 2633 912 2670 Dirsio
946 2643 990 2665 no
1026 2630 1059 2663 10
1096 2629 1262 2674 podemos
1289 2638 1402 2666 sacar,
1441 2626 1554 2668 segun
1589 2623 1665 2657 dize
1704 2621 1736 2655 el
1767 2621 1807 2654 P.
1835 2619 1988 2658 canisio,

234 2702 375 2734 aunque
401 2701 468 2734 aya
495 2689 537 2722 de
563 2700 606 2732 γι·
632 2687 704 2721 alla
729 2686 762 2719 el
790 2686 827 2719 P.
846 2685 969 2729 Lanoy
994 2695 1058 2728 por
1083 2687 1213 2716 rector.
1233 2707 1240 2714 .
1262 2708 1268 2714 .
1288 2707 1295 2714 .
1334 2678 1466 2713 Recebi
1492 2681 1595 2711 antes
1620 2676 1663 2709 de
1689 2686 1775 2719 ayer
1792 2685 1863 2707 vna
1890 2675 1990 2706 carta

235 2744 292 2776 del
319 2742 548 2786 mayordomo
584 2741 625 2773 de
652 2740 705 2773 las
731 2750 862 2782 reynas
888 2738 931 2771 de
958 2735 1131 2780 Inspruch
1148 2736 1167 2775 ¹,
1204 2745 1295 2778 cuya
1321 2733 1422 2777 copia
1448 2732 1530 2765 sera
1555 2741 1620 2764 con
1647 2732 1735 2769 esta,
1766 2739 1789 2771 y
1816 2725 1989 2770 sospecho

236 2807 305 2839 que
331 2795 365 2828 la
391 2806 460 2838 aya
486 2792 681 2838 procui-ado
709 2792 741 2825 el
768 2792 859 2824 buen
887 2790 952 2824 D.2
978 2790 1048 2823 imo
1074 2788 1196 2822 forsan
1223 2786 1363 2820 escrit-a.
1408 2784 1507 2818 Elias
1532 2782 1713 2827 quedaron
1740 2791 1805 2814 con
1831 2780 1990 2812 Maesti-o

239 2848 380 2881 Canisio
408 2847 464 2880 del
489 2846 641 2879 acuerdo
677 2856 744 2888 que
772 2843 813 2878 V.
843 2844 881 2877 P.
908 2844 996 2876 aura
1023 2843 1135 2881 visto:
1172 2852 1195 2885 y
1223 2843 1302 2873 esta
1327 2840 1428 2872 carta
1453 2849 1508 2870 me
1535 2836 1652 2869 anima
1679 2836 1756 2867 mas
1795 2833 1837 2866 de
1863 2832 1896 2865 lo
1923 2842 1990 2874 que

239 2904 365 2934 estana
383 2902 503 2938 antes3
531 2911 553 2942 y
573 2900 649 2931 ansi
677 2909 720 2931 no
740 2909 796 2930 me
815 2907 961 2941 pai-esce
980 2907 1023 2929 en
1041 2895 1200 2937 ninguna
1218 2903 1364 2926 manera
1382 2891 1507 2924 mudar
1525 2889 1557 2922 el
1575 2889 1705 2922 desefio
1724 2886 1781 2920 del
1799 2886 1837 2919 P.
1859 2885 1991 2928 Lanoy.

241 2953 436 2986 Juntarnos
463 2952 586 2984 hemos
612 2950 684 2984 alla
711 2950 742 2983 el
770 2950 809 2983 P.
829 2949 981 2989 canisio,
1010 2948 1042 2981 el
1069 2947 1108 2981 P.
1128 2947 1249 2990 Lanoy
1275 2957 1299 2989 y
1324 2945 1389 2989 50⁴⁴
1423 2943 1528 2987 (Epp.
1555 2941 1674 2976 Naclal
1699 2939 1751 2973 III
1775 2936 1991 2978 219—220).

362 3044 389 3071 a)
411 3044 456 3067 Ita
477 3043 597 3066 Natalis
617 3042 679 3072 ipse
699 3042 826 3066 com-emit
847 3049 882 3065 ex
902 3047 922 3072 y
942 3045 1058 3072 prueua
1078 3037 1202 3063 embiar.
1257 3035 1287 3067 b)
1310 3037 1374 3061 Duo
1395 3043 1435 3059 rr.
1449 3042 1507 3066 sqq.
1528 3034 1563 3058 ab
1585 3034 1646 3064 ipso
1667 3031 1772 3056 Natale
1793 3030 1896 3054 addita
1916 3030 1984 3053 suut

368 3173 377 3191 ¹
404 3171 555 3204 Simonis
583 3171 733 3210 Botsch;
761 3171 842 3203 vide
869 3181 976 3214 supra
1002 3181 1035 3213 p.
1063 3169 1140 3203 771.
1288 3167 1300 3186 ‘-'
1326 3165 1490 3210 Dyrsius.
