2045 3471
188 177 273 218 846
644 173 738 206 Mon.
758 172 826 207 903
852 172 929 205 sive
956 182 1030 206 var.
1053 170 1142 213 (23).
1186 169 1241 204 26.
1260 169 1351 203 Nov.
1373 169 1473 203 1566.

187 292 406 347 propriam
447 291 711 334 visitationis
753 290 965 333 rationem
1008 288 1218 336 attinent,
1264 287 1407 329 aliena
1451 290 1552 330 sunt
1596 301 1622 329 a
1666 287 1834 330 ratione
1880 288 1945 329 in-

187 357 330 400 stituti
345 359 372 400 1.

306 422 438 464 Pater
471 421 691 474 Gasparus
725 417 831 473 [ete.,
870 424 911 460 ut
944 432 1075 472 supra
1105 432 1146 472 p.
1173 415 1293 471 630]

307 486 350 528 Si
382 486 435 528 N.
472 483 577 539 [etc.,
612 491 655 526 ut
687 499 819 539 supra
847 498 890 538 p.
918 481 1037 536 768]

307 551 522 600 Quantum
555 549 611 591 sit
644 563 721 602 pro
754 548 936 600 singulis
968 546 1144 600 nouitijs
1187 547 1508 601 supputandum
1550 547 1594 589 in
1628 547 1752 589 domo
1793 547 1946 601 proba-

188 615 331 665 tionis,
374 615 547 656 difficile
589 614 706 655 dictu
749 616 853 663 est⁸,
895 612 976 654 nisi
1019 626 1066 653 re
1107 612 1226 666 prius
1266 615 1460 655 tractata
1499 627 1594 654 cum
1636 613 1822 654 Rectore
1854 612 1948 653 Mo·

188 680 421 728 nachiensi,
455 683 499 721 et
531 679 626 732 alijs
650 678 918 727 Rectoribus,
953 677 1126 719 videtur
1158 677 1476 728 inconueniens‚
1512 681 1561 720 ut
1582 677 1721 719 minus
1753 691 1831 731 pro
1852 676 1947 717 illo-

187 759 282 786 rum
315 759 413 794 vno,
447 758 573 797 quam
608 757 686 797 pro
719 743 949 784 scolastico
982 743 1137 784 alendo
1170 744 1463 786 numeretur‘fl‘.

306 809 424 859 Quod
459 810 512 850 ad
545 811 691 850 uestes
724 822 861 850 nouas
893 808 979 849 illis
1010 807 1221 849 fratribus
1253 822 1405 850 recens
1441 808 1597 857 factas,
1641 806 1712 860 qui
1745 820 1799 848 ex
1831 806 1949 848 Vrbe

188 877 402 916 uenerunt
414 875 442 922 3,
467 876 511 915 et
529 872 797 927 Herbipolim
819 876 973 926 postea
990 872 1232 921 mittentur,
1256 873 1437 923 attinet;
1461 887 1544 914 non
1568 875 1637 914 est
1659 886 1734 913 cur
1752 871 1948 913 Rectori-

187 941 280 990 bus,
315 939 386 992 qui
409 941 553 980 vestes
586 939 810 987 dederunt,
845 941 1043 992 sumptus
1075 938 1247 979 illarum
1280 938 1549 987 refundatur,
1583 936 1839 991 praesertim
1871 950 1949 989 pro

188 1004 286 1053 illis,
322 1004 391 1056 qui
415 1003 658 1044 seruierunt
683 1002 855 1045 interim
879 1003 1094 1057 collegijs;
1129 1003 1237 1045 satis
1269 1005 1414 1045 autem
1448 1002 1531 1045 erit
1562 1003 1595 1043 si
1629 1002 1790 1044 fratres
1820 1001 1949 1054 ijdem

189 1072 342 1123 postea
374 1068 604 1110 mittantur
628 1068 895 1121 Herbipolim
928 1082 1021 1109 cum
1046 1068 1240 1110 vestibus
1273 1082 1380 1120 quas
1413 1081 1467 1109 ex
1490 1068 1607 1109 Vrbe
1639 1067 1846 1116 tulerunt,
1880 1066 1950 1107 uel

190 1133 477 1175 mediocribus
518 1133 628 1187 aliJ'S,
670 1133 713 1174 in
756 1133 910 1186 quibus
952 1133 987 1174 si
1031 1137 1148 1176 esset
1189 1136 1421 1186 grauatum
1463 1133 1706 1185 collegium,
1748 1131 1950 1173 refundet

191 1198 351 1251 aliquid
383 1212 460 1251 pro
492 1198 577 1239 illis
609 1198 852 1252 sumptibus
885 1198 1113 1251 collegium
1147 1198 1473 1252 Herbipolense.

308 1263 452 1315 Agere
493 1265 640 1316 potest
671 1263 956 1305 Prouincialis
998 1277 1094 1305 cum
1137 1263 1428 1316 confessariJ'S,
1476 1264 1523 1304 ut
1564 1275 1617 1303 ne
1657 1264 1822 1304 temere
1864 1260 1950 1301 dis-

190 1331 373 1383 pensent
405 1342 500 1369 cum
533 1328 693 1370 nostris
726 1328 948 1378 fratribus,
982 1329 1054 1381 qui
1087 1329 1265 1382 cupiunt
1288 1327 1475 1377 liberari,
1510 1342 1536 1368 a
1557 1326 1779 1369 recitando
1809 1325 1951 1367 officio

192 1395 255 1437 .B.
280 1393 482 1446 Virginis.
546 1393 705 1442 Quodsi
746 1393 938 1435 iudicant
980 1407 1053 1435 eos
1095 1393 1167 1446 qui
1205 1396 1373 1447 petunt,
1415 1392 1563 1434 utilius
1595 1392 1637 1433 in
1670 1391 1951 1433 meditatione

190 1457 404 1512 spirituali
445 1457 525 1499 hoc
566 1463 739 1512 tempus
779 1458 991 1500 recitandi
1034 1458 1162 1511 officij
1206 1472 1379 1511 ponere,
1422 1460 1628 1511 poterunt
1660 1456 1831 1509 quidem
1864 1454 1951 1496 dis-

190 1537 386 1576 pensare,
421 1523 495 1564 sed
530 1523 771 1564 consultum
796 1527 913 1565 esset
940 1523 1085 1573 etiam,
1119 1528 1168 1565 ut
1190 1523 1370 1565 alternis
1393 1522 1541 1564 diebus
1565 1524 1742 1563 orarent
1764 1520 1951 1562 officium

191 1588 351 1629 dictum
374 1587 599 1638 vocaliter,
634 1591 678 1630 et
711 1588 807 1642 alijs
839 1588 1168 1637 meditarentur,
1203 1591 1251 1630 ut
1282 1588 1345 1629 ita
1376 1601 1461 1629 non
1494 1587 1664 1629 omnino
1691 1586 1951 1627 desuescant

190 1652 329 1694 vocali
363 1653 558 1695 oratione
590 1653 666 1696 uti.
731 1653 823 1702 Qua
864 1653 906 1694 in
940 1667 986 1694 re
1028 1653 1227 1695 habenda
1259 1653 1342 1694 erit
1373 1652 1485 1694 ratio
1519 1652 1702 1704 diligens
1743 1663 1949 1704 persona-

191 1731 298 1767 rum,
333 1731 426 1758 cum
461 1717 614 1770 quibus
647 1718 966 1771 dispensatur4.

312 1782 353 1824 Si
388 1783 602 1835 Monachij
638 1781 745 1837 [etc.‚
780 1788 825 1824 ut
856 1798 990 1837 supra
1021 1798 1062 1837 p.
1091 1781 1208 1836 768]

309 1847 548 1889 Absoluere
592 1849 730 1890 nostri
774 1851 956 1901 possunt
1000 1847 1258 1889 simoniacos
1302 1847 1356 1888 ab
1399 1845 1823 1895 excomunicatione,
1871 1844 1947 1885 sed

192 1911 305 1964 quod
327 1912 381 1953 ad
412 1912 730 1954 restitutionem
755 1912 928 1963 attinet,
962 1913 1161 1954 monendi
1193 1914 1295 1953 sunt
1325 1911 1400 1962 illi,
1436 1914 1483 1954 ut
1506 1910 1782 1953 satisfaciant
1803 1909 1947 1950 bullae

192 1976 424 2027 Pontificis,
459 1977 628 2019 etiamsi
661 1991 768 2031 opus
801 1980 917 2020 esset
949 1978 1101 2019 cedere
1134 1976 1401 2019 benefitiob5.

309 2042 405 2083 Non
439 2056 545 2095 opus
577 2042 660 2084 erit
692 2045 958 2096 praesentes,
994 2042 1065 2094 qui
1096 2042 1183 2083 iam
1206 2042 1296 2083 noti
1319 2044 1432 2091 sunt,
1467 2039 1755 2082 confessarios
1779 2041 1823 2081 et
1846 2052 1945 2080 con-

191 2105 434 2148 cionatores
467 2107 519 2148 de
550 2121 662 2148 nouo
695 2108 959 2157 examinare,
993 2107 1069 2148 sed
1092 2110 1280 2157 curetur,
1315 2109 1362 2148 ut
1385 2107 1635 2147 sacerdotes
1658 2104 1729 2157 qui
1750 2105 1945 2157 possunt,

191 2171 380 2223 quotidie
413 2171 561 2213 horam
596 2186 723 2213 Vnam
765 2172 916 2225 legant
949 2172 1000 2213 de
1043 2172 1214 2213 casibus
1256 2170 1561 2220 conscientiae,
1604 2173 1736 2222 utque
1769 2169 1821 2210 de
1861 2168 1947 2209 illis

190 2235 320 2277 etiam
353 2235 424 2277 ubi
458 2237 679 2278 commode
711 2237 804 2278 fieri
845 2240 1004 2291 potest,
1045 2236 1276 2278 lectionem
1311 2236 1503 2285 audiant,
1546 2238 1590 2277 et
1621 2235 1735 2275 inter
1766 2247 1812 2274 se
1845 2246 1946 2274 con-

189 2299 345 2350 ferant,
380 2303 455 2342 aut
487 2301 707 2354 disputent
740 2302 974 2344 commode.

307 2367 533 2417 Augustae
565 2366 712 2407 videat
745 2364 810 2420 [ut
841 2381 975 2421 supra
1002 2381 1046 2421 p.
1070 2364 1191 2419 549]

309 2462 336 2492 a)
359 2463 417 2486 Hoc
439 2470 460 2487 r.
481 2463 516 2487 ab
538 2463 599 2493 ipso
620 2464 687 2488 Nat.
707 2471 799 2494 snpra
822 2471 934 2488 ret-suen
954 2463 1096 2494 scriptum
1116 2467 1166 2487 est.
1240 2462 1269 2490 b)
1289 2463 1358 2487 Vide
1381 2462 1462 2492 infra
1483 2462 1551 2486 adn.
1571 2463 1596 2485 5.

312 2598 321 2616 ¹
347 2598 396 2631 Ut
430 2598 657 2631 sacerdotum
684 2599 880 2632 doctrinam
909 2598 1076 2643 experiri,
1113 2597 1368 2631 monachorum
1395 2607 1512 2630 mores
1539 2595 1736 2640 explorare,
1773 2594 1944 2634 aedificia,

189 2649 355 2690 rationes,
393 2650 512 2691 libros,
539 2662 627 2684 vasa
653 2662 756 2684 sacra
782 2651 958 2695 inspicere
985 2656 1052 2686 etc.
1104 2651 1318 2685 Germaniae
1345 2650 1539 2694 superioris
1565 2648 1658 2682 Socii
1688 2648 1776 2681 haec
1802 2659 1832 2680 a.
1855 2648 1945 2681 1564

189 2705 224 2734 et
245 2703 332 2735 1565
359 2714 623 2747 nonnumquam
651 2704 927 2748 praestiterant;
955 2717 989 2738 v.
1014 2706 1098 2738 Can.
1118 2704 1168 2737 lV
1196 2703 1382 2738 672-673
1409 2702 1613 2742 724—730;
1641 2701 1685 2734 cf.
1704 2712 1813 2744 supra
1839 2712 1871 2745 p.
1887 2701 1942 2734 87.

309 2761 321 2780 '²
346 2762 423 2794 Hac
458 2762 569 2804 igitur
603 2763 638 2795 in
664 2774 702 2796 re
728 2762 894 2796 Natalem
929 2763 1145 2796 sententiam
1176 2762 1235 2804 (cf.
1263 2773 1372 2806 supra
1397 2773 1429 2806 p.
1451 2762 1533 2803 843)
1562 2762 1721 2794 mutasse
1757 2759 1942 2793 dicendum

191 2814 263 2851 est;
291 2813 358 2846 nisi
384 2814 472 2847 vitio
499 2815 686 2858 scriptoris
712 2818 794 2848 ante
824 2816 1005 2857 „videtui-‘⁴
1037 2816 1186 2848 verbum
1217 2818 1325 2856 „non“
1355 2815 1524 2848 omissum
1552 2825 1631 2847 esse
1658 2813 1801 2846 dixeris.

310 2873 322 2891 3
349 2872 437 2905 Vide
463 2884 571 2916 supra
598 2885 630 2917 p.
650 2874 717 2907 329
745 2874 823 2907 773.

309 2932 320 2949 ⁴
348 2929 398 2962 De
425 2930 491 2964 hac
517 2943 554 2963 re
581 2943 614 2965 v.
643 2943 751 2976 supra
777 2944 809 2976 p.
829 2932 897 2966 296
925 2933 991 2967 306
1018 2933 1097 2966 316.

310 2989 322 3006 ⁵
348 2989 522 3021 Polme-ns
546 2989 581 3022 in
609 2990 769 3032 margine
797 2991 938 3033 quidem
964 2991 1119 3024 notavit:
1151 2991 1314 3032 ⁷¹videtur
1341 3001 1444 3034 posse
1470 2989 1617 3034 proponi
1644 2987 1800 3033 pontifici
1816 3015 1822 3022 .
1838 2987 1940 3026 fiat“;

192 3039 225 3071 in
252 3039 327 3082 ipso
354 3044 471 3073 autem
499 3053 643 3085 corpore
669 3043 793 3086 scripti
829 3043 911 3076 huic
937 3044 1046 3087 capiti
1073 3042 1131 3076 vel
1160 3045 1352 3088 praecepto
1387 3042 1475 3076 haec
1510 3041 1665 3075 addidit:
1705 3040 1814 3082 „adde
1848 3039 1940 3083 quod

193 3091 322 3123 debent
356 3094 469 3135 parati
505 3106 583 3127 esse
618 3095 660 3127 ad
690 3095 891 3128 faciendum
923 3096 1014 3138 quod
1042 3095 1204 3129 debent‘.
1256 3096 1421 3128 Ceterum
1456 3095 1498 3128 de
1533 3094 1737 3127 simoniacis
1771 3104 1805 3126 v.
1832 3103 1941 3136 supra

195 3156 225 3185 p.
249 3144 310 3176 191
339 3147 416 3177 ΖΙῖ).
