2077 3461
520 202 739 237 Monasterio
762 197 1056 244 W'estphalorum
1084 195 1138 229 13.
1164 193 1250 228 Deo.
1270 192 1372 226 1565.
1749 189 1829 229 149

72 327 234 371 scripsit:
262 325 306 359 Se
332 324 484 368 primum
513 322 654 355 venisse
681 319 725 353 ad
752 318 955 362 episcopum
983 313 1307 354 osnaburgensem;
1347 308 1461 352 „apud
1486 307 1581 340 hunc
1608 306 1676 339 iam
1704 304 1833 338 haereo

76 382 128 415 14.
157 379 299 414 diebus:
337 404 344 411 .
365 404 372 411 .
393 403 400 410 .
427 387 557 419 sequar
592 372 778 408 consilium
806 365 1107 404 Reuerendissimi
1141 364 1260 404 huius,
1296 362 1354 405 qui
1382 359 1577 399 dissuadet,
1612 370 1656 392 ne
1683 357 1727 391 ad
1754 356 1834 390 illos

74 432 254 467 antistites
290 430 450 464 abeam“.
511 428 630 470 Atque
666 426 787 459 exstat
821 420 1087 468 apographum,
1123 417 1228 461 idque
1264 415 1405 448 omnino
1441 415 1594 449 certum,
1631 411 1834 445 litterarum

74 484 312 520 Furstenavia
350 483 402 516 17.
430 479 639 515 Decembris
675 477 766 512 1565
803 476 987 514 datarum,
1026 472 1155 517 quibus
1191 468 1356 502 Canisius
1392 478 1470 500 cum
1508 466 1673 510 episcopo
1712 463 1835 508 pader-

74 538 240 573 bornensi
259 537 302 570 de
327 534 520 578 legationis
545 544 632 567 suae
658 531 764 565 rebus
792 528 933 572 agebat.
983 526 1108 569 Neque
1135 534 1214 558 cum
1242 522 1307 555 hoc
1334 520 1408 554 solo
1435 520 1486 553 ita
1513 518 1603 561 egit;
1630 529 1711 551 nam
1739 517 1835 559 lega-

75 593 170 626 tione
197 591 272 624 fere
299 589 464 623 absoluta
489 584 678 629 Moguntia
704 584 760 618 28.
781 581 935 616 Ianuarii
965 581 1054 615 1566
1073 577 1227 620 Borgiae
1254 573 1458 620 praeposito
1485 570 1644 615 generali
1671 570 1834 614 scripsit:

76 646 121 680 Se
147 656 225 679 cum
254 642 430 688 episcopis
461 638 692 684 „quibusdam
725 636 843 678 egisse
870 646 933 679 per
962 633 1105 667 literas“
1130 657 1136 664 .
1157 630 1280 673 Neque
1317 626 1472 661 dubitari
1508 627 1636 669 potest,
1673 623 1756 667 quin
1793 634 1837 656 ex

76 698 200 732 horum
234 707 380 730 numero
416 693 525 727 fuerit
558 690 763 725 Bernardus
797 700 818 722 a
854 686 1043 725 Raesfeld;
1080 695 1162 718 nam
1202 683 1294 716 inter
1332 680 1561 725 episcopatus
1587 675 1837 720 westphaliae

76 748 369 785 monasteriensis
395 747 455 781 ille
482 747 559 779 erat
584 743 809 788 praecipuus.
852 741 892 774 ln
919 738 1074 784 epistula
1100 738 1232 776 autem,
1260 745 1365 778 quam
1392 743 1531 777 ponam,
1558 741 1672 773 genus
1699 729 1837 763 dicendi

78 804 235 838 cernitur
262 801 499 836 canisianum:
532 796 697 840 congruit
722 797 883 838 tempus;
920 803 988 832 res,
1016 802 1107 835 quae
1134 790 1311 827 dicuntur,
1338 797 1417 820 cum
1444 784 1500 825 iis,
1537 794 1628 827 quae
1655 783 1689 815 in
1717 781 1839 826 pader-

78 856 313 891 bornensibus
339 853 411 887 illis
445 850 579 885 litteris
613 848 854 893 proferuntur,
890 845 1118 879 conveniunt.
1169 841 1258 876 Mihi
1294 841 1389 874 certe
1424 838 1530 880 longe
1565 834 1749 870 difficilius
1785 836 1838 868 est

78 910 222 945 credere
255 908 348 942 hanc
375 904 578 950 epistulam,
614 913 695 936 cum
729 912 817 934 vera
843 898 977 934 Canisii
1005 896 1159 942 epistula
1185 894 1348 940 perisset,
1384 891 1570 926 confictam
1607 900 1697 929 esse,
1733 899 1839 931 quam

80 963 224 998 credere
249 961 342 995 hanc
368 959 482 1004 ipsam
509 955 701 1001 epistulam
728 966 748 987 a
775 952 917 987 Canisio
944 951 1029 984 olim
1055 950 1176 984 datam
1203 959 1293 982 esse.
1348 946 1464 989 Atque
1495 944 1587 977 idem
1615 945 1650 976 et
1675 941 1778 976 Kock
1806 943 1840 974 et

80 1015 202 1050 Keller
228 1016 264 1048 et
281 1013 434 1055 H'using,
462 1021 550 1054 quos
569 1019 678 1053 supra
704 1005 897 1046 nominavi,
925 1004 1081 1038 sensisse
1099 1002 1279 1036 videntur.
1322 999 1447 1043 Neque
1472 1000 1594 1031 tamen
1621 998 1717 1030 certo
1744 994 1840 1028 affir—

80 1080 177 1103 mare
203 1066 330 1106 ausim,
365 1062 556 1109 epistulam
583 1061 724 1095 omnino
755 1070 833 1093 esse
868 1058 1058 1101 integram.
1108 1055 1286 1093 Fortasse,
1323 1052 1383 1096 qui
1419 1062 1497 1085 eam
1532 1048 1771 1093 transcripsit,
1806 1047 1841 1080 in

80 1122 209 1156 librum
229 1119 382 1163 aliquem
403 1129 423 1151 a
441 1128 480 1151 se
495 1114 717 1158 vulgandum
738 1124 816 1146 eam
831 1110 990 1155 recipere
1008 1108 1171 1147 volebat;
1192 1106 1385 1151 scriptores
1403 1107 1524 1139 autem
1542 1114 1612 1136 non
1631 1100 1843 1136 dubitabant

80 1175 263 1217 librorum,
299 1182 388 1216 quos
414 1169 629 1209 scribebant,
666 1169 701 1200 et
736 1165 914 1205 utilitatis,
952 1174 1059 1207 quam
1087 1171 1132 1195 ex
1167 1161 1211 1194 iis
1238 1159 1470 1204 quaerebant,
1505 1156 1634 1190 rationi
1670 1154 1842 1189 eiusmodi

81 1228 311 1262 monumenta
342 1222 503 1258 nonnihil
537 1219 826 1258 accommodare,
861 1216 1025 1262 poliendo
1061 1225 1280 1254 sermonem,
1315 1210 1510 1246 omittendo
1546 1209 1689 1253 aliquod
1725 1209 1844 1252 caput,

84 1279 324 1316 contrahendo
351 1277 471 1320 aliqua
490 1276 524 1309 in
543 1284 719 1309 summam
746 1271 959 1305 breviorem.
1003 1269 1036 1303 2.
1054 1268 1311 1302 Monasterium
1333 1263 1527 1308 (Mtinster)
1549 1261 1843 1306 VVestphalorum

84 1333 402 1378 Anabaptistarum
429 1329 570 1374 quidem
597 1325 788 1372 tyrannide
814 1336 845 1359 a.
866 1324 956 1358 1535
984 1323 1174 1356 liberatum
1202 1322 1297 1360 erat;
1335 1318 1396 1352 sed
1432 1318 1466 1351 in
1502 1316 1588 1350 urbe
1615 1327 1656 1349 ac
1692 1313 1844 1348 dioecesi

85 1387 244 1432 germina
278 1381 565 1431 protestantismi
600 1379 794 1414 manebant
829 1380 865 1412 et
899 1376 1087 1422 paullatim
1124 1373 1351 1412 crescebant,
1388 1371 1491 1404 multi
1528 1382 1572 1403 ex
1599 1368 1692 1403 clero
1725 1367 1844 1412 palam

86 1440 304 1476 concubinas
329 1436 528 1475 habebant3
563 1445 680 1477 neque
706 1431 863 1477 episcopi
898 1430 1004 1473 longe
1030 1427 1196 1462 meliores
1222 1428 1338 1460 erant:
1374 1424 1587 1458 Franciscus
1623 1434 1642 1456 a
1668 1420 1845 1455 WValdeck

88 1491 354 1534 (1532—1553)
383 1488 514 1524 Veneri
542 1487 694 1526 deditus,
729 1484 875 1518 Lutheri
911 1483 1029 1527 potius,
1056 1493 1161 1526 quam
1190 1479 1325 1513 romani
1360 1476 1538 1523 pontificis
1563 1475 1697 1520 placita
1723 1485 1847 1517 seque-

85 1548 209 1587 batur;
245 1543 458 1579 Guilielmus
484 1553 504 1575 a
530 1540 693 1574 Ketteler
721 1536 987 1579 (1553—1557)
1018 1535 1226 1580 episcopatu
1262 1531 1388 1566 cedere
1415 1541 1521 1574 quam
1555 1529 1729 1562 usitatum
1760 1526 1846 1560 illud

85 1599 331 1634 iusiurandum
358 1593 517 1641 pontifici
543 1593 628 1627 dare
654 1591 792 1626 maluit.
844 1589 990 1623 Electus
1017 1587 1143 1622 deinde
1179 1587 1234 1620 est
1268 1584 1423 1618 omnium
1451 1582 1634 1625 suffragiis
1661 1580 1849 1626 episcopus

88 1656 122 1687 et
148 1651 304 1686 officium
340 1649 476 1683 invitus
508 1645 669 1691 suscepit
693 1643 899 1678 Bel-nardus
925 1653 945 1675 a
971 1640 1152 1680 Raesfeld,
1186 1638 1359 1672 ecclesiae
1394 1635 1593 1678 collegialis
1628 1634 1662 1668 S.
1690 1633 1850 1668 Mauritii

88 1705 314 1751 praepositus
353 1705 389 1736 et
426 1699 575 1746 capituli
620 1697 839 1732 cathedralis
877 1694 1045 1729 cellarius
1086 1693 1122 1735 (†
1163 1691 1291 1735 1574),
1329 1689 1437 1724 nobili
1483 1691 1519 1723 et
1556 1688 1693 1733 potenti
1728 1687 1848 1721 XVest-

88 1759 229 1804 phaliae
256 1755 393 1791 familia
419 1756 528 1794 ortus,
566 1754 622 1786 vir
648 1750 847 1785 catholicus
873 1751 910 1783 et
934 1749 1058 1787 bonus,
1085 1745 1272 1779 voluntate
1297 1746 1417 1778 tamen
1443 1742 1626 1776 infirmior.
1678 1740 1848 1785 Impedie-

88 1813 193 1846 batur
220 1810 328 1845 etiam
354 1808 494 1842 bellicis
519 1805 685 1845 motibus,
721 1803 961 1838 subiectorum
997 1799 1125 1834 animis
1160 1798 1203 1832 ad
1231 1796 1486 1831 oboediendum
1513 1806 1638 1840 parum
1665 1794 1850 1839 promptis,

88 1865 139 1899 rei
173 1862 395 1898 nummariae
431 1859 620 1903 angustiis.
672 1858 760 1891 Cum
795 1855 907 1899 igitur
941 1866 979 1888 se
1015 1853 1065 1887 rei
1099 1851 1262 1897 publicae
1289 1849 1544 1884 instaurandae
1570 1849 1742 1893 imparem
1770 1859 1851 1881 cen—

89 1920 194 1957 seret,
221 1917 309 1961 ipse,
335 1917 375 1949 ut
401 1912 615 1959 episcopalis
642 1908 964 1944 administrationis
982 1917 1087 1941 onere
1113 1905 1307 1944 levaretur,
1334 1903 1445 1937 semel
1472 1905 1580 1946 atque
1600 1902 1729 1936 iterum
1748 1901 1852 1946 petiit

91 1983 131 2005 ac
157 1971 213 2004 25.
241 1967 407 2003 Octobris
437 1966 537 2006 1566,
573 1964 636 1997 Pio
663 1963 705 1997 V.
734 1961 964 2001 assentiente,
999 1960 1214 1994 consecutus
1244 1959 1299 1991 est
1328 1957 1485 2000 (Iliisiny
1510 1956 1532 1990 l.
1560 1967 1588 1990 c.
1616 1955 1708 1989 2-3
1736 1954 1851 1989 9—12

92 2025 134 2059 15
162 2022 313 2057 26-30,
364 2021 491 2054 Hez‘nr.
522 2020 611 2061 Any.
640 2017 801 2059 Erlearcl,
837 2013 1054 2048 Geschichte
1086 2012 1279 2052 Munsters,
1315 2011 1479 2044 Munster
1516 2009 1616 2050 1837,
1652 2007 1850 2042 385-392.

92 2078 245 2110 Janssen
272 2075 295 2108 1.
315 2072 508 2108 ο.ΙΙ[17-18
533 2071 613 2104 560.
656 2069 778 2103 Keller
803 2068 826 2102 l.
846 2079 874 2101 c.
894 2067 907 2100 Ι
928 2065 1144 2109 274—275).
1188 2063 1263 2105 Quo
1290 2066 1450 2107 tempore
1477 2061 1666 2096 dioecesim
1693 2061 1853 2104 regebat,

92 2129 250 2163 Ahusiae
279 2125 450 2167 (Ahaus),
485 2124 520 2157 in
557 2122 686 2168 oppido
712 2121 807 2155 haud
834 2120 957 2165 procul
984 2118 1203 2153 Monasterio
1229 2118 1308 2158 sito,
1343 2116 1507 2150 habitare
1542 2115 1680 2149 solebat
1717 2114 1854 2158 (Keller

92 2183 113 2217 l.
134 2182 196 2216 c.I
224 2180 346 2223 355¹):
375 2177 552 2212 interdum
580 2180 700 2210 tamen
728 2175 835 2208 etiam
854 2172 1101 2207 Horstmariae
1128 2169 1350 2215 (Horstmar)
1379 2169 1437 2203 vel
1463 2168 1628 2213 Meppiae
1657 2167 1853 2212 (Meppen),

93 2247 184 2280 quae
219 2233 348 2278 oppida
383 2229 601 2265 Monasterio
636 2228 778 2271 longius
814 2227 968 2266 distant,
1004 2225 1159 2269 (legebat
1196 2224 1354 2267 (Hassinq
1388 2223 1410 2257 l.
1439 2235 1468 2257 c.
1502 2223 1568 2256 155
1598 2222 1663 2255 156
1692 2221 1756 2255 157
1787 2221 1850 2254 161

97 2289 164 2323 162
193 2287 271 2322 163.
322 2286 443 2319 Keller
468 2283 489 2317 l.
510 2294 539 2316 c.
568 2282 580 2315 I
608 2282 676 2316 352
703 2281 771 2316 353
798 2281 866 2315 355
893 2280 991 2322 358).

211 2352 427 2395 Episcopum
454 2348 666 2382 Mones-teria·
691 2346 874 2379 convenire
899 2356 969 2378 non
991 2345 1132 2387 potuit;
1168 2344 1243 2376 ideo
1274 2354 1341 2385 per
1374 2341 1597 2374 tabellarium
1626 2341 1656 2372 ei
1682 2339 1854 2372 authenti—

94 2417 171 2440 cum
198 2405 340 2438 concilii
374 2402 560 2436 tridentini
595 2400 789 2442 earemplmn
816 2403 846 2431 et
872 2399 931 2431 Ρίί
959 2399 977 2431 J
984 2399 1021 2431 1⁷.
1049 2398 1185 2430 litteras
1215 2397 1329 2428 mittit.
1381 2395 1566 2437 Episcopo,
1604 2398 1638 2425 ut
1674 2393 1853 2425 dioecesim

94 2460 272 2502 reformet,
299 2455 526 2489 commendat.

357 2528 383 2579 †
417 2527 533 2568 Pax²²
565 2523 791 2566 CHRISTI
824 2523 954 2565 IESV
987 2521 1221 2564 nobiscum.

514 2588 872 2631 'reuerendissime
905 2588 946 2629 in
980 2586 1222 2628 CHRISTO
1256 2586 1399 2627 Pater.

216 2664 366 2705 Visum
410 2664 495 2711 est,
538 2663 581 2702 et
622 2659 846 2713 praeclare
887 2658 1055 2711 quidem
1090 2658 1212 2698 Pont.
1254 2669 1368 2697 max.
1403 2654 1478 2696 Pio
1511 2653 1605 2695 IIII.
1641 2652 1681 2694 S.
1716 2652 1767 2694 D.
1800 2650 1855 2693 N.

99 2729 151 2771 ad
184 2726 496 2771 restituendam
531 2725 619 2766 orbi
665 2723 899 2765 christiano
941 2726 1032 2765 tum
1075 2720 1326 2774 religionem
1360 2722 1450 2761 tum
1484 2717 1754 2771 disciplinam
1788 2730 1856 2757 ec-

99 2793 384 2836 clesiasticam
417 2791 544 2832 hodie
566 2789 692 2831 valde
714 2788 1012 2842 perturbatam
1037 2790 1168 2839 atque
1191 2785 1457 2834 distractam,
1493 2796 1650 2837 operae
1672 2780 1857 2835 pretium

98 2859 205 2905 fore,
241 2858 416 2900 Sacrum
451 2859 495 2897 et
527 2853 845 2895 oecumenicum
879 2851 1103 2894 concilium
1138 2865 1221 2891 non
1254 2849 1379 2891 modo
1412 2848 1605 2902 legitime
1635 2845 1857 2895 celebrari,

99 2937 247 2964 verum
294 2922 425 2963 etiam
472 2934 567 2961 cum
612 2918 723 2959 idem
768 2917 851 2958 rite
896 2916 1138 2957 confectum
1185 2916 1321 2963 esset,
1370 2913 1530 2967 passim
1578 2912 1620 2953 in
1666 2910 1859 2953 ecclesiis

100 2986 322 3041 publicari,
368 2989 499 3038 atque
543 2998 568 3025 a
613 2981 836 3024 catholicis
878 2981 1102 3035 Episcopis
1147 2978 1392 3020 executioni
1437 2977 1547 3019 serio
1593 2975 1857 3024 demandari,

103 3065 234 3104 quare
267 3053 462 3092 curatum
496 3053 563 3090 est
596 3048 648 3089 ab
679 3047 826 3088 eodem
852 3046 1024 3087 Summo
1048 3044 1254 3086 Pontifice
1288 3043 1517 3095 diligenter
1549 3045 1597 3084 ut.
1629 3040 1859 3095 superiori-

1083 3109 1089 3126 1

102 3116 181 3157 bus
222 3114 439 3156 mensibus
480 3113 652 3166 quidam
696 3111 748 3153 ad
793 3110 1097 3152 (j1'e1·manicos'
1139 3109 1376 3162 Episcopos
1425 3107 1739 3155 destinaretur,
1789 3103 1858 3157 qui

224 3196 250 3226 a)
273 3197 331 3220 Hm·
353 3203 374 3220 r.
395 3199 419 3219 νε
442 3197 524 3225 quq.
546 3202 562 3217 ιι
587 3193 685 3217 ΚΛΜ·
705 3192 808 3215 amivm
830 3195 904 3214 suut.
979 3189 1007 3211 bi
1029 3196 1190 3220 germanos
1215 3189 1298 3212 [sm-lc.
