<?xml version="1.0" encoding="UTF-8"?>
<!DOCTYPE html PUBLIC "-//W3C//DTD XHTML 1.0 Transitional//EN"
    "http://www.w3.org/TR/xhtml1/DTD/xhtml1-transitional.dtd">
<html xmlns="http://www.w3.org/1999/xhtml" xml:lang="en" lang="en">
 <head>
  <title>
</title>
<meta http-equiv="Content-Type" content="text/html;charset=utf-8" />
  <meta name='ocr-system' content='tesseract 3.04.00' />
  <meta name='ocr-capabilities' content='ocr_page ocr_carea ocr_par ocr_line ocrx_word'/>
</head>
<body>
  <div class='ocr_page' id='page_1' title='image "beatipetricanisi05cani_0529.png"; bbox 0 0 2045 3471; ppageno 0'>
   <div class='ocr_carea' id='block_1_1' title="bbox 680 201 1805 246">
    <p class='ocr_par' dir='ltr' id='par_1_1' title="bbox 680 201 1805 246">
     <span class='ocr_line' id='line_1_1' title="bbox 680 201 1805 246; baseline 0.009 -11"><span class='ocrx_word' id='word_1_1' title='bbox 680 201 824 244; x_wconf 83' lang='lat' dir='ltr'>Dilinga</span> <span class='ocrx_word' id='word_1_2' title='bbox 849 201 905 235; x_wconf 83' lang='lat'>24.</span> <span class='ocrx_word' id='word_1_3' title='bbox 925 201 1058 246; x_wconf 85' lang='lat' dir='ltr'>Aprilis</span> <span class='ocrx_word' id='word_1_4' title='bbox 1080 201 1180 236; x_wconf 81' lang='lat'>1567.</span> <span class='ocrx_word' id='word_1_5' title='bbox 1724 205 1805 245; x_wconf 72' lang='lat'>441</span> 
     </span>
    </p>
   </div>
   <div class='ocr_carea' id='block_1_2' title="bbox 47 319 1811 2126">
    <p class='ocr_par' dir='ltr' id='par_1_2' title="bbox 48 319 1811 1281">
     <span class='ocr_line' id='line_1_2' title="bbox 51 319 1810 374; baseline 0.001 -14"><span class='ocrx_word' id='word_1_6' title='bbox 51 333 106 361; x_wconf 84' lang='lat' dir='ltr'>ex</span> <span class='ocrx_word' id='word_1_7' title='bbox 146 319 296 374; x_wconf 85' lang='lat' dir='ltr'>ijsdem</span> <span class='ocrx_word' id='word_1_8' title='bbox 329 319 513 373; x_wconf 84' lang='lat' dir='ltr'>probare</span> <span class='ocrx_word' id='word_1_9' title='bbox 554 320 766 363; x_wconf 81' lang='lat' dir='ltr'>uideturl.</span> <span class='ocrx_word' id='word_1_10' title='bbox 839 320 932 362; x_wconf 90' lang='lat' dir='ltr'>Nec</span> <span class='ocrx_word' id='word_1_11' title='bbox 974 320 1161 362; x_wconf 85' lang='lat' dir='ltr'>fortasse</span> <span class='ocrx_word' id='word_1_12' title='bbox 1201 320 1394 362; x_wconf 87' lang='lat' dir='ltr'>rationes</span> <span class='ocrx_word' id='word_1_13' title='bbox 1436 320 1613 371; x_wconf 90' lang='lat' dir='ltr'>desunt,</span> <span class='ocrx_word' id='word_1_14' title='bbox 1657 321 1810 374; x_wconf 91' lang='lat' dir='ltr'>quibus</span> 
     </span>
     <span class='ocr_line' id='line_1_3' title="bbox 51 383 1810 439; baseline 0.001 -13"><span class='ocrx_word' id='word_1_15' title='bbox 51 383 218 426; x_wconf 87' lang='lat' dir='ltr'>ostendi</span> <span class='ocrx_word' id='word_1_16' title='bbox 251 384 388 437; x_wconf 87' lang='lat' dir='ltr'>possit</span> <span class='ocrx_word' id='word_1_17' title='bbox 419 384 588 426; x_wconf 89' lang='lat' dir='ltr'>utilitas</span> <span class='ocrx_word' id='word_1_18' title='bbox 619 384 718 426; x_wconf 91' lang='lat' dir='ltr'>inde</span> <span class='ocrx_word' id='word_1_19' title='bbox 749 385 1020 439; x_wconf 83' lang='lat' dir='ltr'>prouenienS‚</span> <span class='ocrx_word' id='word_1_20' title='bbox 1065 399 1159 426; x_wconf 90' lang='lat' dir='ltr'>cum</span> <span class='ocrx_word' id='word_1_21' title='bbox 1192 387 1343 427; x_wconf 88' lang='lat' dir='ltr'>nostra</span> <span class='ocrx_word' id='word_1_22' title='bbox 1375 385 1566 438; x_wconf 83' lang='lat' dir='ltr'>Collegia</span> <span class='ocrx_word' id='word_1_23' title='bbox 1603 385 1810 428; x_wconf 89' lang='lat' dir='ltr'>honestas</span> 
     </span>
     <span class='ocr_line' id='line_1_4' title="bbox 50 448 1809 503; baseline 0.001 -13"><span class='ocrx_word' id='word_1_24' title='bbox 50 448 266 491; x_wconf 88' lang='lat' dir='ltr'>sustinent</span> <span class='ocrx_word' id='word_1_25' title='bbox 298 448 598 501; x_wconf 74' lang='lat' dir='ltr'>obligationes,</span> <span class='ocrx_word' id='word_1_26' title='bbox 631 449 673 491; x_wconf 92' lang='lat' dir='ltr'>in</span> <span class='ocrx_word' id='word_1_27' title='bbox 698 450 863 491; x_wconf 83' lang='lat' dir='ltr'>alendis</span> <span class='ocrx_word' id='word_1_28' title='bbox 885 449 1142 503; x_wconf 90' lang='lat' dir='ltr'>praesertim</span> <span class='ocrx_word' id='word_1_29' title='bbox 1165 449 1396 502; x_wconf 83' lang='lat' dir='ltr'>Theologis</span> <span class='ocrx_word' id='word_1_30' title='bbox 1419 453 1463 492; x_wconf 92' lang='lat' dir='ltr'>et</span> <span class='ocrx_word' id='word_1_31' title='bbox 1485 450 1809 501; x_wconf 87' lang='lat' dir='ltr'>Concionatore‚</span> 
     </span>
     <span class='ocr_line' id='line_1_5' title="bbox 50 513 1811 568; baseline 0.001 -13"><span class='ocrx_word' id='word_1_32' title='bbox 50 513 162 555; x_wconf 87' lang='lat' dir='ltr'>sicut</span> <span class='ocrx_word' id='word_1_33' title='bbox 193 513 403 556; x_wconf 86' lang='lat' dir='ltr'>hactenus</span> <span class='ocrx_word' id='word_1_34' title='bbox 434 514 477 555; x_wconf 93' lang='lat' dir='ltr'>in</span> <span class='ocrx_word' id='word_1_35' title='bbox 512 514 657 556; x_wconf 90' lang='lat' dir='ltr'>multis</span> <span class='ocrx_word' id='word_1_36' title='bbox 691 514 892 568; x_wconf 83' lang='lat' dir='ltr'>Collegijs</span> <span class='ocrx_word' id='word_1_37' title='bbox 924 515 1089 557; x_wconf 79' lang='lat' dir='ltr'>factum</span> <span class='ocrx_word' id='word_1_38' title='bbox 1132 514 1340 556; x_wconf 87' lang='lat' dir='ltr'>uidemus.</span> <span class='ocrx_word' id='word_1_39' title='bbox 1402 514 1563 556; x_wconf 89' lang='lat' dir='ltr'>Verum</span> <span class='ocrx_word' id='word_1_40' title='bbox 1607 515 1642 556; x_wconf 89' lang='lat' dir='ltr'>si</span> <span class='ocrx_word' id='word_1_41' title='bbox 1684 515 1811 557; x_wconf 90' lang='lat' dir='ltr'>aliter</span> 
     </span>
     <span class='ocr_line' id='line_1_6' title="bbox 49 577 1811 633; baseline 0.002 -14"><span class='ocrx_word' id='word_1_42' title='bbox 49 577 188 619; x_wconf 90' lang='lat' dir='ltr'>uisum</span> <span class='ocrx_word' id='word_1_43' title='bbox 222 578 305 619; x_wconf 86' lang='lat' dir='ltr'>erit</span> <span class='ocrx_word' id='word_1_44' title='bbox 338 578 600 621; x_wconf 86' lang='lat' dir='ltr'>Paternitati</span> <span class='ocrx_word' id='word_1_45' title='bbox 633 581 750 629; x_wconf 88' lang='lat' dir='ltr'>tuae,</span> <span class='ocrx_word' id='word_1_46' title='bbox 784 579 1054 633; x_wconf 74' lang='lat' dir='ltr'>praescribat</span> <span class='ocrx_word' id='word_1_47' title='bbox 1087 592 1247 632; x_wconf 82' lang='lat' dir='ltr'>quaeso</span> <span class='ocrx_word' id='word_1_48' title='bbox 1282 581 1446 621; x_wconf 87' lang='lat' dir='ltr'>certam</span> <span class='ocrx_word' id='word_1_49' title='bbox 1479 579 1743 622; x_wconf 77' lang='lat' dir='ltr'>fundationis</span> <span class='ocrx_word' id='word_1_50' title='bbox 1767 583 1811 622; x_wconf 89' lang='lat' dir='ltr'>et</span> 
     </span>
     <span class='ocr_line' id='line_1_7' title="bbox 50 642 1809 698; baseline 0.001 -13"><span class='ocrx_word' id='word_1_51' title='bbox 50 642 284 685; x_wconf 71' lang='lat' dir='ltr'>dotationis</span> <span class='ocrx_word' id='word_1_52' title='bbox 301 642 546 693; x_wconf 82' lang='lat' dir='ltr'>formulam,</span> <span class='ocrx_word' id='word_1_53' title='bbox 566 657 676 696; x_wconf 85' lang='lat' dir='ltr'>quae</span> <span class='ocrx_word' id='word_1_54' title='bbox 694 644 804 685; x_wconf 92' lang='lat' dir='ltr'>bono</span> <span class='ocrx_word' id='word_1_55' title='bbox 820 644 1034 698; x_wconf 80' lang='lat' dir='ltr'>Episcopo</span> <span class='ocrx_word' id='word_1_56' title='bbox 1048 644 1064 670; x_wconf 82' lang='lat'>2</span> <span class='ocrx_word' id='word_1_57' title='bbox 1087 643 1394 685; x_wconf 89' lang='lat' dir='ltr'>commonstari</span> <span class='ocrx_word' id='word_1_58' title='bbox 1417 645 1638 686; x_wconf 90' lang='lat' dir='ltr'>commode</span> <span class='ocrx_word' id='word_1_59' title='bbox 1658 645 1809 698; x_wconf 90' lang='lat' dir='ltr'>possit,</span> 
     </span>
     <span class='ocr_line' id='line_1_8' title="bbox 50 707 1809 763; baseline 0.002 -15"><span class='ocrx_word' id='word_1_60' title='bbox 50 707 119 749; x_wconf 89' lang='lat' dir='ltr'>uel</span> <span class='ocrx_word' id='word_1_61' title='bbox 150 707 341 749; x_wconf 89' lang='lat' dir='ltr'>breuiter</span> <span class='ocrx_word' id='word_1_62' title='bbox 370 708 586 758; x_wconf 89' lang='lat' dir='ltr'>ostendat,</span> <span class='ocrx_word' id='word_1_63' title='bbox 630 722 740 761; x_wconf 91' lang='lat' dir='ltr'>quae</span> <span class='ocrx_word' id='word_1_64' title='bbox 773 711 850 750; x_wconf 86' lang='lat' dir='ltr'>aut</span> <span class='ocrx_word' id='word_1_65' title='bbox 881 711 1051 751; x_wconf 89' lang='lat' dir='ltr'>mutata</span> <span class='ocrx_word' id='word_1_66' title='bbox 1083 711 1159 751; x_wconf 91' lang='lat' dir='ltr'>aut</span> <span class='ocrx_word' id='word_1_67' title='bbox 1192 710 1410 762; x_wconf 86' lang='lat' dir='ltr'>expuncta</span> <span class='ocrx_word' id='word_1_68' title='bbox 1441 708 1548 750; x_wconf 88' lang='lat' dir='ltr'>uelit</span> <span class='ocrx_word' id='word_1_69' title='bbox 1579 709 1622 750; x_wconf 94' lang='lat' dir='ltr'>in</span> <span class='ocrx_word' id='word_1_70' title='bbox 1654 709 1809 763; x_wconf 88' lang='lat' dir='ltr'>priore,</span> 
     </span>
     <span class='ocr_line' id='line_1_9' title="bbox 50 772 1809 828; baseline 0.001 -14"><span class='ocrx_word' id='word_1_71' title='bbox 50 772 162 825; x_wconf 90' lang='lat' dir='ltr'>quod</span> <span class='ocrx_word' id='word_1_72' title='bbox 185 772 302 814; x_wconf 90' lang='lat' dir='ltr'>misit</span> <span class='ocrx_word' id='word_1_73' title='bbox 323 772 575 826; x_wconf 83' lang='lat' dir='ltr'>Episcopus,</span> <span class='ocrx_word' id='word_1_74' title='bbox 609 773 924 816; x_wconf 83' lang='lat' dir='ltr'>Jnstrumento.</span> <span class='ocrx_word' id='word_1_75' title='bbox 967 774 1127 827; x_wconf 83' lang='lat' dir='ltr'>Jgitur,</span> <span class='ocrx_word' id='word_1_76' title='bbox 1162 776 1209 816; x_wconf 92' lang='lat' dir='ltr'>ut</span> <span class='ocrx_word' id='word_1_77' title='bbox 1232 775 1361 815; x_wconf 78' lang='lat' dir='ltr'>antea</span> <span class='ocrx_word' id='word_1_78' title='bbox 1394 773 1485 815; x_wconf 91' lang='lat' dir='ltr'>dies</span> <span class='ocrx_word' id='word_1_79' title='bbox 1513 777 1610 816; x_wconf 93' lang='lat' dir='ltr'>octo</span> <span class='ocrx_word' id='word_1_80' title='bbox 1643 774 1809 828; x_wconf 82' lang='lat' dir='ltr'>scripsi,</span> 
     </span>
     <span class='ocr_line' id='line_1_10' title="bbox 49 837 1810 892; baseline 0.001 -13"><span class='ocrx_word' id='word_1_81' title='bbox 49 840 189 880; x_wconf 90' lang='lat' dir='ltr'>totum</span> <span class='ocrx_word' id='word_1_82' title='bbox 221 837 301 879; x_wconf 90' lang='lat' dir='ltr'>hoc</span> <span class='ocrx_word' id='word_1_83' title='bbox 334 837 554 890; x_wconf 83' lang='lat' dir='ltr'>negotium</span> <span class='ocrx_word' id='word_1_84' title='bbox 587 837 909 891; x_wconf 86' lang='lat' dir='ltr'>interquiescet,</span> <span class='ocrx_word' id='word_1_85' title='bbox 945 839 1079 880; x_wconf 88' lang='lat' dir='ltr'>donec</span> <span class='ocrx_word' id='word_1_86' title='bbox 1110 838 1233 880; x_wconf 90' lang='lat' dir='ltr'>nobis</span> <span class='ocrx_word' id='word_1_87' title='bbox 1265 839 1528 892; x_wconf 85' lang='lat' dir='ltr'>respondeat</span> <span class='ocrx_word' id='word_1_88' title='bbox 1561 839 1810 881; x_wconf 87' lang='lat' dir='ltr'>Paternitas</span> 
     </span>
     <span class='ocr_line' id='line_1_11' title="bbox 48 903 1810 957; baseline 0.001 -13"><span class='ocrx_word' id='word_1_89' title='bbox 48 906 146 952; x_wconf 86' lang='lat' dir='ltr'>tua,</span> <span class='ocrx_word' id='word_1_90' title='bbox 190 916 396 955; x_wconf 88' lang='lat' dir='ltr'>suamque</span> <span class='ocrx_word' id='word_1_91' title='bbox 437 905 628 945; x_wconf 87' lang='lat' dir='ltr'>mentem</span> <span class='ocrx_word' id='word_1_92' title='bbox 660 903 1035 945; x_wconf 85' lang='lat' dir='ltr'>Reuerendissimo</span> <span class='ocrx_word' id='word_1_93' title='bbox 1078 903 1377 957; x_wconf 81' lang='lat' dir='ltr'>explicandam</span> <span class='ocrx_word' id='word_1_94' title='bbox 1419 903 1673 957; x_wconf 83' lang='lat' dir='ltr'>perscribat.</span> <span class='ocrx_word' id='word_1_95' title='bbox 1746 905 1810 946; x_wconf 94' lang='lat' dir='ltr'>De</span> 
     </span>
     <span class='ocr_line' id='line_1_12' title="bbox 50 966 1809 1023; baseline 0.002 -15"><span class='ocrx_word' id='word_1_96' title='bbox 50 967 145 1021; x_wconf 85' lang='lat' dir='ltr'>alijs</span> <span class='ocrx_word' id='word_1_97' title='bbox 186 967 268 1009; x_wconf 90' lang='lat' dir='ltr'>huo</span> <span class='ocrx_word' id='word_1_98' title='bbox 308 966 624 1021; x_wconf 88' lang='lat' dir='ltr'>pertinentibus</span> <span class='ocrx_word' id='word_1_99' title='bbox 665 967 790 1009; x_wconf 87' lang='lat' dir='ltr'>nimis</span> <span class='ocrx_word' id='word_1_100' title='bbox 832 968 969 1010; x_wconf 85' lang='lat' dir='ltr'>multa</span> <span class='ocrx_word' id='word_1_101' title='bbox 1011 968 1164 1022; x_wconf 90' lang='lat' dir='ltr'>scripsi</span> <span class='ocrx_word' id='word_1_102' title='bbox 1204 968 1413 1022; x_wconf 84' lang='lat' dir='ltr'>proxime,</span> <span class='ocrx_word' id='word_1_103' title='bbox 1457 982 1568 1022; x_wconf 90' lang='lat' dir='ltr'>quae</span> <span class='ocrx_word' id='word_1_104' title='bbox 1608 971 1809 1023; x_wconf 90' lang='lat' dir='ltr'>repetere</span> 
     </span>
     <span class='ocr_line' id='line_1_13' title="bbox 49 1032 1810 1076; baseline 0.001 -3"><span class='ocrx_word' id='word_1_105' title='bbox 49 1032 174 1074; x_wconf 88' lang='lat' dir='ltr'>modo</span> <span class='ocrx_word' id='word_1_106' title='bbox 206 1046 291 1074; x_wconf 92' lang='lat' dir='ltr'>non</span> <span class='ocrx_word' id='word_1_107' title='bbox 324 1032 494 1075; x_wconf 83' lang='lat' dir='ltr'>attinet.</span> <span class='ocrx_word' id='word_1_108' title='bbox 559 1033 685 1075; x_wconf 89' lang='lat' dir='ltr'>Certe</span> <span class='ocrx_word' id='word_1_109' title='bbox 717 1032 753 1074; x_wconf 90' lang='lat' dir='ltr'>si</span> <span class='ocrx_word' id='word_1_110' title='bbox 785 1033 921 1075; x_wconf 89' lang='lat' dir='ltr'>nostri</span> <span class='ocrx_word' id='word_1_111' title='bbox 960 1047 1045 1075; x_wconf 92' lang='lat' dir='ltr'>non</span> <span class='ocrx_word' id='word_1_112' title='bbox 1086 1033 1366 1076; x_wconf 89' lang='lat' dir='ltr'>succurrentb</span> <span class='ocrx_word' id='word_1_113' title='bbox 1397 1033 1621 1076; x_wconf 86' lang='lat' dir='ltr'>Ecclesiae</span> <span class='ocrx_word' id='word_1_114' title='bbox 1653 1034 1810 1076; x_wconf 88' lang='lat' dir='ltr'>Herbi-</span> 
     </span>
     <span class='ocr_line' id='line_1_14' title="bbox 48 1097 1810 1152; baseline 0.002 -14"><span class='ocrx_word' id='word_1_115' title='bbox 48 1097 233 1150; x_wconf 87' lang='lat' dir='ltr'>polensi,</span> <span class='ocrx_word' id='word_1_116' title='bbox 276 1111 360 1138; x_wconf 91' lang='lat' dir='ltr'>non</span> <span class='ocrx_word' id='word_1_117' title='bbox 401 1097 562 1151; x_wconf 89' lang='lat' dir='ltr'>poterit</span> <span class='ocrx_word' id='word_1_118' title='bbox 603 1111 699 1138; x_wconf 87' lang='lat' dir='ltr'>cum</span> <span class='ocrx_word' id='word_1_119' title='bbox 740 1097 815 1139; x_wconf 90' lang='lat' dir='ltr'>illa</span> <span class='ocrx_word' id='word_1_120' title='bbox 856 1112 940 1139; x_wconf 91' lang='lat' dir='ltr'>non</span> <span class='ocrx_word' id='word_1_121' title='bbox 982 1098 1054 1151; x_wconf 85' lang='lat' dir='ltr'>agi</span> <span class='ocrx_word' id='word_1_122' title='bbox 1095 1098 1303 1152; x_wconf 88' lang='lat' dir='ltr'>pessime,</span> <span class='ocrx_word' id='word_1_123' title='bbox 1347 1112 1442 1140; x_wconf 88' lang='lat' dir='ltr'>cum</span> <span class='ocrx_word' id='word_1_124' title='bbox 1489 1101 1533 1140; x_wconf 91' lang='lat' dir='ltr'>et</span> <span class='ocrx_word' id='word_1_125' title='bbox 1572 1098 1721 1140; x_wconf 86' lang='lat' dir='ltr'>Clerus</span> <span class='ocrx_word' id='word_1_126' title='bbox 1766 1101 1810 1142; x_wconf 88' lang='lat' dir='ltr'>et</span> 
     </span>
     <span class='ocr_line' id='line_1_15' title="bbox 49 1161 1809 1217; baseline 0.001 -14"><span class='ocrx_word' id='word_1_127' title='bbox 49 1161 238 1216; x_wconf 91' lang='lat' dir='ltr'>Populus</span> <span class='ocrx_word' id='word_1_128' title='bbox 269 1162 312 1203; x_wconf 91' lang='lat' dir='ltr'>in</span> <span class='ocrx_word' id='word_1_129' title='bbox 344 1162 428 1203; x_wconf 88' lang='lat' dir='ltr'>fide</span> <span class='ocrx_word' id='word_1_130' title='bbox 460 1164 505 1204; x_wconf 91' lang='lat' dir='ltr'>et</span> <span class='ocrx_word' id='word_1_131' title='bbox 536 1162 724 1203; x_wconf 90' lang='lat' dir='ltr'>moribus</span> <span class='ocrx_word' id='word_1_132' title='bbox 757 1161 844 1204; x_wconf 88' lang='lat' dir='ltr'>illic</span> <span class='ocrx_word' id='word_1_133' title='bbox 875 1162 1031 1205; x_wconf 84' lang='lat' dir='ltr'>misere</span> <span class='ocrx_word' id='word_1_134' title='bbox 1064 1163 1342 1217; x_wconf 85' lang='lat' dir='ltr'>deprauatus,</span> <span class='ocrx_word' id='word_1_135' title='bbox 1385 1165 1430 1205; x_wconf 91' lang='lat' dir='ltr'>et</span> <span class='ocrx_word' id='word_1_136' title='bbox 1462 1163 1574 1205; x_wconf 92' lang='lat' dir='ltr'>omni</span> <span class='ocrx_word' id='word_1_137' title='bbox 1608 1163 1699 1206; x_wconf 86' lang='lat' dir='ltr'>fere</span> <span class='ocrx_word' id='word_1_138' title='bbox 1730 1164 1809 1206; x_wconf 89' lang='lat' dir='ltr'>hu-</span> 
     </span>
     <span class='ocr_line' id='line_1_16' title="bbox 50 1227 746 1281; baseline 0.003 -13"><span class='ocrx_word' id='word_1_139' title='bbox 50 1240 179 1268; x_wconf 86' lang='lat' dir='ltr'>mana</span> <span class='ocrx_word' id='word_1_140' title='bbox 211 1240 291 1281; x_wconf 90' lang='lat' dir='ltr'>ope</span> <span class='ocrx_word' id='word_1_141' title='bbox 323 1227 559 1270; x_wconf 87' lang='lat' dir='ltr'>destitutus</span> <span class='ocrx_word' id='word_1_142' title='bbox 591 1227 746 1270; x_wconf 87' lang='lat' dir='ltr'>iaceat.</span> 
     </span>
    </p>

    <p class='ocr_par' dir='ltr' id='par_1_3' title="bbox 50 1291 1811 1606">
     <span class='ocr_line' id='line_1_17' title="bbox 167 1291 1809 1348; baseline 0.001 -15"><span class='ocrx_word' id='word_1_143' title='bbox 167 1292 315 1334; x_wconf 81' lang='lat' dir='ltr'>Solent</span> <span class='ocrx_word' id='word_1_144' title='bbox 347 1291 570 1345; x_wconf 81' lang='lat' dir='ltr'>Reginae3</span> <span class='ocrx_word' id='word_1_145' title='bbox 603 1291 847 1345; x_wconf 90' lang='lat' dir='ltr'>Oeniponti,</span> <span class='ocrx_word' id='word_1_146' title='bbox 891 1295 935 1334; x_wconf 89' lang='lat' dir='ltr'>et</span> <span class='ocrx_word' id='word_1_147' title='bbox 977 1292 1183 1334; x_wconf 87' lang='lat' dir='ltr'>Ducissae</span> <span class='ocrx_word' id='word_1_148' title='bbox 1216 1292 1486 1335; x_wconf 82' lang='lat' dir='ltr'>Bauaricae4</span> <span class='ocrx_word' id='word_1_149' title='bbox 1524 1292 1809 1348; x_wconf 74' lang='lat' dir='ltr'>Monac[hij]e</span> 
     </span>
     <span class='ocr_line' id='line_1_18' title="bbox 50 1356 1811 1413; baseline 0.001 -15"><span class='ocrx_word' id='word_1_150' title='bbox 50 1356 279 1409; x_wconf 89' lang='lat' dir='ltr'>aliquando</span> <span class='ocrx_word' id='word_1_151' title='bbox 313 1359 464 1399; x_wconf 88' lang='lat' dir='ltr'>nostra</span> <span class='ocrx_word' id='word_1_152' title='bbox 493 1357 662 1411; x_wconf 81' lang='lat' dir='ltr'>ingredi</span> <span class='ocrx_word' id='word_1_153' title='bbox 694 1357 898 1410; x_wconf 84' lang='lat' dir='ltr'>Collegia‚</span> <span class='ocrx_word' id='word_1_154' title='bbox 942 1357 1070 1410; x_wconf 88' lang='lat' dir='ltr'>idque</span> <span class='ocrx_word' id='word_1_155' title='bbox 1102 1357 1194 1399; x_wconf 88' lang='lat' dir='ltr'>fieri</span> <span class='ocrx_word' id='word_1_156' title='bbox 1227 1371 1353 1411; x_wconf 86' lang='lat' dir='ltr'>posse</span> <span class='ocrx_word' id='word_1_157' title='bbox 1384 1360 1542 1412; x_wconf 89' lang='lat' dir='ltr'>putant</span> <span class='ocrx_word' id='word_1_158' title='bbox 1574 1357 1811 1413; x_wconf 89' lang='lat' dir='ltr'>no[n]nulli</span> 
     </span>
     <span class='ocr_line' id='line_1_19' title="bbox 50 1421 1809 1476; baseline 0.001 -13"><span class='ocrx_word' id='word_1_159' title='bbox 50 1421 211 1474; x_wconf 84' lang='lat' dir='ltr'>absque</span> <span class='ocrx_word' id='word_1_160' title='bbox 243 1422 431 1476; x_wconf 87' lang='lat' dir='ltr'>periculo</span> <span class='ocrx_word' id='word_1_161' title='bbox 466 1422 922 1464; x_wconf 79' lang='lat' dir='ltr'>excommunicationis</span> <span class='ocrx_word' id='word_1_162' title='bbox 954 1436 1091 1476; x_wconf 89' lang='lat' dir='ltr'>nuper</span> <span class='ocrx_word' id='word_1_163' title='bbox 1123 1423 1176 1464; x_wconf 90' lang='lat' dir='ltr'>ad</span> <span class='ocrx_word' id='word_1_164' title='bbox 1218 1436 1296 1464; x_wconf 88' lang='lat' dir='ltr'>nos</span> <span class='ocrx_word' id='word_1_165' title='bbox 1333 1422 1503 1473; x_wconf 88' lang='lat' dir='ltr'>missae,</span> <span class='ocrx_word' id='word_1_166' title='bbox 1548 1426 1592 1465; x_wconf 92' lang='lat' dir='ltr'>et</span> <span class='ocrx_word' id='word_1_167' title='bbox 1633 1424 1687 1466; x_wconf 88' lang='lat' dir='ltr'>ab</span> <span class='ocrx_word' id='word_1_168' title='bbox 1728 1423 1809 1465; x_wconf 90' lang='lat' dir='ltr'>hoc</span> 
     </span>
     <span class='ocr_line' id='line_1_20' title="bbox 50 1486 1807 1539; baseline 0.002 -11"><span class='ocrx_word' id='word_1_169' title='bbox 50 1486 257 1528; x_wconf 88' lang='lat' dir='ltr'>Pontifice</span> <span class='ocrx_word' id='word_1_170' title='bbox 288 1487 479 1529; x_wconf 86' lang='lat' dir='ltr'>Maximo</span> <span class='ocrx_word' id='word_1_171' title='bbox 513 1487 696 1530; x_wconf 80' lang='lat' dir='ltr'>editae5.</span> <span class='ocrx_word' id='word_1_172' title='bbox 762 1487 877 1529; x_wconf 79' lang='lat' dir='ltr'>Satis</span> <span class='ocrx_word' id='word_1_173' title='bbox 911 1487 994 1528; x_wconf 89' lang='lat' dir='ltr'>erit</span> <span class='ocrx_word' id='word_1_174' title='bbox 1026 1487 1148 1529; x_wconf 90' lang='lat' dir='ltr'>nobis</span> <span class='ocrx_word' id='word_1_175' title='bbox 1181 1487 1231 1530; x_wconf 83' lang='lat' dir='ltr'>R.</span> <span class='ocrx_word' id='word_1_176' title='bbox 1265 1489 1385 1529; x_wconf 89' lang='lat' dir='ltr'>tuam</span> <span class='ocrx_word' id='word_1_177' title='bbox 1418 1488 1578 1530; x_wconf 90' lang='lat' dir='ltr'>habere</span> <span class='ocrx_word' id='word_1_178' title='bbox 1610 1488 1807 1539; x_wconf 87' lang='lat' dir='ltr'>iudicem,</span> 
     </span>
     <span class='ocr_line' id='line_1_21' title="bbox 50 1550 987 1606; baseline 0.001 -14"><span class='ocrx_word' id='word_1_179' title='bbox 50 1550 225 1604; x_wconf 89' lang='lat' dir='ltr'>eiusque</span> <span class='ocrx_word' id='word_1_180' title='bbox 258 1551 436 1594; x_wconf 86' lang='lat' dir='ltr'>arbitrio</span> <span class='ocrx_word' id='word_1_181' title='bbox 469 1551 680 1594; x_wconf 89' lang='lat' dir='ltr'>stabimus</span> <span class='ocrx_word' id='word_1_182' title='bbox 712 1552 987 1606; x_wconf 86' lang='lat' dir='ltr'>perlibenter.</span> 
     </span>
    </p>

    <p class='ocr_par' dir='ltr' id='par_1_4' title="bbox 48 1616 1810 1724">
     <span class='ocr_line' id='line_1_22' title="bbox 166 1616 1810 1672; baseline 0.001 -14"><span class='ocrx_word' id='word_1_183' title='bbox 166 1616 293 1659; x_wconf 86' lang='lat' dir='ltr'>Mitto</span> <span class='ocrx_word' id='word_1_184' title='bbox 327 1630 579 1671; x_wconf 89' lang='lat' dir='ltr'>responsum</span> <span class='ocrx_word' id='word_1_185' title='bbox 613 1618 667 1659; x_wconf 89' lang='lat' dir='ltr'>ad</span> <span class='ocrx_word' id='word_1_186' title='bbox 706 1616 982 1669; x_wconf 87' lang='lat' dir='ltr'>quaestiones</span> <span class='ocrx_word' id='word_1_187' title='bbox 1024 1617 1075 1658; x_wconf 88' lang='lat' dir='ltr'>de</span> <span class='ocrx_word' id='word_1_188' title='bbox 1115 1617 1312 1671; x_wconf 90' lang='lat' dir='ltr'>personis</span> <span class='ocrx_word' id='word_1_189' title='bbox 1353 1619 1399 1659; x_wconf 90' lang='lat' dir='ltr'>et</span> <span class='ocrx_word' id='word_1_190' title='bbox 1439 1618 1681 1672; x_wconf 83' lang='lat' dir='ltr'>sumptibus</span> <span class='ocrx_word' id='word_1_191' title='bbox 1714 1618 1810 1660; x_wconf 87' lang='lat' dir='ltr'>Col-</span> 
     </span>
     <span class='ocr_line' id='line_1_23' title="bbox 48 1680 1463 1734; baseline 0.001 -12"><span class='ocrx_word' id='word_1_192' title='bbox 48 1680 259 1734; x_wconf 83' lang='lat' dir='ltr'>legiorum</span> <span class='ocrx_word' id='word_1_193' title='bbox 291 1681 417 1723; x_wconf 87' lang='lat' dir='ltr'>huius</span> <span class='ocrx_word' id='word_1_194' title='bbox 449 1682 716 1732; x_wconf 87' lang='lat' dir='ltr'>Prouinciae‚</span> <span class='ocrx_word' id='word_1_195' title='bbox 751 1681 862 1724; x_wconf 87' lang='lat' dir='ltr'>sicut</span> <span class='ocrx_word' id='word_1_196' title='bbox 894 1682 999 1723; x_wconf 89' lang='lat' dir='ltr'>iussi</span> <span class='ocrx_word' id='word_1_197' title='bbox 1031 1696 1178 1723; x_wconf 91' lang='lat' dir='ltr'>sumus</span> <span class='ocrx_word' id='word_1_198' title='bbox 1210 1683 1463 1726; x_wconf 70' lang='lat' dir='ltr'>annotaress.</span> 
     </span>
    </p>

    <p class='ocr_par' dir='ltr' id='par_1_5' title="bbox 47 1747 1808 2126">
     <span class='ocr_line' id='line_1_24' title="bbox 165 1747 1808 1801; baseline 0.002 -14"><span class='ocrx_word' id='word_1_199' title='bbox 165 1747 314 1788; x_wconf 89' lang='lat' dir='ltr'>Monet</span> <span class='ocrx_word' id='word_1_200' title='bbox 345 1747 390 1789; x_wconf 87' lang='lat' dir='ltr'>P.</span> <span class='ocrx_word' id='word_1_201' title='bbox 423 1747 610 1797; x_wconf 87' lang='lat' dir='ltr'>Natalis,</span> <span class='ocrx_word' id='word_1_202' title='bbox 652 1750 700 1789; x_wconf 92' lang='lat' dir='ltr'>ut</span> <span class='ocrx_word' id='word_1_203' title='bbox 732 1747 874 1788; x_wconf 88' lang='lat' dir='ltr'>isthuc</span> <span class='ocrx_word' id='word_1_204' title='bbox 907 1761 1075 1800; x_wconf 89' lang='lat' dir='ltr'>quoque</span> <span class='ocrx_word' id='word_1_205' title='bbox 1107 1747 1306 1798; x_wconf 84' lang='lat' dir='ltr'>scribam,</span> <span class='ocrx_word' id='word_1_206' title='bbox 1342 1747 1441 1801; x_wconf 90' lang='lat' dir='ltr'>quid</span> <span class='ocrx_word' id='word_1_207' title='bbox 1474 1747 1577 1789; x_wconf 92' lang='lat' dir='ltr'>mihi</span> <span class='ocrx_word' id='word_1_208' title='bbox 1609 1747 1808 1790; x_wconf 88' lang='lat' dir='ltr'>uideatur</span> 
     </span>
     <span class='ocr_line' id='line_1_25' title="bbox 48 1811 1808 1867; baseline 0.002 -15"><span class='ocrx_word' id='word_1_209' title='bbox 48 1811 99 1853; x_wconf 90' lang='lat' dir='ltr'>de</span> <span class='ocrx_word' id='word_1_210' title='bbox 131 1812 290 1853; x_wconf 89' lang='lat' dir='ltr'>nostris</span> <span class='ocrx_word' id='word_1_211' title='bbox 321 1812 365 1853; x_wconf 92' lang='lat' dir='ltr'>in</span> <span class='ocrx_word' id='word_1_212' title='bbox 389 1812 620 1854; x_wconf 80' lang='lat' dir='ltr'>Germania</span> <span class='ocrx_word' id='word_1_213' title='bbox 652 1812 899 1862; x_wconf 85' lang='lat' dir='ltr'>uestiendis,</span> <span class='ocrx_word' id='word_1_214' title='bbox 935 1825 1030 1853; x_wconf 91' lang='lat' dir='ltr'>cum</span> <span class='ocrx_word' id='word_1_215' title='bbox 1062 1811 1106 1853; x_wconf 90' lang='lat' dir='ltr'>in</span> <span class='ocrx_word' id='word_1_216' title='bbox 1137 1812 1353 1866; x_wconf 88' lang='lat' dir='ltr'>publicum</span> <span class='ocrx_word' id='word_1_217' title='bbox 1385 1813 1614 1867; x_wconf 85' lang='lat' dir='ltr'>prodeunt.</span> <span class='ocrx_word' id='word_1_218' title='bbox 1658 1813 1808 1856; x_wconf 86' lang='lat' dir='ltr'>Placet</span> 
     </span>
     <span class='ocr_line' id='line_1_26' title="bbox 47 1875 1806 1931; baseline 0.001 -14"><span class='ocrx_word' id='word_1_219' title='bbox 47 1875 150 1917; x_wconf 88' lang='lat' dir='ltr'>mihi</span> <span class='ocrx_word' id='word_1_220' title='bbox 182 1877 399 1919; x_wconf 90' lang='lat' dir='ltr'>sententia</span> <span class='ocrx_word' id='word_1_221' title='bbox 431 1878 574 1919; x_wconf 89' lang='lat' dir='ltr'>bullae</span> <span class='ocrx_word' id='word_1_222' title='bbox 605 1877 709 1930; x_wconf 82' lang='lat' dir='ltr'>Julij</span> <span class='ocrx_word' id='word_1_223' title='bbox 733 1876 965 1928; x_wconf 88' lang='lat' dir='ltr'>Pontificis,</span> <span class='ocrx_word' id='word_1_224' title='bbox 1001 1890 1111 1930; x_wconf 88' lang='lat' dir='ltr'>quae</span> <span class='ocrx_word' id='word_1_225' title='bbox 1142 1877 1185 1918; x_wconf 90' lang='lat' dir='ltr'>in</span> <span class='ocrx_word' id='word_1_226' title='bbox 1220 1879 1258 1919; x_wconf 90' lang='grc'>6.</span> <span class='ocrx_word' id='word_1_227' title='bbox 1292 1879 1418 1931; x_wconf 89' lang='lat' dir='ltr'>parte</span> <span class='ocrx_word' id='word_1_228' title='bbox 1441 1878 1806 1920; x_wconf 87' lang='lat' dir='ltr'>Constitutionum</span> 
     </span>
     <span class='ocr_line' id='line_1_27' title="bbox 48 1942 1804 1996; baseline 0.001 -13"><span class='ocrx_word' id='word_1_229' title='bbox 48 1942 340 1994; x_wconf 84' lang='lat' dir='ltr'>confirmatur,</span> <span class='ocrx_word' id='word_1_230' title='bbox 374 1945 423 1985; x_wconf 93' lang='lat' dir='ltr'>ut</span> <span class='ocrx_word' id='word_1_231' title='bbox 454 1942 639 1984; x_wconf 90' lang='lat' dir='ltr'>uestitus</span> <span class='ocrx_word' id='word_1_232' title='bbox 671 1945 820 1984; x_wconf 89' lang='lat' dir='ltr'>noster</span> <span class='ocrx_word' id='word_1_233' title='bbox 852 1942 906 1983; x_wconf 89' lang='lat' dir='ltr'>ad</span> <span class='ocrx_word' id='word_1_234' title='bbox 939 1956 1062 1983; x_wconf 92' lang='lat' dir='ltr'>usum</span> <span class='ocrx_word' id='word_1_235' title='bbox 1095 1942 1190 1993; x_wconf 87' lang='lat' dir='ltr'>loci,</span> <span class='ocrx_word' id='word_1_236' title='bbox 1224 1942 1269 1983; x_wconf 91' lang='lat' dir='ltr'>in</span> <span class='ocrx_word' id='word_1_237' title='bbox 1301 1957 1384 1996; x_wconf 91' lang='lat' dir='ltr'>quo</span> <span class='ocrx_word' id='word_1_238' title='bbox 1417 1942 1615 1994; x_wconf 84' lang='lat' dir='ltr'>uiuimus,</span> <span class='ocrx_word' id='word_1_239' title='bbox 1650 1943 1692 1984; x_wconf 91' lang='lat' dir='ltr'>id</span> <span class='ocrx_word' id='word_1_240' title='bbox 1725 1946 1804 1994; x_wconf 92' lang='lat' dir='ltr'>est,</span> 
     </span>
     <span class='ocr_line' id='line_1_28' title="bbox 48 2005 1806 2061; baseline 0.001 -14"><span class='ocrx_word' id='word_1_241' title='bbox 48 2006 261 2049; x_wconf 89' lang='lat' dir='ltr'>communi</span> <span class='ocrx_word' id='word_1_242' title='bbox 293 2009 338 2049; x_wconf 93' lang='lat' dir='ltr'>et</span> <span class='ocrx_word' id='word_1_243' title='bbox 369 2005 651 2061; x_wconf 83' lang='lat' dir='ltr'>approb[ato]</span> <span class='ocrx_word' id='word_1_244' title='bbox 686 2007 793 2048; x_wconf 89' lang='lat' dir='ltr'>mori</span> <span class='ocrx_word' id='word_1_245' title='bbox 822 2006 1100 2049; x_wconf 88' lang='lat' dir='ltr'>honestorum</span> <span class='ocrx_word' id='word_1_246' title='bbox 1131 2006 1199 2048; x_wconf 90' lang='lat' dir='ltr'>hic</span> <span class='ocrx_word' id='word_1_247' title='bbox 1229 2007 1515 2058; x_wconf 80' lang='lat' dir='ltr'>sacerdotum,</span> <span class='ocrx_word' id='word_1_248' title='bbox 1550 2008 1608 2050; x_wconf 86' lang='lat' dir='ltr'>sit</span> <span class='ocrx_word' id='word_1_249' title='bbox 1637 2021 1806 2049; x_wconf 90' lang='lat' dir='ltr'>accom-</span> 
     </span>
     <span class='ocr_line' id='line_1_29' title="bbox 48 2071 1808 2126; baseline 0.002 -14"><span class='ocrx_word' id='word_1_250' title='bbox 48 2071 247 2114; x_wconf 88' lang='lat' dir='ltr'>modatus</span> <span class='ocrx_word' id='word_1_251' title='bbox 258 2072 286 2114; x_wconf 81' lang='grc'>7.</span> <span class='ocrx_word' id='word_1_252' title='bbox 335 2072 449 2114; x_wconf 88' lang='lat' dir='ltr'>Nam</span> <span class='ocrx_word' id='word_1_253' title='bbox 483 2074 527 2114; x_wconf 88' lang='lat' dir='ltr'>et</span> <span class='ocrx_word' id='word_1_254' title='bbox 550 2071 733 2126; x_wconf 87' lang='lat' dir='ltr'>Hispani</span> <span class='ocrx_word' id='word_1_255' title='bbox 766 2074 809 2114; x_wconf 86' lang='lat' dir='ltr'>et</span> <span class='ocrx_word' id='word_1_256' title='bbox 831 2072 1184 2125; x_wconf 81' lang='lat' dir='ltr'>Portugallenses</span> <span class='ocrx_word' id='word_1_257' title='bbox 1206 2072 1360 2114; x_wconf 88' lang='lat' dir='ltr'>Patres</span> <span class='ocrx_word' id='word_1_258' title='bbox 1391 2072 1434 2114; x_wconf 93' lang='lat' dir='ltr'>in</span> <span class='ocrx_word' id='word_1_259' title='bbox 1462 2072 1623 2115; x_wconf 89' lang='lat' dir='ltr'>uestitu</span> <span class='ocrx_word' id='word_1_260' title='bbox 1645 2073 1808 2115; x_wconf 87' lang='lat' dir='ltr'>habent</span> 
     </span>
    </p>
   </div>
   <div class='ocr_carea' id='block_1_3' title="bbox 47 2162 1806 2278">
    <p class='ocr_par' dir='ltr' id='par_1_6' title="bbox 47 2162 1806 2278">
     <span class='ocr_line' id='line_1_30' title="bbox 167 2162 1806 2195; baseline 0.001 -8"><span class='ocrx_word' id='word_1_261' title='bbox 167 2164 194 2194; x_wconf 74' lang='lat' dir='ltr'>a)</span> <span class='ocrx_word' id='word_1_262' title='bbox 216 2164 251 2188; x_wconf 76' lang='lat' dir='ltr'>In</span> <span class='ocrx_word' id='word_1_263' title='bbox 270 2164 349 2188; x_wconf 73' lang='grc' dir='ltr'>(ινι-Ῐι.</span> <span class='ocrx_word' id='word_1_264' title='bbox 370 2168 527 2189; x_wconf 64' lang='lat' dir='ltr'>correctum</span> <span class='ocrx_word' id='word_1_265' title='bbox 548 2172 583 2188; x_wconf 69' lang='lat' dir='ltr'>eat</span> <span class='ocrx_word' id='word_1_266' title='bbox 602 2163 698 2188; x_wconf 82' lang='lat' dir='ltr'>antes.</span> <span class='ocrx_word' id='word_1_267' title='bbox 777 2162 807 2193; x_wconf 83' lang='lat' dir='ltr'>b)</span> <span class='ocrx_word' id='word_1_268' title='bbox 829 2164 876 2187; x_wconf 84' lang='lat' dir='ltr'>Ita</span> <span class='ocrx_word' id='word_1_269' title='bbox 895 2163 927 2187; x_wconf 75' lang='lat' dir='ltr'>in</span> <span class='ocrx_word' id='word_1_270' title='bbox 947 2164 1026 2188; x_wconf 75' lang='lat' dir='ltr'>arch.</span> <span class='ocrx_word' id='word_1_271' title='bbox 1047 2166 1205 2189; x_wconf 75' lang='lat' dir='ltr'>correctum</span> <span class='ocrx_word' id='word_1_272' title='bbox 1226 2167 1267 2188; x_wconf 78' lang='lat' dir='ltr'>est</span> <span class='ocrx_word' id='word_1_273' title='bbox 1287 2171 1323 2189; x_wconf 58' lang='grc' dir='ltr'>ἐπ’</span> <span class='ocrx_word' id='word_1_274' title='bbox 1342 2164 1531 2190; x_wconf 78' lang='lat' dir='ltr'>succurrant.</span> <span class='ocrx_word' id='word_1_275' title='bbox 1615 2164 1641 2195; x_wconf 87' lang='lat' dir='ltr'>e)</span> <span class='ocrx_word' id='word_1_276' title='bbox 1664 2166 1740 2195; x_wconf 73' lang='lat' dir='ltr'>Quae</span> <span class='ocrx_word' id='word_1_277' title='bbox 1760 2165 1806 2189; x_wconf 73' lang='lat' dir='ltr'>hic</span> 
     </span>
     <span class='ocr_line' id='line_1_31' title="bbox 47 2205 1805 2238; baseline 0.001 -9"><span class='ocrx_word' id='word_1_278' title='bbox 47 2207 73 2229; x_wconf 76' lang='lat' dir='ltr'>et</span> <span class='ocrx_word' id='word_1_279' title='bbox 93 2205 175 2235; x_wconf 69' lang='lat' dir='ltr'>infra</span> <span class='ocrx_word' id='word_1_280' title='bbox 199 2206 280 2230; x_wconf 74' lang='lat' dir='ltr'>uncis</span> <span class='ocrx_word' id='word_1_281' title='bbox 299 2206 454 2237; x_wconf 69' lang='lat' dir='ltr'>quadratis</span> <span class='ocrx_word' id='word_1_282' title='bbox 476 2206 586 2230; x_wconf 71' lang='lat' dir='ltr'>inclusa</span> <span class='ocrx_word' id='word_1_283' title='bbox 607 2208 776 2235; x_wconf 74' lang='lat' dir='ltr'>cernuntur,</span> <span class='ocrx_word' id='word_1_284' title='bbox 796 2205 931 2236; x_wconf 64' lang='lat' dir='ltr'>suppleta</span> <span class='ocrx_word' id='word_1_285' title='bbox 950 2207 1018 2229; x_wconf 78' lang='lat' dir='ltr'>sunt</span> <span class='ocrx_word' id='word_1_286' title='bbox 1039 2212 1074 2229; x_wconf 67' lang='lat' dir='ltr'>ex</span> <span class='ocrx_word' id='word_1_287' title='bbox 1089 2206 1259 2236; x_wconf 70' lang='lat' dir='ltr'>apoyrapho</span> <span class='ocrx_word' id='word_1_288' title='bbox 1274 2205 1394 2236; x_wconf 79' lang='lat' dir='ltr'>R0e›·ii;</span> <span class='ocrx_word' id='word_1_289' title='bbox 1414 2213 1496 2237; x_wconf 70' lang='lat' dir='ltr'>quae,</span> <span class='ocrx_word' id='word_1_290' title='bbox 1516 2206 1584 2237; x_wconf 74' lang='lat' dir='ltr'>quia</span> <span class='ocrx_word' id='word_1_291' title='bbox 1607 2206 1634 2230; x_wconf 79' lang='lat' dir='ltr'>in</span> <span class='ocrx_word' id='word_1_292' title='bbox 1655 2206 1805 2238; x_wconf 73' lang='lat' dir='ltr'>archetypi</span> 
     </span>
     <span class='ocr_line' id='line_1_32' title="bbox 48 2246 1367 2278; baseline 0.001 -8"><span class='ocrx_word' id='word_1_293' title='bbox 48 2246 178 2271; x_wconf 77' lang='lat' dir='ltr'>versibus</span> <span class='ocrx_word' id='word_1_294' title='bbox 198 2247 336 2272; x_wconf 61' lang='lat' dir='ltr'>erm-emis</span> <span class='ocrx_word' id='word_1_295' title='bbox 354 2247 449 2278; x_wconf 72' lang='lat' dir='ltr'>posita</span> <span class='ocrx_word' id='word_1_296' title='bbox 470 2250 547 2277; x_wconf 69' lang='lat' dir='ltr'>sunt,</span> <span class='ocrx_word' id='word_1_297' title='bbox 563 2246 789 2277; x_wconf 70' lang='lat' dir='ltr'>photoyraplzice</span> <span class='ocrx_word' id='word_1_298' title='bbox 809 2246 937 2277; x_wconf 60' lang='lat' dir='ltr'>‹ea-primi</span> <span class='ocrx_word' id='word_1_299' title='bbox 957 2246 1036 2271; x_wconf 68' lang='lat' dir='ltr'>baud</span> <span class='ocrx_word' id='word_1_300' title='bbox 1058 2246 1098 2270; x_wconf 73' lang='lat' dir='ltr'>ita</span> <span class='ocrx_word' id='word_1_301' title='bbox 1117 2247 1204 2276; x_wconf 78' lang='lat' dir='ltr'>facile</span> <span class='ocrx_word' id='word_1_302' title='bbox 1222 2250 1367 2278; x_wconf 73' lang='lat' dir='ltr'>poterant.</span> 
     </span>
    </p>
   </div>
   <div class='ocr_carea' id='block_1_4' title="bbox 47 2392 1806 3234">
    <p class='ocr_par' dir='ltr' id='par_1_7' title="bbox 171 2392 1238 2437">
     <span class='ocr_line' id='line_1_33' title="bbox 171 2392 1238 2437; baseline 0.002 -11"><span class='ocrx_word' id='word_1_303' title='bbox 171 2393 177 2412; x_wconf 91' lang='lat'>¹</span> <span class='ocrx_word' id='word_1_304' title='bbox 206 2392 297 2426; x_wconf 89' lang='lat' dir='ltr'>Vide</span> <span class='ocrx_word' id='word_1_305' title='bbox 323 2404 431 2437; x_wconf 84' lang='lat' dir='ltr'>supra</span> <span class='ocrx_word' id='word_1_306' title='bbox 459 2404 490 2436; x_wconf 87' lang='lat' dir='ltr'>p.</span> <span class='ocrx_word' id='word_1_307' title='bbox 518 2394 598 2427; x_wconf 65' lang='lat'>428.</span> <span class='ocrx_word' id='word_1_308' title='bbox 744 2392 757 2412; x_wconf 75' lang='lat'><strong>²</strong></span> <span class='ocrx_word' id='word_1_309' title='bbox 783 2392 964 2427; x_wconf 86' lang='lat' dir='ltr'>Friderico</span> <span class='ocrx_word' id='word_1_310' title='bbox 991 2405 1010 2427; x_wconf 84' lang='lat' dir='ltr'>a</span> <span class='ocrx_word' id='word_1_311' title='bbox 1037 2393 1238 2437; x_wconf 53' lang='lat' dir='ltr'>XVirsberg.</span> 
     </span>
    </p>

    <p class='ocr_par' dir='ltr' id='par_1_8' title="bbox 167 2445 945 2490">
     <span class='ocr_line' id='line_1_34' title="bbox 167 2445 945 2490; baseline 0.001 -11"><span class='ocrx_word' id='word_1_312' title='bbox 167 2447 179 2465; x_wconf 81' lang='lat'>³</span> <span class='ocrx_word' id='word_1_313' title='bbox 205 2445 418 2490; x_wconf 81' lang='lat' dir='ltr'>Magdalena</span> <span class='ocrx_word' id='word_1_314' title='bbox 447 2448 482 2479; x_wconf 87' lang='lat' dir='ltr'>et</span> <span class='ocrx_word' id='word_1_315' title='bbox 509 2445 645 2479; x_wconf 82' lang='lat' dir='ltr'>Helena</span> <span class='ocrx_word' id='word_1_316' title='bbox 671 2445 945 2480; x_wconf 85' lang='lat' dir='ltr'>archiducissae.</span> 
     </span>
    </p>

    <p class='ocr_par' dir='ltr' id='par_1_9' title="bbox 47 2498 1805 2649">
     <span class='ocr_line' id='line_1_35' title="bbox 168 2498 1804 2544; baseline 0 -11"><span class='ocrx_word' id='word_1_317' title='bbox 168 2501 178 2519; x_wconf 68' lang='lat'><em>4</em></span> <span class='ocrx_word' id='word_1_318' title='bbox 206 2499 333 2533; x_wconf 84' lang='lat' dir='ltr'>lacoba</span> <span class='ocrx_word' id='word_1_319' title='bbox 359 2499 533 2532; x_wconf 76' lang='lat' dir='ltr'>Badensis</span> <span class='ocrx_word' id='word_1_320' title='bbox 560 2498 697 2532; x_wconf 81' lang='lat' dir='ltr'>Alberti</span> <span class='ocrx_word' id='word_1_321' title='bbox 726 2498 766 2532; x_wconf 89' lang='lat' dir='ltr'>V.</span> <span class='ocrx_word' id='word_1_322' title='bbox 793 2501 908 2532; x_wconf 87' lang='lat' dir='ltr'>mater</span> <span class='ocrx_word' id='word_1_323' title='bbox 938 2502 974 2532; x_wconf 86' lang='lat' dir='ltr'>et</span> <span class='ocrx_word' id='word_1_324' title='bbox 999 2499 1103 2533; x_wconf 85' lang='lat' dir='ltr'>Anna</span> <span class='ocrx_word' id='word_1_325' title='bbox 1129 2500 1321 2533; x_wconf 85' lang='lat' dir='ltr'>Austriaca</span> <span class='ocrx_word' id='word_1_326' title='bbox 1347 2500 1505 2533; x_wconf 85' lang='lat' dir='ltr'>eiusdem</span> <span class='ocrx_word' id='word_1_327' title='bbox 1541 2511 1630 2533; x_wconf 78' lang='lat' dir='ltr'>uxor</span> <span class='ocrx_word' id='word_1_328' title='bbox 1664 2499 1804 2544; x_wconf 87' lang='lat' dir='ltr'>potissi-</span> 
     </span>
     <span class='ocr_line' id='line_1_36' title="bbox 47 2551 1805 2595; baseline 0 -10"><span class='ocrx_word' id='word_1_329' title='bbox 47 2563 144 2585; x_wconf 87' lang='lat' dir='ltr'>mum</span> <span class='ocrx_word' id='word_1_330' title='bbox 170 2552 365 2595; x_wconf 79' lang='lat' dir='ltr'>significari</span> <span class='ocrx_word' id='word_1_331' title='bbox 393 2552 577 2591; x_wconf 84' lang='lat' dir='ltr'>videntur;</span> <span class='ocrx_word' id='word_1_332' title='bbox 605 2551 758 2585; x_wconf 81' lang='lat' dir='ltr'>fortasse</span> <span class='ocrx_word' id='word_1_333' title='bbox 782 2553 884 2585; x_wconf 87' lang='lat' dir='ltr'>Anna</span> <span class='ocrx_word' id='word_1_334' title='bbox 910 2553 1017 2585; x_wconf 82' lang='lat' dir='ltr'>etiam</span> <span class='ocrx_word' id='word_1_335' title='bbox 1044 2564 1166 2586; x_wconf 87' lang='lat' dir='ltr'>secum</span> <span class='ocrx_word' id='word_1_336' title='bbox 1193 2553 1392 2586; x_wconf 80' lang='lat' dir='ltr'>adducebat</span> <span class='ocrx_word' id='word_1_337' title='bbox 1410 2552 1504 2586; x_wconf 85' lang='lat' dir='ltr'>filias</span> <span class='ocrx_word' id='word_1_338' title='bbox 1522 2552 1673 2586; x_wconf 85' lang='lat' dir='ltr'>Mariam</span> <span class='ocrx_word' id='word_1_339' title='bbox 1692 2552 1805 2586; x_wconf 77' lang='lat' dir='ltr'>Maxi-</span> 
     </span>
     <span class='ocr_line' id='line_1_37' title="bbox 48 2605 1638 2649; baseline 0 -11"><span class='ocrx_word' id='word_1_340' title='bbox 48 2605 229 2639; x_wconf 84' lang='lat' dir='ltr'>milianam</span> <span class='ocrx_word' id='word_1_341' title='bbox 257 2608 293 2638; x_wconf 84' lang='lat' dir='ltr'>et</span> <span class='ocrx_word' id='word_1_342' title='bbox 318 2605 481 2645; x_wconf 75' lang='lat' dir='ltr'>Mariani,</span> <span class='ocrx_word' id='word_1_343' title='bbox 509 2616 599 2647; x_wconf 84' lang='lat' dir='ltr'>quae</span> <span class='ocrx_word' id='word_1_344' title='bbox 626 2605 750 2648; x_wconf 82' lang='lat' dir='ltr'>paucis</span> <span class='ocrx_word' id='word_1_345' title='bbox 776 2605 878 2638; x_wconf 88' lang='lat' dir='ltr'>annis</span> <span class='ocrx_word' id='word_1_346' title='bbox 905 2607 986 2648; x_wconf 84' lang='lat' dir='ltr'>post</span> <span class='ocrx_word' id='word_1_347' title='bbox 1012 2605 1137 2639; x_wconf 88' lang='lat' dir='ltr'>Carolo</span> <span class='ocrx_word' id='word_1_348' title='bbox 1164 2605 1346 2639; x_wconf 88' lang='lat' dir='ltr'>archiduci</span> <span class='ocrx_word' id='word_1_349' title='bbox 1372 2607 1526 2649; x_wconf 85' lang='lat' dir='ltr'>nuptura</span> <span class='ocrx_word' id='word_1_350' title='bbox 1552 2607 1638 2639; x_wconf 83' lang='lat' dir='ltr'>erat.</span> 
     </span>
    </p>

    <p class='ocr_par' dir='ltr' id='par_1_10' title="bbox 48 2656 1805 2756">
     <span class='ocr_line' id='line_1_38' title="bbox 167 2656 1805 2703; baseline 0 -12"><span class='ocrx_word' id='word_1_351' title='bbox 167 2659 179 2677; x_wconf 82' lang='lat'>⁵</span> <span class='ocrx_word' id='word_1_352' title='bbox 204 2658 321 2692; x_wconf 83' lang='lat' dir='ltr'>Breve</span> <span class='ocrx_word' id='word_1_353' title='bbox 348 2658 541 2701; x_wconf 81' lang='lat' dir='ltr'>signifieat,</span> <span class='ocrx_word' id='word_1_354' title='bbox 568 2668 635 2700; x_wconf 89' lang='lat' dir='ltr'>quo</span> <span class='ocrx_word' id='word_1_355' title='bbox 663 2657 749 2691; x_wconf 84' lang='lat' dir='ltr'>Pius</span> <span class='ocrx_word' id='word_1_356' title='bbox 775 2656 817 2691; x_wconf 90' lang='lat' dir='ltr'>V.</span> <span class='ocrx_word' id='word_1_357' title='bbox 845 2656 1053 2692; x_wconf 87' lang='lat' dir='ltr'>mulieribus</span> <span class='ocrx_word' id='word_1_358' title='bbox 1081 2659 1262 2703; x_wconf 85' lang='lat' dir='ltr'>proposita</span> <span class='ocrx_word' id='word_1_359' title='bbox 1289 2658 1667 2692; x_wconf 82' lang='lat' dir='ltr'>excommunicationis</span> <span class='ocrx_word' id='word_1_360' title='bbox 1693 2669 1805 2703; x_wconf 86' lang='lat' dir='ltr'>poena</span> 
     </span>
     <span class='ocr_line' id='line_1_39' title="bbox 48 2710 1757 2756; baseline 0.001 -11"><span class='ocrx_word' id='word_1_361' title='bbox 48 2710 294 2750; x_wconf 83' lang='lat' dir='ltr'>interdicebat,</span> <span class='ocrx_word' id='word_1_362' title='bbox 322 2723 365 2745; x_wconf 88' lang='lat' dir='ltr'>ne</span> <span class='ocrx_word' id='word_1_363' title='bbox 394 2712 426 2744; x_wconf 88' lang='lat' dir='ltr'>in</span> <span class='ocrx_word' id='word_1_364' title='bbox 453 2711 610 2744; x_wconf 82' lang='lat' dir='ltr'>virorum</span> <span class='ocrx_word' id='word_1_365' title='bbox 638 2710 884 2753; x_wconf 85' lang='lat' dir='ltr'>religiosorum</span> <span class='ocrx_word' id='word_1_366' title='bbox 912 2711 1036 2744; x_wconf 87' lang='lat' dir='ltr'>domus</span> <span class='ocrx_word' id='word_1_367' title='bbox 1064 2711 1355 2755; x_wconf 84' lang='lat' dir='ltr'>ingrederentur;</span> <span class='ocrx_word' id='word_1_368' title='bbox 1383 2711 1465 2745; x_wconf 88' lang='lat' dir='ltr'>vide</span> <span class='ocrx_word' id='word_1_369' title='bbox 1491 2722 1600 2756; x_wconf 85' lang='lat' dir='ltr'>supra</span> <span class='ocrx_word' id='word_1_370' title='bbox 1625 2723 1658 2756; x_wconf 89' lang='lat' dir='ltr'>p.</span> <span class='ocrx_word' id='word_1_371' title='bbox 1678 2712 1757 2746; x_wconf 83' lang='lat'>356.</span> 
     </span>
    </p>

    <p class='ocr_par' dir='ltr' id='par_1_11' title="bbox 166 2764 596 2809">
     <span class='ocr_line' id='line_1_40' title="bbox 166 2764 596 2809; baseline -0.002 -11"><span class='ocrx_word' id='word_1_372' title='bbox 166 2765 178 2784; x_wconf 80' lang='lat'>⁰</span> <span class='ocrx_word' id='word_1_373' title='bbox 204 2765 295 2798; x_wconf 85' lang='lat' dir='ltr'>Vide</span> <span class='ocrx_word' id='word_1_374' title='bbox 321 2776 429 2809; x_wconf 79' lang='lat' dir='ltr'>supra</span> <span class='ocrx_word' id='word_1_375' title='bbox 456 2776 489 2808; x_wconf 90' lang='lat' dir='ltr'>p.</span> <span class='ocrx_word' id='word_1_376' title='bbox 516 2764 596 2797; x_wconf 75' lang='lat'>409.</span> 
     </span>
    </p>

    <p class='ocr_par' dir='ltr' id='par_1_12' title="bbox 47 2815 1806 3234">
     <span class='ocr_line' id='line_1_41' title="bbox 167 2815 1806 2860; baseline 0.001 -9"><span class='ocrx_word' id='word_1_377' title='bbox 167 2818 178 2837; x_wconf 86' lang='lat'><em>⁷</em></span> <span class='ocrx_word' id='word_1_378' title='bbox 204 2819 320 2852; x_wconf 73' lang='lat' dir='ltr'>lulius</span> <span class='ocrx_word' id='word_1_379' title='bbox 347 2819 416 2851; x_wconf 85' lang='lat' dir='ltr'>III.</span> <span class='ocrx_word' id='word_1_380' title='bbox 444 2817 478 2850; x_wconf 92' lang='lat' dir='ltr'>in</span> <span class='ocrx_word' id='word_1_381' title='bbox 505 2817 636 2850; x_wconf 78' lang='lat' dir='ltr'>litteris</span> <span class='ocrx_word' id='word_1_382' title='bbox 663 2815 868 2860; x_wconf 84' lang='lat' dir='ltr'>apostolicis</span> <span class='ocrx_word' id='word_1_383' title='bbox 895 2816 1008 2850; x_wconf 82' lang='lat' dir='ltr'>Roma</span> <span class='ocrx_word' id='word_1_384' title='bbox 1033 2817 1088 2851; x_wconf 79' lang='lat'>21.</span> <span class='ocrx_word' id='word_1_385' title='bbox 1109 2817 1187 2850; x_wconf 88' lang='lat' dir='ltr'>Iulii</span> <span class='ocrx_word' id='word_1_386' title='bbox 1218 2817 1306 2851; x_wconf 75' lang='lat'>1550</span> <span class='ocrx_word' id='word_1_387' title='bbox 1333 2817 1436 2857; x_wconf 81' lang='lat' dir='ltr'>datis,</span> <span class='ocrx_word' id='word_1_388' title='bbox 1464 2817 1592 2860; x_wconf 87' lang='lat' dir='ltr'>quibus</span> <span class='ocrx_word' id='word_1_389' title='bbox 1616 2816 1806 2853; x_wconf 84' lang='lat' dir='ltr'>Societatis</span> 
     </span>
     <span class='ocr_line' id='line_1_42' title="bbox 47 2869 1803 2914; baseline 0.001 -10"><span class='ocrx_word' id='word_1_390' title='bbox 47 2869 251 2904; x_wconf 82' lang='lat' dir='ltr'>institutum</span> <span class='ocrx_word' id='word_1_391' title='bbox 278 2870 530 2904; x_wconf 81' lang='lat' dir='ltr'>confirmabat:</span> <span class='ocrx_word' id='word_1_392' title='bbox 559 2869 661 2910; x_wconf 85' lang='lat' dir='ltr'>Socii,</span> <span class='ocrx_word' id='word_1_393' title='bbox 686 2869 812 2912; x_wconf 82' lang='lat' dir='ltr'>inquit,</span> <span class='ocrx_word' id='word_1_394' title='bbox 837 2881 989 2911; x_wconf 83' lang='lat' dir='ltr'>„omnes‚</span> <span class='ocrx_word' id='word_1_395' title='bbox 1009 2881 1089 2904; x_wconf 87' lang='lat' dir='ltr'>cum</span> <span class='ocrx_word' id='word_1_396' title='bbox 1111 2870 1317 2914; x_wconf 78' lang='lat' dir='ltr'>Presbyteri</span> <span class='ocrx_word' id='word_1_397' title='bbox 1337 2881 1414 2904; x_wconf 81' lang='lat' dir='ltr'>esse</span> <span class='ocrx_word' id='word_1_398' title='bbox 1433 2870 1595 2911; x_wconf 84' lang='lat' dir='ltr'>debeant,</span> <span class='ocrx_word' id='word_1_399' title='bbox 1614 2898 1620 2904; x_wconf 93' lang='lat'>.</span> <span class='ocrx_word' id='word_1_400' title='bbox 1642 2898 1648 2904; x_wconf 94' lang='lat'>.</span> <span class='ocrx_word' id='word_1_401' title='bbox 1670 2897 1676 2904; x_wconf 97' lang='lat'>.</span> <span class='ocrx_word' id='word_1_402' title='bbox 1696 2872 1730 2905; x_wconf 90' lang='lat' dir='ltr'>in</span> <span class='ocrx_word' id='word_1_403' title='bbox 1750 2871 1803 2913; x_wconf 85' lang='lat' dir='ltr'>iis,</span> 
     </span>
     <span class='ocr_line' id='line_1_43' title="bbox 48 2922 1805 2967; baseline 0.001 -10"><span class='ocrx_word' id='word_1_404' title='bbox 48 2934 138 2967; x_wconf 86' lang='lat' dir='ltr'>quae</span> <span class='ocrx_word' id='word_1_405' title='bbox 164 2923 207 2957; x_wconf 88' lang='lat' dir='ltr'>ad</span> <span class='ocrx_word' id='word_1_406' title='bbox 234 2923 370 2957; x_wconf 85' lang='lat' dir='ltr'>victum</span> <span class='ocrx_word' id='word_1_407' title='bbox 398 2926 433 2956; x_wconf 81' lang='lat' dir='ltr'>et</span> <span class='ocrx_word' id='word_1_408' title='bbox 459 2923 629 2956; x_wconf 83' lang='lat' dir='ltr'>vestitum</span> <span class='ocrx_word' id='word_1_409' title='bbox 658 2924 693 2956; x_wconf 90' lang='lat' dir='ltr'>et</span> <span class='ocrx_word' id='word_1_410' title='bbox 719 2925 860 2956; x_wconf 77' lang='lat' dir='ltr'>caetera</span> <span class='ocrx_word' id='word_1_411' title='bbox 887 2923 1065 2956; x_wconf 82' lang='lat' dir='ltr'>exteriora</span> <span class='ocrx_word' id='word_1_412' title='bbox 1092 2923 1281 2967; x_wconf 81' lang='lat' dir='ltr'>pertinent,</span> <span class='ocrx_word' id='word_1_413' title='bbox 1318 2922 1546 2957; x_wconf 80' lang='lat' dir='ltr'>honestorum</span> <span class='ocrx_word' id='word_1_414' title='bbox 1573 2922 1805 2958; x_wconf 84' lang='lat' dir='ltr'>Sacerdotum</span> 
     </span>
     <span class='ocr_line' id='line_1_44' title="bbox 47 2976 1804 3020; baseline 0.001 -11"><span class='ocrx_word' id='word_1_415' title='bbox 47 2986 268 3010; x_wconf 83' lang='lat' dir='ltr'>communem</span> <span class='ocrx_word' id='word_1_416' title='bbox 305 2979 340 3009; x_wconf 85' lang='lat' dir='ltr'>et</span> <span class='ocrx_word' id='word_1_417' title='bbox 376 2976 610 3020; x_wconf 84' lang='lat' dir='ltr'>approbatum</span> <span class='ocrx_word' id='word_1_418' title='bbox 638 2986 739 3009; x_wconf 85' lang='lat' dir='ltr'>usum</span> <span class='ocrx_word' id='word_1_419' title='bbox 767 2979 973 3018; x_wconf 84' lang='lat' dir='ltr'>sequantur,</span> <span class='ocrx_word' id='word_1_420' title='bbox 1001 2978 1040 3009; x_wconf 87' lang='lat' dir='ltr'>ut</span> <span class='ocrx_word' id='word_1_421' title='bbox 1067 2976 1158 3019; x_wconf 89' lang='lat' dir='ltr'>quod</span> <span class='ocrx_word' id='word_1_422' title='bbox 1185 2976 1275 3016; x_wconf 84' lang='lat' dir='ltr'>inde,</span> <span class='ocrx_word' id='word_1_423' title='bbox 1303 2988 1365 3020; x_wconf 91' lang='lat' dir='ltr'>pro</span> <span class='ocrx_word' id='word_1_424' title='bbox 1392 2977 1563 3020; x_wconf 88' lang='lat' dir='ltr'>cuiusque</span> <span class='ocrx_word' id='word_1_425' title='bbox 1588 2978 1804 3011; x_wconf 84' lang='lat' dir='ltr'>necessitate</span> 
     </span>
     <span class='ocr_line' id='line_1_45' title="bbox 47 3028 1805 3074; baseline 0.002 -13"><span class='ocrx_word' id='word_1_426' title='bbox 47 3028 105 3062; x_wconf 89' lang='lat' dir='ltr'>vel</span> <span class='ocrx_word' id='word_1_427' title='bbox 130 3029 326 3073; x_wconf 86' lang='lat' dir='ltr'>spiritualis</span> <span class='ocrx_word' id='word_1_428' title='bbox 359 3029 539 3074; x_wconf 87' lang='lat' dir='ltr'>profectus</span> <span class='ocrx_word' id='word_1_429' title='bbox 566 3028 749 3068; x_wconf 86' lang='lat' dir='ltr'>desiderio,</span> <span class='ocrx_word' id='word_1_430' title='bbox 786 3029 1010 3062; x_wconf 84' lang='lat' dir='ltr'>subtractum</span> <span class='ocrx_word' id='word_1_431' title='bbox 1045 3028 1162 3069; x_wconf 86' lang='lat' dir='ltr'>fuerit,</span> <span class='ocrx_word' id='word_1_432' title='bbox 1199 3040 1241 3062; x_wconf 88' lang='lat' dir='ltr'>ex</span> <span class='ocrx_word' id='word_1_433' title='bbox 1270 3029 1456 3063; x_wconf 85' lang='lat' dir='ltr'>devotione</span> <span class='ocrx_word' id='word_1_434' title='bbox 1491 3031 1527 3063; x_wconf 83' lang='lat' dir='ltr'>et</span> <span class='ocrx_word' id='word_1_435' title='bbox 1552 3041 1620 3064; x_wconf 91' lang='lat' dir='ltr'>non</span> <span class='ocrx_word' id='word_1_436' title='bbox 1647 3041 1691 3064; x_wconf 84' lang='lat' dir='ltr'>ex</span> <span class='ocrx_word' id='word_1_437' title='bbox 1717 3030 1805 3064; x_wconf 92' lang='lat' dir='ltr'>obli-</span> 
     </span>
     <span class='ocr_line' id='line_1_46' title="bbox 47 3081 1804 3126; baseline 0.002 -12"><span class='ocrx_word' id='word_1_438' title='bbox 47 3081 200 3123; x_wconf 86' lang='lat' dir='ltr'>gatione,</span> <span class='ocrx_word' id='word_1_439' title='bbox 227 3082 436 3116; x_wconf 81' lang='lat' dir='ltr'>rationabile</span> <span class='ocrx_word' id='word_1_440' title='bbox 462 3081 668 3125; x_wconf 88' lang='lat' dir='ltr'>obsequium</span> <span class='ocrx_word' id='word_1_441' title='bbox 696 3081 854 3125; x_wconf 89' lang='lat' dir='ltr'>corporis</span> <span class='ocrx_word' id='word_1_442' title='bbox 872 3081 944 3115; x_wconf 89' lang='lat' dir='ltr'>Deo</span> <span class='ocrx_word' id='word_1_443' title='bbox 972 3084 1076 3126; x_wconf 85' lang='lat' dir='ltr'>prout</span> <span class='ocrx_word' id='word_1_444' title='bbox 1102 3082 1267 3125; x_wconf 77' lang='lat' dir='ltr'>expediet</span> <span class='ocrx_word' id='word_1_445' title='bbox 1285 3083 1485 3116; x_wconf 81' lang='lat' dir='ltr'>offe1·atur.“</span> <span class='ocrx_word' id='word_1_446' title='bbox 1524 3082 1568 3116; x_wconf 87' lang='lat' dir='ltr'>Et</span> <span class='ocrx_word' id='word_1_447' title='bbox 1587 3085 1622 3117; x_wconf 89' lang='lat' dir='ltr'>S.</span> <span class='ocrx_word' id='word_1_448' title='bbox 1643 3085 1804 3126; x_wconf 67' lang='lat' dir='ltr'>[quatias</span> 
     </span>
     <span class='ocr_line' id='line_1_47' title="bbox 48 3133 1803 3177; baseline 0.002 -11"><span class='ocrx_word' id='word_1_449' title='bbox 48 3133 82 3166; x_wconf 86' lang='lat' dir='ltr'>in</span> <span class='ocrx_word' id='word_1_450' title='bbox 110 3133 430 3169; x_wconf 87' lang='lat' dir='ltr'>Constitutionibus</span> <span class='ocrx_word' id='word_1_451' title='bbox 457 3134 655 3175; x_wconf 77' lang='lat' dir='ltr'>Societatis‚</span> <span class='ocrx_word' id='word_1_452' title='bbox 683 3133 721 3168; x_wconf 86' lang='lat' dir='ltr'>P.</span> <span class='ocrx_word' id='word_1_453' title='bbox 750 3134 781 3175; x_wconf 86' lang='lat'>6,</span> <span class='ocrx_word' id='word_1_454' title='bbox 809 3146 837 3168; x_wconf 92' lang='lat' dir='ltr'>c.</span> <span class='ocrx_word' id='word_1_455' title='bbox 865 3134 896 3170; x_wconf 81' lang='lat'>2.</span> <span class='ocrx_word' id='word_1_456' title='bbox 924 3146 956 3168; x_wconf 90' lang='lat' dir='ltr'>n.</span> <span class='ocrx_word' id='word_1_457' title='bbox 987 3135 1027 3168; x_wconf 82' lang='lat'>15</span> <span class='ocrx_word' id='word_1_458' title='bbox 1055 3137 1091 3168; x_wconf 86' lang='lat' dir='ltr'>et</span> <span class='ocrx_word' id='word_1_459' title='bbox 1118 3134 1161 3169; x_wconf 88' lang='lat' dir='ltr'>L:</span> <span class='ocrx_word' id='word_1_460' title='bbox 1202 3135 1260 3177; x_wconf 79' lang='lat' dir='ltr'>„ln</span> <span class='ocrx_word' id='word_1_461' title='bbox 1288 3135 1442 3169; x_wconf 82' lang='lat' dir='ltr'>vestitus</span> <span class='ocrx_word' id='word_1_462' title='bbox 1468 3162 1474 3169; x_wconf 93' lang='lat'>.</span> <span class='ocrx_word' id='word_1_463' title='bbox 1503 3163 1510 3170; x_wconf 92' lang='lat'>.</span> <span class='ocrx_word' id='word_1_464' title='bbox 1539 3163 1545 3171; x_wconf 90' lang='lat'>.</span> <span class='ocrx_word' id='word_1_465' title='bbox 1572 3137 1708 3171; x_wconf 82' lang='lat' dir='ltr'>ratione</span> <span class='ocrx_word' id='word_1_466' title='bbox 1734 3137 1803 3170; x_wconf 84' lang='lat' dir='ltr'>tria</span> 
     </span>
     <span class='ocr_line' id='line_1_48' title="bbox 48 3187 1802 3234; baseline 0.002 -14"><span class='ocrx_word' id='word_1_467' title='bbox 48 3187 301 3221; x_wconf 81' lang='lat' dir='ltr'>observentur:</span> <span class='ocrx_word' id='word_1_468' title='bbox 328 3189 491 3232; x_wconf 87' lang='lat' dir='ltr'>primum,</span> <span class='ocrx_word' id='word_1_469' title='bbox 518 3191 558 3221; x_wconf 83' lang='lat' dir='ltr'>ut</span> <span class='ocrx_word' id='word_1_470' title='bbox 584 3187 754 3221; x_wconf 87' lang='lat' dir='ltr'>honestus</span> <span class='ocrx_word' id='word_1_471' title='bbox 781 3187 840 3221; x_wconf 87' lang='lat' dir='ltr'>ille</span> <span class='ocrx_word' id='word_1_472' title='bbox 866 3187 931 3227; x_wconf 79' lang='lat' dir='ltr'>sit;</span> <span class='ocrx_word' id='word_1_473' title='bbox 961 3187 1125 3231; x_wconf 83' lang='lat' dir='ltr'>alterum,</span> <span class='ocrx_word' id='word_1_474' title='bbox 1151 3190 1190 3222; x_wconf 86' lang='lat' dir='ltr'>ut</span> <span class='ocrx_word' id='word_1_475' title='bbox 1216 3189 1259 3222; x_wconf 83' lang='lat' dir='ltr'>ad</span> <span class='ocrx_word' id='word_1_476' title='bbox 1287 3200 1387 3223; x_wconf 87' lang='lat' dir='ltr'>usum</span> <span class='ocrx_word' id='word_1_477' title='bbox 1407 3188 1484 3231; x_wconf 85' lang='lat' dir='ltr'>loci,</span> <span class='ocrx_word' id='word_1_478' title='bbox 1512 3190 1546 3223; x_wconf 89' lang='lat' dir='ltr'>in</span> <span class='ocrx_word' id='word_1_479' title='bbox 1570 3201 1638 3234; x_wconf 88' lang='lat' dir='ltr'>quo</span> <span class='ocrx_word' id='word_1_480' title='bbox 1658 3190 1802 3231; x_wconf 78' lang='lat' dir='ltr'>vivitur,</span> 
     </span>
    </p>
   </div>
  </div>
 </body>
</html>
