2045 3471
273 198 366 232 Mon.
386 197 455 232 850
481 198 559 232 sive
584 198 660 232 wis.
680 197 747 241 (3).
790 198 844 232 Ab
872 200 1010 232 aestate
1037 209 1068 232 a.
1090 198 1180 232 1566
1207 198 1249 231 ad
1278 198 1450 231 aestatem
1479 208 1509 231 a.
1532 197 1632 231 1567.
1748 200 1833 240 785

72 316 294 358 Ecclesiae
316 317 540 358 Romanae
573 317 819 359 obedientia
841 317 990 359 sedulo
1012 316 1214 358 hortatus
1237 319 1365 366 esset,
1400 316 1712 370 professionem
1736 316 1834 370 fidej

70 382 195 424 iuxta
226 381 456 424 formulam
490 381 554 435 Pij
586 382 722 424 ΗΠ.1
755 396 899 424 coram
933 381 1129 424 omnibus
1161 380 1279 431 fecit,
1313 383 1358 423 et
1389 381 1673 423 absolutionis
1705 381 1836 424 bene-

71 446 213 488 ficium
247 461 415 488 summa
448 446 576 488 animi
611 447 896 489 submissione
919 451 1051 500 atque
1075 446 1305 488 deuotione
1337 446 1577 500 promeruit
1602 481 1609 488 .
1634 446 1837 498 Cogitare

70 525 313 565 possumus,
347 514 510 564 quanta
532 511 905 554 circumstantium
927 511 1110 561 laetitia,
1144 511 1283 564 qualis
1306 510 1492 552 omnium
1517 511 1836 563 congratulatio

71 575 218 625 fuerit,
261 589 356 617 cum
389 575 541 626 frater,
574 591 698 627 vxor,
741 577 878 627 liberi,
913 576 1160 619 Catholicae
1202 575 1424 629 religionis
1466 576 1837 618 obseruantissimi

72 640 274 691 cultores,
308 644 485 683 ruerent
506 641 550 682 in
573 641 869 684 decumbentis
892 642 1119 696 amplexus
1144 656 1152 682 ε
1176 640 1316 683 frater
1337 640 1422 682 iam
1447 654 1548 682 vere
1571 654 1630 691 se,
1666 641 1835 693 qualem

70 707 194 759 posta
225 705 431 747 reiectam
465 706 731 748 Catholicam
762 707 890 748 fidem
922 720 1006 748 non
1039 705 1246 756 nouisset,
1280 705 1463 747 fratrem
1498 704 1669 747 dicebat
1702 720 1838 758 agno-

71 784 192 812 scere
216 785 225 811 :
249 784 360 811 vxor
392 771 550 822 gaudio
583 772 711 825 plena
754 771 840 813 iam
885 771 1054 813 demum
1098 770 1302 813 maritum
1346 784 1393 812 se
1433 770 1616 818 habere,
1666 771 1836 823 qualem

71 835 249 877 summis
282 836 396 878 votis
437 850 609 890 semper
649 839 858 891 optasset,
901 836 1149 879 affirmabat
1173 870 1181 878 .
1205 836 1291 877 Jlle
1332 836 1478 877 autem
1521 837 1695 885 contra,
1738 849 1838 889 pro-

72 900 241 951 testari,
275 914 492 953 nunquam
527 915 573 942 se
615 901 818 954 quamdiu
849 901 892 942 in
925 901 1096 943 haeresi
1127 900 1224 951 fuit,
1268 915 1362 942 cum
1406 901 1565 942 affectu
1607 914 1732 942 orare
1764 915 1838 954 po-

72 965 232 1016 tuisse,
278 980 496 1019 nunquam
542 967 704 1009 laetam
747 969 823 1008 aut
863 966 1018 1008 timore
1058 966 1238 1008 liberam
1283 965 1471 1018 gessisse
1513 965 1836 1008 conscientiam.

72 1030 270 1073 Accessit
303 1034 462 1081 autem,
498 1045 607 1084 quae
640 1031 852 1074 laetitiam
877 1031 1132 1081 cumularet,
1167 1034 1399 1072 consecuta
1423 1030 1615 1084 corporis
1648 1030 1836 1072 sanitas:

73 1096 290 1149 Siquidem
325 1095 416 1150 ipse
449 1099 603 1150 postea
635 1096 855 1138 medicus2
887 1099 1008 1138 certa
1040 1099 1084 1138 et
1115 1095 1362 1138 indubitata
1393 1095 1476 1136 fide
1509 1096 1631 1136 nobis
1673 1095 1837 1145 retulit,

71 1161 268 1215 proxime
301 1165 451 1203 secuta
484 1164 623 1210 nocte,
656 1161 719 1203 ita
752 1162 805 1203 ab
839 1161 954 1203 omni
986 1161 1105 1203 vitae
1137 1160 1395 1211 discrimine,
1429 1160 1542 1213 quod
1574 1160 1703 1214 paulo
1736 1164 1838 1203 ante

72 1226 474 1280 praesentissimum
507 1226 791 1276 indicabatur,
826 1226 1035 1268 Comitem
1058 1226 1186 1280 plane
1218 1226 1401 1267 liberum
1423 1225 1601 1272 factum,
1636 1227 1685 1267 vt
1706 1225 1837 1266 medi-

74 1306 150 1333 cus
182 1291 285 1333 nihil
319 1294 414 1333 arte
446 1305 525 1333 sua
557 1291 742 1345 amplius
774 1305 881 1345 opus
913 1305 1008 1333 esse
1030 1291 1195 1341 videns,
1228 1294 1404 1345 postero
1426 1304 1553 1332 mane
1576 1290 1836 1332 discesserit.

72 1356 327 1399 Renouatus
358 1357 505 1409 igitur,
540 1357 610 1410 qui
644 1360 746 1400 ante
769 1371 946 1411 sparsus
979 1359 1074 1399 erat
1096 1370 1254 1406 rumor,
1290 1356 1372 1397 dici
1393 1370 1479 1398 non
1510 1359 1668 1410 potest,
1702 1369 1838 1408 quan-

72 1425 165 1464 tam
205 1421 435 1464 haereticis
476 1422 831 1475 indignationem,
875 1421 1109 1464 Catholicis
1146 1435 1250 1463 vero
1292 1421 1631 1463 consolationem
1674 1421 1837 1463 attulit.

72 1488 300 1541 Augustae
333 1490 376 1529 et
408 1487 509 1528 alibi
542 1488 745 1541 populum
777 1486 986 1529 haeretici
1009 1486 1344 1529 Concionatores
1376 1486 1666 1528 hortabantur
1698 1499 1838 1535 orare,

72 1567 150 1607 pro
184 1552 313 1594 nobili
348 1555 392 1594 et
425 1553 592 1605 potenti
624 1553 731 1602 viro,
775 1552 846 1605 qui
877 1552 921 1594 in
954 1552 1096 1594 animo
1129 1551 1322 1601 haberet,
1374 1552 1592 1604 abnegata
1624 1550 1666 1592 in
1709 1565 1837 1604 quam

73 1631 169 1659 cum
203 1617 300 1671 alijs
334 1617 604 1671 Principibus
635 1617 814 1668 iurarat,
858 1616 1117 1670 Augustana
1151 1616 1434 1666 confessione,
1477 1616 1532 1658 ad
1564 1630 1721 1657 nouum
1754 1615 1838 1658 Pa—

74 1682 271 1736 pismum,
304 1682 367 1724 ita
389 1696 574 1735 namque
598 1682 829 1725 Societatis
852 1682 1092 1724 doctrinam
1116 1684 1288 1732 vocant,
1323 1681 1552 1723 declinare.
1598 1682 1698 1723 Dux
1721 1683 1839 1722 certe

73 1749 188 1790 inter
211 1747 470 1790 Germaniae
503 1747 827 1800 potentissimos
850 1747 993 1797 duces,
1026 1746 1171 1789 nescio
1204 1761 1260 1788 an
1283 1746 1358 1788 vlli
1392 1760 1610 1788 armorum
1643 1745 1839 1800 potentia

73 1813 288 1854 secundus
301 1813 329 1862 3,
363 1811 586 1854 acerrimis
617 1812 744 1854 minis
776 1826 871 1853 eum
897 1826 922 1854 a
944 1811 1165 1866 proposito
1190 1811 1409 1853 deterrere
1437 1825 1673 1864 aggressus
1698 1826 1706 1852 :
1730 1811 1839 1852 Con-

76 1877 342 1920 cionatorem
383 1876 579 1930 inprimis
619 1876 758 1926 misit,
801 1876 1015 1918 hominem
1057 1876 1205 1918 multis
1246 1876 1492 1929 rerumpub.
1526 1875 1666 1918 turbis
1709 1878 1839 1928 atque

75 1942 357 1984 seditionibus
399 1941 585 1983 nobilem
631 1945 675 1984 et
719 1942 1028 1984 exercitatum:
1075 1941 1146 1994 qui
1190 1955 1342 1983 recens
1388 1940 1678 1994 conscriptum
1723 1954 1748 1982 a
1792 1953 1838 1981 se

74 2007 228 2050 librum
262 2006 416 2049 Comiti
448 2008 602 2048 offerre
635 2007 784 2049 volens
798 2008 826 2057 4,
865 2006 1002 2060 primo
1034 2021 1119 2048 non
1152 2009 1219 2048 est
1252 2005 1480 2048 admissus.
1545 2005 1710 2047 Deinde
1743 2019 1836 2046 cum

74 2087 153 2127 pro
186 2072 498 2122 familiaritate,
541 2086 669 2125 quam
702 2072 916 2114 habuerat
948 2086 1043 2114 cum
1077 2071 1242 2113 Comite
1282 2070 1414 2125 prius,
1457 2070 1732 2112 nihilominus
1773 2070 1839 2111 in-

74 2138 277 2180 standum
319 2140 440 2179 ratus
482 2140 619 2187 esset,
662 2137 843 2180 abactus
885 2136 1153 2190 grauissimis
1195 2135 1353 2186 verbis,
1397 2136 1451 2177 ad
1494 2136 1643 2177 ducem
1687 2149 1712 2176 a
1755 2148 1838 2187 quo

195 2225 222 2249 al
244 2224 382 2255 Sequitur
402 2229 475 2254 rem,
495 2224 584 2248 oblitt.

198 2335 207 2353 ¹
234 2333 331 2367 Fidei
358 2331 615 2376 professionem
641 2330 893 2370 tridentinam;
923 2330 965 2363 de
992 2341 1062 2373 qua
1092 2330 1179 2364 Can.
1208 2330 1257 2363 lV
1283 2330 1363 2363 654.

196 2388 208 2407 2
234 2385 470 2420 Venerandus
497 2383 638 2424 Gabler,
665 2383 863 2417 medicinae
890 2384 925 2416 in
951 2383 1190 2417 universitate
1217 2382 1415 2425 tubingana
1441 2382 1640 2426 p1·0fessor;
1670 2393 1703 2414 v.
1730 2392 1839 2425 supra

75 2453 108 2485 p.
127 2441 207 2480 454,
234 2441 270 2473 et
296 2439 340 2473 cf.
369 2440 461 2472 It'ic'ss
485 2437 508 2471 l.
527 2450 556 2470 c.
584 2437 615 2470 ΙΙ
644 2437 723 2470 522.

197 2495 209 2513 ³
236 2491 513 2535 Christophorus
528 2490 844 2533 WVurttembergae
871 2489 943 2523 dux
970 2500 1015 2523 m.
1034 2489 1129 2522 Maio
1153 2488 1319 2522 Iacobum
1339 2488 1503 2521 Andreae
1523 2487 1835 2530 (Schmidelinum)

76 2546 320 2592 praepositum
346 2545 582 2587 tubinganum
610 2543 653 2576 ad
679 2542 888 2577 Udalricum
915 2542 1015 2576 misit
1042 2543 1190 2584 (Kerler
1214 2541 1237 2575 l.
1265 2553 1293 2574 c.
1325 2541 1420 2582 148).

196 2602 207 2619 ⁴
238 2597 486 2642 „Christliche,
521 2596 774 2639 nothwendige
800 2596 873 2629 vnd
909 2595 1104 2629 ernstliche
1131 2595 1369 2637 Erimmrung,
1404 2593 1505 2627 Nach
1542 2593 1621 2626 dem
1649 2593 1754 2627 Lauff
1777 2594 1839 2628 der

72 2653 257 2699 jrdischen
285 2651 458 2685 Planeten
494 2648 637 2692 gestelt,
673 2648 820 2683 Darauss
856 2649 912 2682 ein
944 2648 1046 2693 jeder
1082 2648 1287 2690 einfeltiger
1313 2647 1435 2681 Christ
1470 2646 1635 2688 zusehen,
1672 2658 1746 2681 was
1781 2649 1839 2681 fiir

76 2706 187 2750 gliick
212 2706 296 2739 oder
314 2703 486 2747 vngliick,
505 2702 749 2736 Teutschland
776 2702 871 2735 diser
889 2701 959 2735 zeit
984 2713 1026 2735 zu
1046 2704 1239 2744 gewarten.
1277 2699 1358 2733 Auss
1385 2699 1448 2733 der
1466 2711 1689 2742 vermanung
1705 2699 1839 2734 Christi

77 2760 162 2794 Luc.
189 2760 245 2793 21.
272 2759 307 2792 in
334 2758 427 2791 funff
450 2756 627 2799 Predigen
654 2756 843 2789 versasset.
887 2754 1074 2788 Dardurch
1101 2754 1188 2787 hoch
1216 2753 1311 2787 vnnd
1339 2753 1440 2786 nider
1465 2753 1598 2792 standt,
1626 2753 1839 2797 Papstische

77 2813 151 2846 vnd
177 2811 422 2851 Lutherische,
458 2820 538 2842 vom
575 2809 737 2849 Fressen,
773 2808 928 2847 Sauffen,
965 2806 1077 2848 Geitz,
1104 2807 1326 2850 Abgotterei,
1363 2806 1548 2848 lesterung
1584 2806 1647 2839 des
1682 2805 1839 2840 Namens

79 2865 217 2903 Gottes.
237 2864 413 2903 Vnzucht,
433 2861 643 2902 Sicherheit,
663 2861 887 2903 verachtung
911 2860 1038 2894 Gottes
1055 2860 1189 2900 Worts,
1218 2859 1289 2893 vnd
1317 2859 1451 2893 andren
1478 2858 1620 2892 Siinden
1648 2871 1710 2892 zur
1727 2859 1838 2893 warh.

77 2918 151 2953 bu&
178 2918 249 2952 vnd
285 2917 408 2951 ernstl.
437 2916 569 2950 Gebett
594 2916 781 2948 vermanet
806 2913 959 2947 werden.
1011 2912 1153 2947 Gestelt
1187 2912 1298 2946 durch
1333 2912 1365 2946 J.
1392 2911 1534 2945 Andree
1561 2911 1602 2945 D.
1630 2911 1761 2946 Probst
1796 2924 1837 2945 zu

77 2973 278 3015 Tiibingen.
304 2969 433 3004 Matth.
449 2969 481 3003 3.
517 2968 564 3002 Es
582 2968 630 3001 ist
647 2967 757 3001 sehon
776 2967 832 3000 die
848 2967 922 3000 Axt
939 2969 1006 3000 etc.
1041 2966 1227 3008 'l'tibingen
1250 2966 1371 2999 1567.“
1410 2964 1515 2998 Liber
1531 2964 1697 2998 Udalrico
1715 2965 1836 2999 comiti

79 3025 264 3059 dedicatus
290 3026 364 3057 est:
391 3023 446 3056 Ita
471 3023 572 3056 mess
597 3021 619 3054 l.
639 3032 668 3055 c.
687 3020 755 3054 360
772 3021 790 3054 ¹.
832 3019 1024 3053 Udalricus
1050 3031 1081 3053 a.
1099 3019 1188 3052 1555
1216 3030 1235 3052 a
1251 3018 1506 3062 Christophoro
1521 3017 1838 3061 Wurttembergae

79 3079 168 3112 duce
194 3077 462 3122 impetraverat,
499 3077 539 3108 ut
565 3074 727 3107 Andreae
747 3073 1029 3116 Wisensteigam
1065 3073 1108 3106 ad
1136 3072 1235 3106 cives
1267 3084 1286 3105 a
1313 3072 1381 3105 fide
1408 3070 1586 3105 catholica
1612 3071 1839 3105 abducendos

79 3131 220 3165 veniret
248 3131 348 3173 (Chr.
377 3130 440 3162 Fr.
470 3128 612 3171 Sattler,
648 3126 865 3160 (ieschichte
892 3126 954 3159 des
983 3125 1247 3168 Herzogthums
1274 3124 1518 3167 wurtenberg
1554 3126 1658 3158 unter
1685 3125 1746 3158 der
1773 3124 1839 3157 Re-

80 3183 232 3228 gierung
258 3183 320 3217 der
346 3183 533 3224 Herzogen
560 3180 620 3221 IV,
646 3180 832 3223 Tiibingen
862 3180 962 3221 1771,
990 3179 1159 3221 85—86).

151 3247 459 3278 Braunsberger.
481 3244 592 3270 Canisii
613 3243 766 3277 Epistulae
787 3244 819 3269 et
836 3243 920 3269 Acta.
944 3242 978 3269 V.
1509 3236 1553 3271 50
