2077 3461
619 180 709 215 1565
736 179 802 214 Iul.
822 179 878 214 20.
898 198 940 203 ——-
963 179 1052 214 1565
1072 179 1151 214 Oct.
1170 179 1226 213 29.
1676 178 1798 208 XLVII

685 297 869 340 catalogos
895 296 990 330 mitti
1017 299 1084 331 etc.
1111 296 1229 336 iubet;
1267 296 1309 329 de
1346 295 1497 339 collegio
1527 294 1801 338 ingolstadiensi

686 352 722 383 et
747 350 872 384 multis
898 349 979 384 aliis
1005 350 1112 384 rebus
1139 349 1326 383 constituit
1355 349 1438 391 (755
1465 348 1562 391 761).

76 419 185 459 1565
325 416 443 470 Sept.
468 418 506 459 3.
627 415 916 469 Congregatio
939 414 1158 469 generalis
1181 414 1434 456 absolvitur.
1476 413 1516 455 S.
1540 412 1799 455 Franciscus

684 480 868 533 Borgias
901 480 955 522 ad
987 482 1136 534 patres
1163 478 1511 521 exhortationem
1533 478 1677 527 habet,
1711 476 1798 518 sin-

685 546 810 598 gulos
842 545 1119 599 amplectitur
1152 557 1384 597 eorumque
1417 543 1548 597 pedes
1578 543 1799 584 osculatur

74 678 184 718 1565
256 676 372 730 Sept.
399 677 570 718 3.—29.
604 609 970 744 *Cogiiegatione
1003 675 1203 717 absoluta
1236 674 1278 716 C.
1302 673 1419 715 iussu
1450 672 1514 714 Pii
1537 673 1610 715 IV.
1634 672 1798 714 Romae

604 745 606 811 4
683 740 836 782 haeret
869 740 972 793 (639
1009 740 1124 793 762).

86 817 173 851 1565
235 817 300 851 sub
319 817 409 851 med.
428 828 473 850 m.
489 815 586 860 Sept.
604 842 606 849 .
626 815 827 850 Cardinalis
853 815 1019 849 Amulius
1047 814 1189 848 Canisio
1225 813 1417 859 epistulam
1451 812 1541 856 legit
1571 824 1591 846 a
1626 811 1798 846 cardinali

605 863 606 867 ¹
684 868 794 902 Hosio
821 868 864 902 de
891 868 1011 908 calice,
1040 867 1220 902 Centuriis
1246 870 1313 901 etc.
1341 867 1384 900 ad
1411 878 1449 901 se
1476 867 1598 900 datam
1627 865 1716 908 (97).

83 923 173 957 1565
330 923 426 968 Sept.
447 923 515 967 18.)
604 907 663 956 ¹C.
691 924 837 956 auctore
863 921 1105 955 Theodoricus
1142 921 1218 955 eius
1253 921 1366 954 frater
1392 932 1412 954 a
1439 919 1570 963 Borgia
1596 919 1799 963 praeposito

685 975 855 1019 generali,
883 975 976 1018 quod
1004 974 1134 1008 Petrus
1161 974 1198 1008 C.
1227 974 1378 1017 collegia
1405 973 1563 1007 rhenana
1590 972 1736 1006 visitare
1764 974 1800 1005 et

685 1028 756 1062 alia
782 1030 966 1073 praestare
993 1028 1132 1069 debeat,
1160 1027 1472 1072 viceprovincialis
1498 1037 1628 1060 munus
1653 1025 1689 1059 in
1713 1024 1798 1059 Ger-

684 1082 804 1115 mania
831 1081 1014 1125 superiore
1041 1081 1198 1114 retinere
1225 1081 1368 1114 iubetur
1395 1080 1507 1124 (639).

83 1135 172 1169 1565
215 1146 217 1152 ’
330 1135 426 1181 Sept.
447 1136 500 1170 19.
626 1135 712 1168 Pius
746 1134 807 1168 1V.
844 1135 888 1168 ad
920 1133 1089 1167 Ottonem
1126 1133 1344 1167 cardinalem
1370 1134 1623 1176 Augustanum
1657 1131 1799 1165 litteras

684 1189 762 1229 dat,
798 1188 927 1231 quibus
955 1187 992 1222 C.
1020 1199 1084 1221 suo
1121 1187 1263 1221 nomine
1299 1190 1333 1220 et
1366 1187 1408 1221 ad
1435 1187 1550 1231 ipsum
1579 1188 1613 1219 et
1640 1185 1683 1219 ad
1710 1184 1799 1218 alios

685 1241 899 1276 Germaniae
935 1241 1120 1285 episcopos
1156 1240 1331 1284 quaedam
1366 1239 1562 1273 relaturum
1598 1249 1677 1272 esse
1704 1237 1797 1271 affir-

683 1296 759 1328 mat
785 1294 898 1338 (640).

85 1347 173 1382 1565
330 1349 425 1394 Sept.
448 1350 500 1383 19.
627 1348 710 1382 Pius
737 1347 796 1382 IV.
824 1348 868 1381 ad
894 1347 1062 1381 Ioannem
1089 1359 1159 1380 von
1186 1347 1248 1381 der
1273 1346 1394 1391 Leyen
1420 1344 1728 1390 archiepiscopum
1761 1346 1796 1377 et

684 1401 872 1435 electorem
894 1402 1138 1434 treverensem
1164 1400 1281 1434 Breve
1308 1400 1378 1441 dat,
1405 1411 1474 1444 quo
1501 1410 1581 1432 eum
1607 1397 1795 1431 certiorem

682 1454 782 1496 facit,
799 1454 835 1488 C.
851 1454 1029 1499 pontificis
1047 1454 1189 1488 nomine
1207 1465 1287 1488 cum
1306 1454 1383 1498 ipso
1402 1455 1565 1487 acturum
1585 1463 1663 1485 esse
1681 1451 1793 1494 (641).

84 1507 173 1542 1565
329 1510 424 1554 Sept.
447 1509 499 1543 19.
603 1500 604 1504 Ἰ
625 1508 710 1543 Pius
729 1508 788 1542 1V.
810 1508 853 1541 ad
872 1507 1144 1541 universitatem
1173 1509 1209 1540 et
1234 1509 1398 1541 senatum
1422 1505 1660 1540 coloniensem
1679 1504 1794 1538 Breve

683 1562 755 1603 dat,
791 1572 859 1605 quo
895 1572 954 1594 eos
990 1560 1123 1602 laudat,
1161 1561 1203 1594 de
1235 1559 1372 1593 indulto
1408 1571 1429 1593 a
1460 1571 1498 1593 se
1526 1569 1694 1593 concesso
1722 1569 1794 1591 cer-

682 1615 792 1648 tiores
827 1625 887 1648 eos
922 1614 1020 1655 facit,
1054 1614 1314 1658 professionem
1348 1613 1432 1647 fidei
1463 1612 1695 1646 tridentinam
1720 1610 1794 1644 uni-

682 1667 848 1702 versitati
884 1667 1117 1711 praescribit,
1155 1667 1191 1702 C.
1228 1669 1413 1710 totamque
1450 1666 1664 1700 Societatem
1703 1676 1794 1698 com-

683 1721 829 1755 mendat
857 1721 970 1763 (644).

83 1775 171 1809 1565
328 1775 425 1820 Sept.
444 1775 498 1811 20.
623 1775 709 1809 Pius
745 1774 805 1808 lV.
842 1774 884 1807 ad
913 1774 1131 1808 Fridericum
1167 1785 1188 1807 a
1214 1773 1404 1816 VVirsberg
1439 1773 1644 1818 episcopum
1679 1771 1795 1805 herbi-

682 1827 864 1872 polensem
900 1827 1142 1871 Franciaeque
1177 1827 1301 1861 ducem
1337 1827 1453 1860 Breve
1489 1826 1569 1866 dat,
1605 1837 1674 1869 quo
1715 1836 1793 1858 eum

682 1883 811 1921 monet,
840 1880 876 1914 C.
903 1892 967 1914 suo
993 1881 1134 1914 nomine
1161 1892 1241 1914 cum
1266 1880 1344 1925 ipso
1370 1883 1533 1914 acturum
1560 1890 1657 1918 esse;
1689 1878 1795 1912 simul

683 1935 797 1968 eidem
828 1933 1016 1977 collegium
1043 1934 1077 1968 S.
1097 1934 1128 1967 J.
1156 1933 1413 1978 herbipolense‚
1449 1933 1505 1966 cui
1540 1932 1793 1966 monasterium

684 1987 861 2031 quoddam
889 1988 965 2021 dari
992 1987 1176 2031 permittit,
1204 1987 1430 2021 commendat
1457 1985 1570 2029 (646).

74 2055 183 2095 1565
306 2054 422 2108 Sept.
448 2056 516 2098 23.
627 2055 668 2097 S.
692 2054 949 2096 Franciscus
982 2054 1167 2107 Borgias
1200 2053 1475 2108 praepositus
1504 2043 1723 2106 ‘generalis
1752 2051 1794 2093 C.

606 2113 608 2135 ¹
686 2119 917 2161 Societatis
970 2118 1242 2161 visitatorem
1290 2132 1366 2172 pro
1415 2117 1647 2172 provinciis
1692 2117 1797 2158 Ger-

684 2184 854 2226 maniae
887 2184 1121 2238 superioris
1154 2187 1198 2226 et
1222 2183 1439 2225 inferioris
1462 2197 1513 2225 ac
1535 2182 1675 2224 Rheni
1698 2196 1797 2223 con-

684 2249 829 2291 stituit
861 2249 934 2302 (99
973 2249 1086 2301 103).

86 2324 174 2358 1565
272 2326 354 2358 ante
381 2324 434 2359 30.
455 2324 551 2369 Sept.
606 2326 675 2365 ¹0„
703 2327 896 2368 antequam
923 2324 1035 2358 Roma
1062 2324 1178 2364 abeat,
1215 2335 1235 2356 a
1261 2323 1351 2357 lulio
1380 2323 1592 2357 Mancinello
1619 2323 1799 2366 impetrat,

684 2380 725 2411 ut
749 2377 780 2411 is
805 2377 873 2411 sibi
899 2378 977 2421 pias
995 2377 1136 2420 aliquas
1154 2376 1404 2411 meditationes
1431 2389 1493 2421 per
1519 2377 1586 2409 iter
1612 2376 1798 2408 instituen-

685 2431 749 2464 das
774 2433 948 2475 proponat
977 2430 1090 2474 (118).

75 2497 185 2537 1565
217 2466 821 2549 *Sept.29.ve130.⁵oanisius
853 2497 991 2538 Roma
1024 2496 1205 2538 discedit
1238 2496 1383 2549 (762)..

86 2572 174 2606 1565
262 2583 305 2605 m.
323 2571 401 2605 Oct.
422 2573 565 2607 ineunte
607 2573 608 2608 i
627 2570 782 2607 Narniae
809 2574 977 2606 versatur
1006 2571 1119 2615 (106).

86 2625 175 2659 1565
328 2628 497 2660 autumno
607 2623 841 2660 'Guilielmus
876 2625 1086 2668 Eisengrein
1122 2625 1158 2658 iu
1198 2624 1392 2667 „Catalogo
1427 2624 1573 2657 testium
1611 2622 1794 2657 veritatis⁸

607 2679 609 2721 ζ
688 2678 868 2712 Canisium
896 2678 1020 2712 laudat
1048 2678 1162 2721 (831).

87 2731 174 2765 1565
295 2731 360 2765 sub
390 2731 442 2766 10.
463 2731 542 2767 Oct.
608 2731 792 2765 =Canisius
818 2730 1011 2766 Patavium
1040 2732 1140 2765 venit
1168 2730 1281 2774 (106).

86 2790 175 2823 1565
342 2789 420 2824 Oct.
442 2791 494 2825 11.
608 2812 609 2838 ᾗ
629 2789 800 2825 Venetias
827 2790 973 2824 advenit
1003 2791 1116 2834 (106).

87 2848 176 2882 1565
263 2847 340 2882 Oct.
363 2849 415 2883 13.
436 2849 492 2883 vel
514 2851 567 2884 14.
608 2849 715 2901 3Cum
753 2849 790 2883 P.
818 2849 1008 2883 Francisco
1044 2849 1170 2883 Sunier
1206 2848 1239 2882 S.
1268 2849 1300 2883 J.
1335 2847 1525 2883 Patavium
1562 2849 1800 2894 proficiscitur

609 2945 610 2949 Ἰ
691 2902 774 2944 (106
803 2903 897 2946 114).

88 2954 176 2988 1565
263 2954 376 2988 medio
402 2955 477 2988 fere
496 2954 573 2989 Oct.
609 2954 718 2999 (Cum
744 2955 866 2988 eodem
895 2954 1130 2999 Oenipontem
1158 2955 1248 2999 petit
1276 2954 1388 2997 (762).

89 3007 176 3041 1565
219 3009 220 3035 1
342 3006 419 3041 Oct.
440 3008 494 3042 21.
609 3043 610 3047 ,
629 3006 864 3053 Oenipontem
893 3008 1040 3041 advenit
1067 3008 1180 3051 (770).

88 3059 176 3094 1565
287 3059 364 3094 Oct.
384 3060 545 3095 21.—29.
609 3060 731 3105 AE‘ebri
759 3063 952 3104 correptus,
984 3072 1046 3105 per
1073 3064 1151 3094 octo
1179 3061 1254 3094 dies
1281 3060 1479 3105 Oeniponte
1506 3061 1695 3095 detinetur.
1747 3060 1799 3094 De

688 3113 794 3147 rebus
830 3112 969 3155 collegii
1005 3114 1126 3157 aliqua
1162 3114 1301 3147 confert
1335 3125 1413 3147 cum
1442 3114 1479 3148 P.
1506 3114 1636 3159 Dyrsio
1662 3116 1799 3148 rectore

692 3166 773 3204 (117
805 3166 869 3199 133
898 3166 994 3209 770).
