2045 3471
424 193 516 228 Mon.
537 194 605 228 744
630 193 708 228 sive
734 205 846 237 germ.
865 193 887 228 l.
908 194 1000 237 (19).
1039 194 1094 229 25.
1113 194 1257 228 Nov.—
1273 194 1305 228 4.
1324 193 1409 228 Dec.
1431 193 1531 228 1565.
1777 195 1860 236 663

100 313 141 355 S.
166 311 426 354 Catharinae
450 312 570 365 Virg.
603 315 648 354 et
679 313 870 367 Marty.¹
906 313 978 366 qui
1019 313 1236 356 incidebat
1278 327 1327 356 eo
1361 328 1473 356 anno
1505 313 1549 355 in
1581 312 1860 355 dominicam:

98 375 285 430 hospitio
328 376 545 429 excipitur
586 381 784 419 amanter
816 381 860 420 et
900 377 1132 420 honorifice
1165 393 1191 420 a
1222 378 1482 421 Wendelina
1523 392 1683 428 sorore,
1726 379 1862 431 nupta

100 440 333 484 Godefrido
366 454 391 482 a
414 441 544 490 Trist‚
579 440 669 494 (qui
701 443 890 484 secundo
913 443 1127 496 Neomagi
1159 443 1242 485 fuit
1265 443 1442 492 Consul;
1476 446 1603 497 pater
1633 456 1738 485 vero
1771 441 1863 484 eius

99 506 288 548 Thomas
320 519 346 547 a
377 505 494 547 Trist
526 507 758 559 septimum
799 507 945 550 fuerat
986 507 1142 549 ibidem
1186 508 1365 561 consul).
1430 508 1746 561 Magistratus2
1786 508 1862 549 ob-

98 571 200 615 tulit
231 571 277 614 P.
301 570 471 612 Canisio
503 570 677 612 honoris
710 585 813 624 ergo
847 572 1044 621 vinum3;
1079 587 1201 615 soror
1233 575 1379 615 autem
1412 587 1508 614 cum
1541 572 1710 624 marito,
1743 573 1862 615 lauto

99 635 295 678 conuiuio
337 635 642 689 magistratum
683 636 877 690 excepit;
924 638 1002 679 sub
1046 638 1172 679 finem
1218 651 1415 688 mensae,
1458 638 1671 690 insignem
1712 637 1862 680 habuit

98 700 294 744 Canisius
335 701 389 742 ad
433 700 739 753 magistratum
785 701 1147 745 exhortationem.
1221 702 1319 744 Alio
1361 702 1428 744 die
1468 703 1644 745 inuitati
1685 703 1862 745 fuerunt

99 779 248 809 omnes
279 765 548 819 superiores⁸
580 779 675 806 cum
709 766 838 819 socijs
870 766 994 817 Cleri,
1039 770 1127 808 tam
1161 768 1400 820 regulares,
1437 782 1565 821 quam
1598 767 1818 809 seculares
1832 769 1860 809 4.

98 831 386 874 Concionatus
426 831 470 872 in
511 830 655 884 patria
694 831 988 883 frequenter5,
1032 832 1234 874 Canonici
1274 832 1448 874 honoris
1481 845 1612 874 causa
1649 832 1862 886 pulpitum

98 897 190 939 siue
223 899 478 950 suggestum
518 897 668 949 tapete
699 895 901 937 exornari
944 899 1163 939 curarunt.
1227 897 1390 940 Jnuisit
1427 911 1596 950 quoque
1628 897 1820 939 scholam
1833 898 1861 948 ⁶,

98 964 144 1004 et
174 964 350 1016 petente
382 961 582 1011 Rectore,
617 963 1013 1014 extemporaneam,
1047 962 1122 1003 sed
1155 962 1416 1015 elegantem,
1451 962 1504 1004 ad
1536 961 1753 1004 studiosos
1784 962 1862 1004 ha-

99 1026 193 1069 buit
233 1025 486 1068 orationem.
557 1025 747 1067 Jnuitati
791 1025 923 1067 etiam
967 1026 1196 1079 aliquoties
1238 1041 1263 1068 a
1304 1041 1452 1068 sorore
1496 1027 1672 1069 fuerunt
1714 1041 1862 1069 omnes

98 1090 238 1142 amici,
273 1105 380 1144 quos
410 1092 632 1144 postremo
667 1090 747 1139 die,
782 1104 865 1144 quo
889 1091 1033 1133 vocati
1057 1095 1181 1134 erant
1204 1092 1258 1133 ad
1289 1091 1530 1146 prandium,
1563 1091 1690 1134 iussit
1712 1092 1758 1135 P.
1782 1092 1862 1134 Ca-

99 1156 234 1198 nisius
265 1156 444 1205 moneri,
478 1158 527 1197 vt
558 1154 818 1209 tempestiue
842 1155 1053 1206 venirent,
1088 1156 1248 1198 habere
1281 1156 1392 1198 enim
1426 1170 1472 1198 se
1505 1156 1618 1210 quod
1650 1171 1746 1198 cum
1777 1156 1862 1199 illis

98 1223 334 1270 tractaret;
369 1220 441 1274 qui
465 1223 509 1262 et
540 1222 802 1274 paruerunt;
836 1220 984 1273 itaque
1007 1221 1200 1274 singulos
1222 1222 1402 1264 maritos
1425 1235 1520 1263 cum
1544 1222 1632 1263 suis
1654 1221 1862 1264 vxoribus

99 1286 279 1329 seorsim
323 1286 446 1328 binos
486 1300 537 1328 ac
578 1285 701 1327 binos
741 1286 783 1327 in
827 1286 1032 1328 conclaue
1064 1286 1240 1336 inducit,
1283 1286 1520 1329 efficaciter
1552 1301 1625 1328 eos
1662 1287 1863 1329 hortatur

99 1352 154 1395 ad
188 1351 478 1394 constantiam
510 1350 553 1392 in
575 1350 804 1393 retinenda
834 1351 918 1393 fide
951 1351 1177 1400 catholica,
1210 1351 1465 1406 praedicens
1497 1354 1639 1394 motus
1671 1352 1861 1402 bellicos,

99 1420 145 1460 et
176 1417 392 1467 haereses,
435 1430 546 1469 quae
583 1419 683 1470 post
715 1418 975 1462 euenerunt:
1018 1416 1261 1470 singulique
1299 1416 1509 1471 porrectis
1542 1416 1733 1459 dexteris
1765 1431 1863 1471 spo-

100 1482 345 1537 ponderunt
386 1495 432 1523 se
465 1495 559 1523 cum
593 1480 681 1522 suis
721 1481 850 1522 fidem
882 1481 1092 1523 maiorum
1134 1484 1387 1524 constanter
1425 1484 1694 1531 retenturos;
1735 1482 1863 1535 idque

100 1561 196 1589 cum
229 1547 411 1601 singulis
443 1546 662 1589 sororibus
695 1560 930 1599 earumque
962 1547 1143 1597 maritis,
1178 1562 1228 1589 ac
1261 1547 1398 1590 fratre
1421 1561 1514 1589 cum
1538 1561 1616 1589 sua
1639 1547 1820 1601 coniuge
1834 1548 1862 1596 ⁷,

101 1611 283 1654 seorsim
317 1626 412 1653 cum
445 1611 648 1662 fecisset;
691 1611 823 1653 etiam
864 1611 977 1654 idem
1011 1612 1161 1654 eodem
1193 1612 1318 1654 modo
1352 1626 1447 1654 cum
1479 1612 1670 1666 ipsorum
1702 1612 1861 1662 liberis,

100 1676 211 1719 binis
233 1677 371 1718 solum
395 1676 576 1718 seorsim
598 1676 779 1727 vocatis,
804 1676 907 1729 egit.
951 1676 1171 1719 Promissa
1193 1679 1351 1727 autem,
1375 1691 1504 1731 opere
1527 1676 1862 1731 compleuerunt,

101 1741 164 1784 ita
204 1745 254 1785 vt
294 1741 397 1784 licet
440 1742 495 1783 ad
540 1743 635 1784 150.
669 1741 841 1784 circiter
880 1742 1007 1784 istius
1048 1742 1196 1796 stirpis
1239 1742 1295 1785 M.
1319 1741 1472 1784 Jacobi
1504 1741 1676 1794 Canisij,
1719 1741 1864 1796 capita

221 1835 248 1866 a)
269 1835 334 1860 Duo
355 1842 396 1859 vv.
416 1842 474 1866 sqq.
495 1834 530 1858 ab
551 1834 644 1859 Hasio
663 1842 757 1866 supra
776 1842 868 1866 mai-y.
888 1834 999 1866 scripta
1019 1838 1095 1859 sunt.

224 1967 234 1986 ¹
259 1965 326 2000 Die
353 1966 409 2000 25.
428 1965 654 1999 Novembris.
800 1966 813 1985 2
839 1964 930 1999 Vide
957 1976 1066 2010 supra
1093 1977 1125 2010 p.
1147 1965 1226 2000 661.

221 2020 234 2039 3
259 2018 392 2053 Exstat
410 2018 526 2053 adhuc
543 2018 759 2061 Noviomagi
785 2018 820 2052 in
847 2018 994 2053 archivo
1020 2018 1120 2053 urbis
1146 2019 1332 2063 antiquum
1360 2018 1448 2052 illud
1467 2019 1662 2051 *Volmnen
1682 2019 1861 2052 rationum

102 2073 338 2112 urbanarum;
375 2072 469 2116 quod
505 2072 540 2106 in
575 2083 606 2106 a.
636 2072 726 2106 1565
759 2071 848 2106 haec
885 2072 1011 2106 habet:
1051 2072 1147 2114 „Ons
1173 2072 1283 2106 heren
1310 2071 1448 2106 hebben
1475 2071 1670 2114 geschenct
1695 2070 1737 2105 D.
1762 2073 1863 2115 petro

103 2126 246 2161 Canisio
264 2125 354 2159 XXJ
374 2126 493 2159 kwart
510 2125 615 2170 wijns
641 2125 677 2158 in
703 2125 888 2159 novembri
907 2125 963 2159 die
981 2125 1100 2160 kwart
1118 2126 1187 2159 IIII
1213 2126 1263 2159 br.
1284 2127 1328 2159 st.
1349 2124 1383 2169 [i.
1404 2136 1434 2158 e.
1454 2123 1692 2158 brabantsche
1710 2124 1862 2168 stuiver]

102 2179 193 2213 ende
227 2179 258 2213 is
293 2178 418 2222 gehalt
442 2181 497 2212 tot
524 2178 656 2212 Jorden
685 2189 754 2212 van
779 2178 899 2212 Triest
924 2178 1094 2212 videlicet
1119 2179 1189 2212 IIII
1215 2178 1347 2221 gulden
1376 2177 1440 2211 llll
1467 2177 1533 2211 st.“
1566 2176 1721 2220 (Domini
1751 2177 1864 2211 nostri

104 2232 328 2266 donaverunt
353 2243 399 2265 m.
419 2231 615 2265 Novembri
641 2231 682 2265 D.
702 2231 809 2265 Petro
830 2231 972 2266 Canisio
991 2232 1033 2265 21
1056 2232 1274 2275 quadrantes
1302 2230 1464 2275 [quartas
1490 2228 1626 2274 partes]
1650 2230 1735 2270 vini,
1761 2230 1863 2264 cuius

103 2285 237 2328 singuli
264 2285 484 2328 quadrantes
510 2284 726 2319 constabant
750 2286 773 2319 4
798 2286 957 2319 stuveris
983 2285 1223 2325 b1·abanticis;
1259 2284 1384 2318 vinum
1418 2283 1569 2328 petitum
1606 2285 1661 2317 est
1695 2295 1739 2317 ex
1772 2282 1864 2317 cella

104 2339 244 2373 vinaria
269 2338 415 2372 Jordani
444 2349 515 2372 van
540 2337 680 2379 Triest3
715 2338 825 2372 soluti
859 2341 946 2372 sunt
979 2338 1091 2381 igitur
1120 2339 1143 2372 4
1167 2338 1290 2372 floreni
1328 2339 1364 2371 et
1389 2337 1411 2370 4
1436 2336 1605 2378 stuveri).
1655 2335 1754 2370 Haec
1788 2336 1863 2370 vini

103 2392 206 2436 copia
241 2403 338 2432 eam,
376 2403 467 2436 quae
503 2403 547 2425 ex
581 2403 680 2426 more
712 2391 885 2426 eiusmodi
920 2392 1123 2436 hospitibus
1149 2403 1170 2425 a
1195 2394 1323 2425 senatu
1359 2390 1521 2429 dabatur,
1557 2389 1772 2430 excedebat3
1813 2389 1863 2423 ita

104 2445 227 2479 eodem
263 2457 355 2479 anno
390 2445 574 2490 praefecto
608 2445 708 2488 regio
737 2444 1010 2488 („stathalter“)
1039 2446 1059 2479 9
1087 2444 1251 2478 canthari
1285 2442 1606 2486 (‘„stadtkannen“)
1634 2443 1782 2486 eiusque
1812 2442 1863 2476 fa—

104 2498 201 2533 mulo
227 2498 248 2532 2
274 2498 349 2532 dati
375 2500 469 2532 sunt.
520 2497 620 2532 Haec
655 2510 686 2532 a.
714 2497 803 2532 1908
830 2510 851 2532 a
877 2498 918 2532 R.
947 2498 985 2532 P.
1014 2500 1057 2532 L.
1085 2509 1151 2531 van
1180 2499 1287 2530 Miert
1315 2496 1347 2530 S.
1368 2496 1398 2530 J.
1427 2507 1565 2529 mecum
1601 2496 1863 2530 communicata

103 2554 206 2592 sunt;
235 2551 295 2595 qui
322 2551 433 2585 verba
459 2550 522 2585 illa
553 2551 647 2593 „Ons
673 2551 801 2585 heren“
833 2553 901 2585 etc.
929 2551 1038 2585 etiam
1064 2551 1185 2595 posuit
1210 2550 1231 2583 l.
1252 2561 1281 2583 c.
1305 2550 1351 2582 7¹.

224 2607 236 2624 ⁴
270 2603 516 2646 Noviomagus
554 2615 596 2638 ea
634 2606 754 2638 aetate
792 2615 898 2637 unam
935 2604 1090 2638 habebat
1129 2602 1333 2648 parochiani
1371 2602 1405 2635 S.
1433 2601 1625 2646 Stephani,
1664 2603 1864 2636 conventus

104 2660 225 2692 autem
252 2658 330 2691 sive
356 2657 575 2691 monasteria
600 2656 779 2691 virorum:
806 2657 970 2690 Fratrum
998 2656 1175 2690 Minorum
1203 2655 1245 2688 de
1272 2654 1523 2695 observantia,
1562 2654 1863 2694 l'raedicatorum,

104 2710 364 2745 Canonicorum
400 2710 619 2754 regularium
656 2710 1038 2750 windeshemensium,
1075 2709 1244 2753 Equitum
1278 2707 1412 2742 ordinis
1448 2708 1482 2741 S.
1511 2707 1662 2747 Ioannis,
1698 2707 1861 2741 Fratrum

105 2763 203 2798 vitae
239 2763 456 2804 communis,
492 2763 750 2798 Alexianorum
785 2763 862 2797 sive
890 2762 1099 2796 Cellitarum
1129 2762 1221 2803 (Jos.
1248 2762 1388 2804 Habets,
1424 2760 1680 2794 Geschiedenis
1706 2772 1777 2795 van
1803 2761 1864 2795 het

104 2816 374 2860 tegenwoordig
400 2816 544 2850 Bisdom
572 2816 772 2852 Roermond
809 2827 852 2849 en
888 2827 957 2849 van
985 2815 1027 2848 de
1054 2814 1293 2853 Bisdommen,
1329 2813 1385 2847 die
1422 2813 1482 2847 liet
1508 2813 1541 2847 in
1569 2813 1654 2847 deze
1679 2816 1861 2857 gewesten

104 2869 175 2914 zijn
202 2869 471 2912 voorafgegaan
499 2869 559 2910 III,
586 2868 786 2903 Roermond
817 2868 918 2908 1892,
945 2868 1014 2901 298
1041 2868 1109 2902 679
1137 2867 1205 2902 684
1232 2867 1299 2901 687
1328 2866 1395 2900 693
1422 2866 1501 2900 696.
1547 2867 1683 2909 Meijer,
1712 2865 1819 2911 Nijm.
1848 2867 1862 2900 l

105 2922 275 2966 68—71).
326 2922 463 2963 Quibus
489 2922 682 2956 accedebat
708 2921 903 2965 capitulum
932 2920 1119 2963 collegiale
1147 2919 1180 2953 S.
1201 2919 1384 2964 Stephani.

225 2977 238 2995 ⁵
263 2974 392 3009 Nescio
419 2987 464 3009 an
490 2975 547 3009 his
572 2974 695 3008 verbis
722 2973 1071 3018 comprehendantur
1096 2973 1280 3007 contiones
1315 2974 1390 3006 tum
1426 2972 1470 3006 ab
1505 2972 1581 3016 ipso
1609 2971 1752 3006 Canisio
1787 2974 1863 3006 tum

106 3039 127 3061 a
152 3027 192 3062 P.
216 3027 388 3072 Dionysio
406 3027 541 3063 Canisii
567 3028 663 3061 socio
690 3026 835 3061 habitae
864 3026 1027 3069 (Hansen
1054 3025 1076 3059 l.
1096 3037 1125 3060 c.
1145 3026 1251 3069 519);
1278 3036 1393 3069 neque
1419 3025 1512 3059 enim
1540 3024 1705 3059 Canisius
1730 3025 1864 3060 multas

105 3081 290 3115 contiones
315 3081 460 3121 habuit;
490 3093 524 3113 ν.
551 3091 660 3124 supra
687 3092 720 3124 p.
748 3080 828 3113 659.

226 3135 239 3154 ⁶
265 3133 432 3168 Scholam
458 3133 607 3167 latinam
633 3133 711 3166 sive
742 3131 1030 3176 „apostolicam'‘,
1058 3143 1162 3175 quam
1191 3131 1388 3171 vocabant;
1425 3143 1459 3164 v.
1485 3142 1595 3175 supra
1621 3143 1653 3176 p.
1682 3132 1750 3166 656
1783 3132 1863 3166 659.

226 3187 238 3206 ⁷
265 3187 400 3220 Horum
427 3186 570 3220 nomina
596 3197 629 3219 v.
657 3196 766 3230 supra
793 3197 825 3230 p.
845 3185 1044 3219 660-661.
