2045 3471
233 180 316 222 394
715 173 815 209 1396.
842 172 875 207 S.
896 172 1108 207 Franciscus
1135 172 1177 207 de
1204 172 1335 216 Borgia
1362 172 1514 207 Canisio.

231 295 397 338 expedire
422 293 643 332 indicaverit,
669 292 887 335 2)›·aestab2't;
923 292 973 324 ita
1009 293 1113 324 etiam
1148 292 1345 334 difficultas
1381 293 1553 335 quaedam
1585 293 1799 334 pecuniaria
1836 292 1987 324 tolletur.

231 349 369 382 Elz‘saei
394 346 552 380 Haivodt
576 348 829 388 testamentum,
864 349 902 377 ut
935 349 1056 378 ratum
1091 355 1160 378 esse
1181 345 1301 388 possit,
1342 345 1392 377 ita
1419 349 1466 377 est
1492 344 1792 387 conscribendam,
1826 349 1865 378 nt
1899 344 1989 377 bona

231 412 302 434 non
332 399 537 443 praeposito
568 398 730 441 yeneralz·
755 398 897 441 eiusque
921 397 1108 431 heredibus
1132 399 1398 441 relinquantur,
1433 398 1492 430 sed
1519 397 1686 430 Soce'etate'
1711 398 1850 440 dentur,
1881 408 1989 440 prae-

226 455 338 497 positi
369 452 548 495 yeneralis
583 451 738 485 arbitrio
772 451 1031 484 distribuenda.
1085 450 1251 484 Canisius
1284 452 1326 484 de
1351 451 1498 493 neqotie's
1526 452 1769 494 praepositam
1794 451 1990 493 yeneracem

231 507 404 547 consulem
444 505 477 538 si
512 505 599 548 quid
632 509 748 538 tamen
784 505 959 537 commode
987 514 1054 546 per
1089 504 1128 538 P.
1163 504 1327 537 Natalem
1363 504 1530 537 constitui
1557 504 1699 546 poterit,
1734 503 1815 537 hnic
1852 503 1987 536 scribet.

233 559 443 592 Cardtnalis
464 559 684 592 Trnchsessii
701 559 843 592 animus
869 558 917 590 ad
940 557 1188 599 fundationem
1208 557 1465 600 perficiendam
1489 557 1619 599 potam,
1646 567 1751 600 quam
1777 556 1824 589 ad
1849 556 1924 588 alia
1942 559 1989 588 est

230 612 471 646 inclinandus
527 612 593 645 Cui
618 611 696 645 viro
732 622 810 644 eum
837 611 993 645 Societas
1012 611 1214 653 plurimum
1239 611 1368 653 debeat,
1398 609 1565 643 Canisius
1598 611 1638 643 in
1671 609 1804 652 synodo
1830 609 1988 642 habenda

230 676 373 708 operam
392 665 602 709 praestabit.
657 665 868 698 Octavianus
894 665 1090 707 Fuyqerus.
1140 664 1282 697 Hosius.
1334 664 1496 697 Mittetnr
1520 664 1614 696 ratio
1640 662 1819 695 scribendi
1851 662 1891 694 de
1921 662 1989 695 col—

230 719 400 770 leqiornnz
425 719 552 752 initiis.

347 796 506 839 jhesus
541 801 610 838 etc.
674 794 718 837 Si
759 808 863 837 sono
905 793 1053 837 ueduti
1094 793 1123 835 li
1165 793 1260 848 capi
1301 793 1495 836 mandati
1537 793 1608 835 dal
1650 793 1788 835 Padre
1828 792 1989 834 Natale

230 875 361 916 sopra
400 862 430 903 il
473 860 647 914 negotio
682 860 722 901 di
756 859 981 914 Herbipoli
996 860 1023 909 1,
1067 861 1135 901 eta
1167 858 1204 900 01
1244 858 1375 913 pareb
1409 858 1451 900 di
1482 872 1566 900 non
1598 861 1723 912 poter
1762 871 1815 899 ne
1857 857 1989 899 douer

231 926 438 980 obligarsi
461 928 487 968 a
509 926 587 967 dar
609 925 887 980 medicatori,
920 938 974 967 ne
997 923 1236 966 Professori
1261 923 1302 965 di
1324 923 1596 976 Theologia⁰,
1629 937 1715 965 non
1737 922 1780 964 ui
1808 921 1986 964 essendo

230 992 419 1034 anchora
451 990 668 1033 instituite
701 990 843 1032 studio
875 989 1094 1044 generale,
1128 989 1285 1043 perche
1317 989 1498 1031 sarebbe
1525 991 1676 1030 contra
1708 988 1748 1029 le
1770 986 1988 1030 Constitu-

229 1056 336 1099 tioni
370 1056 484 1099 della
515 1055 780 1110 Compagnia
793 1056 822 1105 2,
867 1057 911 1097 et
951 1054 1096 1109 percio
1129 1053 1165 1095 si
1196 1054 1308 1096 ueda
1339 1068 1386 1096 se
1418 1053 1670 1106 Monsignor
1701 1053 1730 1094 il
1763 1053 1988 1094 Vescouo3

229 1121 264 1162 si
298 1123 555 1164 contentara
596 1121 637 1162 di
670 1135 727 1162 un
760 1119 949 1173 Collegio
983 1119 1025 1161 di
1065 1119 1223 1161 lettere
1263 1118 1448 1161 humane
1488 1117 1622 1161 latine
1655 1120 1699 1160 et
1729 1117 1887 1170 greche
1919 1131 1988 1159 se-

231 1187 366 1228 condo
399 1186 443 1228 la
474 1185 755 1241 proportione
788 1185 886 1227 dell’
912 1187 1088 1227 entrata
1120 1184 1197 1226 che
1229 1198 1438 1237 assegna:
1472 1182 1597 1225 Oltra
1619 1183 1696 1225 che
1729 1182 1987 1225 comincian-

229 1251 321 1294 dosi
362 1251 392 1293 il
425 1251 615 1304 Collegio
658 1251 713 1293 da
745 1250 886 1304 questi
920 1249 1050 1304 studij
1084 1249 1298 1300 inferiori,
1342 1248 1378 1290 si
1418 1248 1591 1302 giudica
1622 1251 1667 1291 et
1700 1261 1879 1290 conosce
1911 1261 1989 1301 per

228 1317 495 1371 isperienzad
527 1316 565 1358 d'
590 1316 691 1359 altri
724 1315 937 1369 assumpti
969 1314 1098 1357 simili
1130 1314 1209 1356 che
1240 1315 1284 1356 la
1317 1328 1418 1356 cosa
1450 1313 1682 1355 succedera
1705 1312 1875 1366 meglio,
1910 1312 1987 1354 che

228 1397 313 1424 non
344 1382 522 1424 farebbe
554 1395 600 1423 se
634 1382 703 1423 dal
736 1381 944 1435 principio
978 1380 1013 1422 si
1047 1379 1327 1422 cominciasse
1359 1393 1437 1421 con
1475 1378 1645 1421 lettioni
1678 1377 1719 1419 di
1751 1377 1987 1431 Theologia

229 1450 272 1490 et
305 1446 594 1501 Philosophia,
636 1446 840 1489 massime
881 1445 1063 1488 essendo
1105 1444 1337 1486 uerisimile
1379 1444 1458 1486 che
1500 1444 1541 1486 al
1583 1445 1785 1498 presente
1825 1456 1910 1484 non
1951 1442 1986 1484 si

228 1512 516 1554 ritrouariano
549 1511 736 1553 auditori
767 1511 911 1553 idonei
949 1524 1026 1564 per
1067 1510 1209 1564 quelle
1241 1509 1404 1551 facolta
1436 1523 1489 1551 ne
1520 1509 1659 1563 prima
1691 1508 1769 1550 che
1801 1507 1985 1549 habbino

229 1579 372 1619 atteso
414 1577 499 1619 alle
540 1577 747 1619 inferiori.
809 1577 868 1618 Et
909 1575 998 1617 cosi
1038 1588 1117 1629 par
1158 1574 1236 1617 che
1277 1574 1458 1616 sarebbe
1490 1574 1647 1627 meglio
1680 1586 1900 1627 preparar,
1943 1574 1988 1614 et

229 1642 374 1696 dispor
405 1656 482 1696 per
515 1642 596 1692 (101,
640 1655 677 1692 0,
720 1643 788 1683 tre
819 1640 946 1695 primi
978 1640 1092 1690 anni,
1136 1640 1266 1693 quelli
1308 1640 1385 1682 che
1419 1639 1456 1682 01
1498 1639 1680 1687 fussero,
1723 1639 1811 1680 alla
1843 1637 1985 1679 Philo-

227 1706 379 1761 sophia
411 1709 455 1749 et
487 1705 743 1759 Theologia:
786 1707 843 1748 Et
885 1705 928 1747 in
969 1707 1122 1758 questo
1155 1718 1274 1746 mezo
1306 1704 1336 1746 il
1369 1704 1566 1746 Vescouo
1600 1703 1840 1746 uederebbe
1872 1716 1918 1745 se
1950 1703 1985 1744 si

227 1771 470 1814 deliberarit
503 1771 544 1813 di
576 1771 734 1813 fundar
766 1785 822 1812 un
854 1770 997 1813 studio
1030 1769 1246 1823 generale.
1290 1769 1348 1811 Et
1380 1783 1426 1811 se
1448 1782 1554 1823 pure
1577 1769 1610 1810 si
1634 1768 1835 1811 stimasse
1868 1781 1986 1811 esser

346 1858 374 1889 a)
396 1859 523 1890 Sequens·
543 1866 567 1882 r.
587 1858 617 1882 in
639 1857 843 1882 commentario
862 1865 954 1888 supra
977 1865 1089 1882 versum
1110 1856 1249 1888 scriptum
1271 1860 1321 1881 est.
1431 1855 1460 1887 11)
1489 1856 1627 1888 Sequitur
1653 1864 1675 1880 r.
1697 1857 1740 1880 rel
1759 1856 1815 1880 (lico
1836 1864 1887 1882 rr..
1913 1863 1985 1887 quae

223 1905 325 1933 postea
346 1901 389 1925 ita
409 1900 574 1925 oblitterata
595 1903 672 1929 sunt,
692 1902 723 1923 ut
742 1899 801 1923 iam
822 1899 878 1930 Ieyi
899 1907 953 1923 non
970 1898 1093 1930 possint.
1168 1898 1194 1929 c)
1216 1899 1249 1922 In
1271 1906 1367 1922 comm.
1387 1901 1549 1930 sequimtm-
1571 1906 1610 1922 rr.
1631 1904 1667 1922 ne
1688 1897 1778 1922 simili
1798 1904 1876 1927 cose,
1897 1897 1984 1922 oblite.

227 1942 256 1974 d)
279 1943 420 1973 Quattuor
440 1950 482 1966 rr.
502 1950 559 1973 sqq.
580 1949 668 1966 manu
688 1941 784 1972 ipsius
804 1940 922 1965 Polam-1⁸
947 1948 1039 1971 supra
1061 1947 1173 1964 vei-snm
1195 1939 1304 1971 scripta
1325 1943 1400 1964 sunt.

349 2051 358 2069 ¹
385 2049 475 2083 Vide
501 2059 609 2093 supra
634 2059 668 2092 p.
686 2047 873 2082 365—366
900 2047 979 2081 369.

347 2102 360 2122 ‘⁰‘
390 2102 498 2145 „Cum
533 2103 606 2135 tam
641 2100 824 2145 proprium
858 2100 906 2134 sit
940 2101 1085 2133 nostrae
1110 2099 1355 2144 professionis,
1392 2098 1531 2133 nullum
1565 2098 1761 2143 temporale
1787 2099 1984 2143 praemium

227 2156 388 2201 accipere
414 2167 477 2200 pro
503 2153 752 2199 spiritualibus
777 2152 998 2193 ministeriis,
1037 2153 1072 2186 in
1099 2152 1229 2196 quibus
1255 2152 1357 2186 iuxta
1383 2154 1545 2186 nostrum
1573 2152 1780 2186 Institutum
1806 2151 1842 2185 in
1868 2152 1984 2196 proxi-

227 2220 365 2243 morum
392 2207 566 2242 auxilium
593 2217 828 2251 occupamur;
856 2217 925 2240 non
953 2205 1120 2240 convenit
1145 2204 1253 2239 ullam
1275 2204 1425 2248 Collegii
1452 2205 1671 2239 dotationem
1697 2204 1895 2245 admittere,
1922 2217 1985 2250 per

227 2273 333 2307 quam
360 2261 403 2295 ad
422 2260 577 2295 dandum
597 2259 900 2300 Concionatorem,
928 2260 991 2293 aut
1009 2258 1286 2300 Confessarium,
1306 2260 1369 2292 aut
1387 2258 1573 2292 Lectorem
1596 2257 1751 2301 aliquem
1769 2257 1985 2301 Theologiae

228 2315 388 2350 Societas
414 2313 604 2356 obligetur.
640 2311 812 2354 Quamvis
839 2312 933 2346 enim
960 2311 1157 2356 aequitatis
1183 2314 1220 2345 et
1245 2310 1477 2355 gratitudinis
1503 2311 1594 2345 ratio
1612 2322 1677 2345 nos
1694 2311 1738 2344 ad
1757 2311 1982 2345 serviendum

228 2379 308 2402 cum
332 2366 458 2401 maiori
476 2365 662 2409 diligentia
689 2365 724 2398 in
743 2364 849 2399 dictis
868 2364 1088 2406 ministeriis,
1115 2376 1207 2408 quae
1233 2364 1347 2398 nostri
1374 2364 1535 2398 Instituti
1562 2366 1646 2398 sunt
1663 2364 1815 2408 propria,
1842 2366 1984 2399 moveat

228 2421 263 2455 in
290 2420 470 2463 Collegiis,
506 2431 598 2463 quae
633 2418 759 2452 maiori
793 2429 873 2452 cum
909 2417 1127 2452 liberalitate
1162 2420 1198 2452 01
1224 2418 1413 2452 devotione
1450 2417 1600 2451 fundata
1631 2419 1731 2457 sunt3
1768 2428 1837 2450 non
1863 2420 1983 2451 tamen

227 2476 311 2508 sunt
336 2473 562 2518 recipiendae
588 2471 826 2515 obligationes
852 2470 911 2505 vel
937 2471 1170 2511 conditiones,
1201 2482 1292 2515 quae
1318 2470 1563 2505 sinceritatem
1589 2469 1783 2515 impediant
1809 2470 1921 2504 nostri
1947 2471 1982 2504 in

227 2527 450 2571 procedendo
475 2525 581 2566 modi,
617 2525 676 2569 qui
704 2527 759 2558 est
785 2524 869 2558 dare
896 2524 1020 2567 gratis,
1057 2535 1147 2568 quae
1174 2524 1290 2567 gratis
1315 2523 1538 2568 accepimus:
1574 2522 1739 2566 quamvis
1773 2534 1836 2566 pro
1863 2535 1982 2558 eorum

228 2579 501 2620 sustentatione,
537 2579 598 2622 qui
633 2577 812 2612 communi
838 2577 929 2612 bono
956 2576 1195 2620 Collegiorum
1231 2577 1405 2618 serviunt,
1440 2576 1499 2611 vel
1532 2578 1676 2621 propter
1710 2575 1796 2609 illud
1826 2576 1982 2618 student,

230 2632 374 2673 dotatio,
403 2643 509 2676 quam
529 2631 759 2665 fundatorum
778 2630 936 2665 charitas
954 2631 1140 2674 assignare
1158 2630 1201 2664 ad
1221 2630 1377 2664 divinam
1398 2629 1549 2673 gloriam
1567 2628 1667 2669 solet,
1685 2628 1907 2663 admittatur.
1929 2657 1935 2663 .
1952 2657 1958 2664 .
1975 2656 1982 2664 .

230 2685 298 2718 Ubi
325 2685 558 2729 Praepositus
586 2683 773 2718 Generalis
799 2683 857 2718 vel
883 2683 1044 2718 Societas
1069 2694 1193 2717 curam
1218 2683 1417 2728 susciperet
1442 2682 1594 2717 alicuius
1620 2681 1888 2721 Universitatis,
1914 2694 1981 2716 non

229 2740 447 2781 repugnaret
472 2737 578 2771 huius
605 2737 882 2771 Constitutionis
908 2736 1107 2777 intentioni,
1143 2738 1183 2770 ut
1209 2747 1288 2770 sese
1314 2747 1360 2769 ex
1385 2734 1616 2779 consequenti
1643 2733 1819 2776 obligaret
1844 2735 1888 2768 ad
1914 2735 1979 2769 100-

230 2790 344 2824 tiones
370 2789 466 2824 illius
485 2790 694 2831 ordinarias,
721 2789 887 2834 quamvis
905 2789 999 2823 inter
1016 2789 1099 2824 illas
1118 2789 1260 2833 aliquae
1278 2788 1501 2830 theologicae
1520 2788 1683 2822 essent“:
1713 2788 1984 2821 Conste'tnttones

230 2842 263 2875 S.
292 2843 325 2876 J.
352 2842 390 2877 P.
417 2844 450 2882 4,
486 2855 514 2877 0.
542 2844 572 2883 7,
608 2855 641 2878 n.
669 2843 690 2877 3
725 2845 762 2877 et
786 2842 826 2877 E.
876 2842 917 2876 In
953 2841 1139 2884 „Formula
1174 2841 1474 2886 acceptandorum
1510 2839 1767 2883 Collegiorum“
1806 2851 1825 2873 a
1857 2841 1982 2874 Iacobo

231 2895 363 2928 Laini'o
389 2896 591 2940 praeposito
614 2895 774 2940 generali
792 2895 876 2929 data
893 2897 1037 2929 cautum
1056 2897 1142 2935 erat,
1169 2906 1214 2928 ne
1232 2895 1392 2929 Societas
1410 2892 1655 2927 universitatis
1683 2891 1734 2934 (in
1752 2903 1823 2936 qua
1840 2895 1983 2937 praeter

236 2946 384 2986 „artium
420 2947 620 2982 liberalium
647 2949 791 2983 cursus“
822 2947 1050 2982 traderentur
1079 2947 1314 2989 „scholastica
1340 2946 1533 2989 Theologia
1559 2947 1595 2979 et
1621 2943 1729 2978 Sacra
1756 2944 1979 2990 Scriptura“)

231 3008 353 3031 curam
391 3000 599 3044 susciperet,
638 3001 707 3035 nisi
746 3001 949 3044 „commode
985 3000 1244 3045 provideretur,
1283 3000 1375 3034 unde
1413 2997 1643 3044 septuaginta
1681 2999 1743 3031 aut
1780 2998 1824 3032 iis
1861 2998 1982 3042 plures

232 3048 399 3092 Collegae
423 3055 568 3095 possent
595 3052 652 3093 ali,
673 3080 679 3087 .
701 3081 706 3087 .
727 3081 734 3088 .
761 3054 891 3098 partim
910 3053 1177 3097 Praeceptores,
1203 3052 1334 3097 partim
1360 3050 1545 3096 discipuli“
1576 3050 1797 3093 (Institntnm
1823 3050 1857 3084 ΙΙ
1882 3050 1980 3093 215).

231 3101 351 3144 Longe
385 3105 504 3136 autem
538 3104 672 3146 aberat,
707 3109 748 3139 ut
773 3106 909 3140 reditus
936 3105 1087 3149 collegio
1113 3105 1352 3150 herbipolensi
1381 3104 1579 3138 destinatus
1606 3105 1704 3136 tanto
1730 3114 1877 3137 numero
1903 3113 1981 3137 sus-

231 3154 402 3188 tentando
428 3156 627 3196 sufficeret;
655 3157 737 3191 vide
762 3169 871 3202 supra
897 3170 930 3202 p.
959 3159 1037 3192 365.
1185 3159 1198 3179 ³
1223 3158 1424 3192 Fridericus
1451 3168 1471 3190 a
1491 3155 1687 3199 Wirsberg.
