2077 3461
503 209 648 245 Colonia
675 210 706 244 6.
726 209 800 244 Ian.
822 209 896 253 (vel
923 209 1096 255 proximis
1123 209 1263 253 diebus)
1296 210 1395 245 1566.
1742 214 1822 255 161

67 330 112 370 et
143 327 421 381 inscriptione
453 328 659 381 probetur
673 329 700 370 1.
754 328 980 370 Caeterum
1003 328 1046 369 in
1067 327 1147 370 hac
1170 328 1369 379 editione,
1404 332 1479 371 aut
1511 329 1652 382 potius
1686 330 1826 383 operis

67 391 375 444 recognitione,
409 391 594 445 ingenue
626 392 797 435 fatebor
828 392 871 434 id
903 392 1109 435 accidisse
1140 392 1256 443 mihi,
1291 393 1404 446 quod
1436 393 1533 447 alijs
1565 407 1695 447 saepe
1728 394 1826 436 doc-

67 456 249 499 tioribus
290 470 369 498 usu
410 457 558 498 uenire
599 458 723 507 solet,
766 460 814 500 ut
854 457 908 499 ad
950 471 1122 499 sensum
1163 457 1466 499 illustrandum
1508 458 1827 512 iuuandumque

66 522 273 563 lectorem
305 521 511 563 nonnulla
542 521 873 571 immutauerim,
907 522 1044 564 multa
1076 522 1206 565 etiam
1239 522 1521 565 adiunxerim.
1585 523 1705 573 Quod
1737 526 1828 566 stu-

67 586 183 628 dium
216 585 365 639 aequis
398 586 567 639 quidem
601 586 851 628 censoribus
883 587 1112 629 molestum
1145 600 1240 629 esse
1271 601 1356 628 non
1398 590 1556 641 potest,
1598 591 1646 630 ut
1678 588 1749 641 qui
1781 602 1828 630 re

67 651 163 704 ipsa
206 664 335 705 saepe
380 651 670 705 comperiunt,
717 651 831 693 haud
874 654 1037 694 temere
1081 652 1166 694 iam
1211 651 1311 694 olim
1357 651 1516 693 dictum
1562 665 1656 693 esse
1700 652 1826 694 illud:

69 715 319 758 Posteriora
351 715 529 757 consilia
560 715 739 757 meliora
752 717 780 759 2.
825 715 1078 770 Quanquam
1110 730 1187 771 per
1216 730 1294 758 nos
1317 717 1448 759 etiam
1471 716 1584 767 licet,
1618 716 1652 758 si
1677 717 1829 770 quibus

68 780 131 823 ita
161 780 295 831 lubet,
334 784 383 823 ut
414 779 530 834 prior
562 779 723 822 editio3
754 780 1008 824 retineatur.
1071 781 1185 823 Nam
1217 784 1432 834 utranque
1463 781 1742 831 Catholicam,
1786 786 1829 824 et

68 846 112 887 in
145 846 381 887 astruenda
402 845 603 887 ueritatis
626 844 822 887 doctrina
849 845 1190 888 consentientem
1214 860 1320 897 esse,
1356 846 1471 889 docti
1493 846 1827 901 deprehendent.

70 909 268 952 Accessit
313 924 442 964 porro
489 909 586 952 huic
634 909 811 952 editioni
856 911 1082 961 tractatio,
1132 925 1268 964 eaque
1315 911 1522 954 momenti
1567 925 1678 953 nunc
1726 925 1829 953 sane

70 974 260 1026 maximi,
295 975 347 1016 de
380 974 562 1016 hominis
594 974 719 1028 lapsu
752 977 796 1016 et
827 974 1145 1026 iustificatione,
1186 976 1544 1030 quemadmodum
1577 976 1829 1018 Tridentina

71 1040 270 1093 Synodus
302 1039 558 1092 grauissime
600 1039 745 1082 docuit
783 1053 833 1081 ac
864 1040 1146 1095 praescripsit
1158 1041 1186 1084 4.
1249 1041 1342 1083 Nos
1374 1041 1509 1083 ueluti
1539 1041 1607 1083 lac
1639 1041 1830 1095 paruulis

70 1104 346 1160 praebuimus
359 1105 387 1155 5,
422 1104 521 1146 dum
554 1103 693 1158 prima
725 1105 769 1146 et
792 1104 987 1146 faciliora
1009 1105 1279 1148 Christianae
1313 1106 1533 1148 doctrinae
1564 1120 1639 1148 seu
1673 1105 1829 1161 capita.

69 1184 147 1212 seu
179 1169 394 1212 elementa
425 1169 727 1223 percurrimus.
787 1168 827 1211 A
858 1170 973 1212 lacte
1005 1184 1133 1224 porro
1166 1171 1220 1213 ad
1252 1170 1579 1213 solidiorem
1612 1171 1786 1213 cibum
1801 1172 1828 1221 ⁶,

71 1235 151 1277 hoc
175 1237 253 1286 est,
278 1248 304 1276 a
326 1234 594 1276 Catechismo
618 1234 672 1276 ad
694 1235 963 1288 praeclaram
988 1237 1032 1277 et
1054 1235 1296 1278 absolutam
1320 1235 1431 1278 hanc
1454 1236 1506 1278 de
1519 1236 1829 1279 Iustificatione

70 1299 311 1342 doctrinam
353 1301 454 1341 sunt
485 1299 738 1350 adducendi,
782 1299 852 1352 qui
884 1300 1004 1342 uelut
1036 1300 1215 1354 ephoebi
1248 1300 1289 1342 in
1323 1300 1491 1344 Christo
1523 1301 1829 1354 grandescunt,

71 1367 116 1407 et
162 1364 411 1406 sublimiora
459 1364 671 1417 quaedam
718 1364 896 1418 pietatis
944 1365 1149 1418 dogmata
1196 1368 1378 1419 possunt
1425 1379 1663 1419 capessere.
1738 1366 1830 1407 Nec

72 1429 197 1472 uideo
230 1443 347 1480 sane,
381 1428 481 1482 quid
510 1431 636 1472 tanta
659 1429 710 1471 de
732 1443 779 1470 re
800 1429 990 1483 grauius,
1026 1430 1301 1482 commodius,
1335 1430 1574 1473 absolutius
1607 1432 1651 1472 et
1682 1444 1831 1472 neces-

72 1495 234 1537 sarium
275 1494 414 1548 magis
454 1493 497 1536 in
537 1494 723 1536 medium
764 1494 902 1548 possit
943 1494 1127 1545 adferri,
1170 1509 1298 1548 quam
1339 1495 1453 1548 quod
1493 1497 1560 1537 est
1601 1509 1626 1537 a
1658 1495 1830 1549 synodo

72 1560 189 1602 dicta
221 1559 476 1614 profectum,
510 1558 709 1600 nimirum
741 1563 789 1602 ut
821 1559 1019 1601 ueritatis
1053 1560 1104 1601 de
1136 1559 1447 1603 Iustificatione
1480 1560 1687 1610 doctrina,
1722 1573 1831 1613 quae

72 1624 261 1666 maxime
293 1626 583 1678 oppugnatur,
616 1623 783 1666 sincere
816 1624 1064 1666 conseruari
1097 1638 1147 1666 ac
1178 1624 1347 1677 integre
1380 1624 1550 1666 defendi
1582 1628 1726 1678 queat.

193 1689 276 1732 Sed
307 1688 394 1731 iam
424 1691 596 1743 tempus
629 1691 708 1740 est,
741 1692 789 1732 ut
821 1689 875 1730 ad
899 1689 988 1731 Vos
1019 1689 1192 1731 redeam
1227 1689 1596 1732 Praestantissimi
1620 1689 1725 1740 Viri,
1760 1689 1832 1743 qui

73 1768 165 1796 rem
198 1757 346 1796 uestra
378 1753 548 1807 quidem
590 1753 860 1796 humanitate
894 1753 1080 1807 dignam,
1123 1754 1310 1808 mihique
1342 1757 1593 1808 pergratam
1625 1755 1830 1805 feceritis,

197 1866 206 1885 ¹
233 1865 344 1899 Indici
370 1865 541 1899 librorum
560 1864 818 1909 prohibitorum
845 1865 1037 1899 tridentino
1063 1877 1094 1900 a.
1116 1865 1207 1900 1564
1233 1877 1253 1899 a
1272 1865 1335 1899 Pio
1354 1865 1414 1900 IV.
1442 1865 1536 1899 edito
1554 1866 1593 1900 P.
1614 1866 1832 1900 Franci-sens

76 1919 250 1952 Forerius
276 1917 316 1952 O.
337 1918 405 1958 Pr„
441 1918 657 1952 secretarius
695 1917 975 1962 ,deputationis“
1015 1930 1035 1952 a
1060 1918 1256 1952 tridentina
1291 1919 1427 1963 synodo
1463 1918 1634 1953 librorum
1671 1919 1832 1953 censuris
1871 1952 1873 1954 ,

74 1971 331 2015 cognoscendis
363 1971 531 2011 delectae,
568 1970 867 2015 „praefationen1“
897 1971 1113 2016 praeposuit,
1148 1971 1183 2005 in
1219 1983 1289 2016 qua
1325 1971 1367 2005 de
1403 1971 1551 2006 delectis
1586 1971 1657 2006 illis
1693 1971 1831 2006 concilii

76 2024 237 2069 patribus
264 2024 436 2058 affirmat:
467 2024 564 2065 „Non
591 2035 714 2057 omnes
739 2023 858 2065 libros,
885 2024 945 2067 qui
963 2035 1090 2058 nomen
1117 2024 1275 2059 auctoris
1293 2036 1362 2058 non
1389 2025 1585 2069 proferunt,
1613 2024 1832 2058 damnandos

75 2079 265 2122 putarunt:
284 2077 568 2120 quandoquidem
588 2088 695 2121 saepe
712 2077 810 2110 viros
828 2077 960 2118 doctos,
987 2089 1029 2112 ac
1046 2080 1191 2112 sanctos
1209 2077 1383 2118 nouimus,
1410 2080 1449 2112 vt
1469 2077 1670 2112 Christiana
1689 2077 1830 2121 quidem

77 2131 183 2175 Resp.
211 2142 255 2164 ex
282 2141 402 2164 eorum
430 2129 566 2174 vigilijs
592 2131 747 2164 fructum
775 2132 929 2175 caperet,
959 2130 1026 2175 ipsi
1053 2142 1139 2164 vero
1166 2131 1306 2165 inanem
1332 2131 1483 2174 gloriam
1510 2131 1697 2172 euitarent,
1723 2130 1831 2165 libros

75 2184 229 2228 optimos
255 2183 331 2217 sine
357 2183 498 2217 nomine
523 2182 694 2223 edidisse;
723 2183 784 2217 sed
811 2195 871 2217 eos
897 2186 1049 2225 tantum,
1076 2185 1136 2228 qui
1162 2186 1225 2218 aut
1249 2184 1384 2228 liquido
1411 2196 1570 2229 prauam,
1601 2190 1663 2218 aut
1689 2184 1831 2218 dubiam

75 2237 159 2270 fidei
186 2236 394 2276 doctrinam,
430 2236 505 2270 siue
541 2236 697 2270 moribus
730 2236 964 2280 perniciosam
993 2237 1203 2272 continent.
1223 2240 1261 2271 at
1287 2249 1382 2278 vero,
1419 2238 1478 2281 qui
1512 2238 1584 2271 sint
1619 2237 1832 2278 huiusmodi,

75 2292 140 2324 aut
165 2289 257 2324 tales
284 2289 421 2323 censeri
448 2289 600 2323 debeant
626 2291 767 2333 praeter
793 2301 862 2330 eos,
890 2290 950 2334 qui
978 2290 1011 2323 in
1039 2290 1105 2324 hoc
1132 2290 1296 2334 catalogo
1323 2290 1493 2335 descripti
1529 2292 1630 2324 sunt:
1667 2289 1833 2334 Episcopi

76 2344 114 2376 et
139 2342 374 2386 Inquisitores
392 2353 462 2375 vna
489 2353 568 2375 cum
587 2341 850 2385 Theologorum
870 2341 1133 2377 Catholicorum
1153 2343 1300 2377 consilio
1319 2343 1564 2388 dijudicabunt
1582 2370 1589 2376 .
1609 2344 1669 2376 sed
1690 2345 1833 2387 propter

77 2398 280 2430 nostrorum
305 2397 504 2440 temporum
535 2394 720 2435 malitiam,
755 2407 799 2428 ne
834 2395 869 2428 in
904 2398 1085 2440 posterum
1113 2396 1194 2430 libri
1220 2396 1296 2430 sine
1323 2396 1462 2429 nomine
1489 2396 1643 2430 auctoris
1670 2396 1831 2436 edantur,

76 2449 219 2482 decreto
255 2451 403 2492 quartae
438 2447 614 2482 sessionis
639 2447 837 2482 Tridentini
873 2447 1020 2493 Concilij
1056 2449 1122 2483 sub
1157 2449 1306 2484 fel.rec.
1334 2449 1446 2483 Paulo
1474 2449 1533 2483 III.
1569 2449 1661 2492 quod
1698 2449 1831 2493 incipit,

76 2502 144 2535 Sed
173 2503 208 2535 et
233 2501 507 2546 impressoribus
533 2503 569 2534 et
595 2512 667 2534 cae.
686 2501 867 2545 prouisum
895 2504 981 2536 est.⁴‘
1031 2502 1159 2545 (Indae
1185 2502 1353 2536 librorum
1373 2501 1639 2547 prohibitorum,
1668 2501 1832 2535 Coloniae

82 2555 181 2595 1564,
209 2554 232 2588 f.
253 2555 345 2595 A5.)
399 2555 437 2588 In
466 2554 659 2587 tridentino
686 2556 806 2588 autem
841 2553 901 2587 illo
927 2554 970 2588 de
996 2554 1272 2600 impressoribus
1307 2555 1450 2589 decreto
1485 2555 1675 2588 statuitur:
1716 2554 1832 2596 „Nulli

78 2607 186 2642 liceat
218 2607 422 2652 imprimere
459 2607 515 2640 vcl
551 2606 705 2651 imprimi
740 2608 858 2641 facere
893 2608 1041 2651 quosvis
1074 2607 1183 2642 libros
1218 2608 1260 2642 de
1295 2608 1401 2642 rebus
1435 2608 1547 2641 sacris
1582 2608 1658 2641 sine
1693 2608 1832 2641 nomine

77 2660 252 2694 auctoris“
285 2659 396 2703 (Sess.
423 2660 482 2694 IV.
510 2660 552 2693 de
588 2659 671 2694 edit.
699 2662 734 2693 et
764 2671 831 2694 usu
862 2671 952 2694 sacr.
979 2660 1087 2704 libr.).
1139 2660 1270 2695 Postea
1304 2662 1434 2700 tamen,
1470 2660 1642 2704 probabili
1679 2660 1828 2704 quadam

78 2713 392 2758 interpretatione,
431 2725 509 2747 eam
545 2713 661 2755 legem
696 2714 836 2746 tantum
872 2713 916 2747 ad
952 2713 1061 2747 libros
1096 2725 1221 2748 sacrae
1257 2713 1463 2758 Scripturae
1498 2723 1690 2757 eorumque
1726 2713 1830 2747 inter-

79 2765 297 2810 pretationes
333 2769 369 2800 et
403 2766 651 2800 adnotationes
686 2768 869 2810 spectasse
904 2766 1116 2807 docuerunt;
1152 2770 1259 2810 atque
1294 2766 1382 2800 haec
1417 2766 1664 2810 interpretatio
1691 2777 1721 2800 a.
1744 2766 1832 2801 1880

79 2831 142 2864 per
168 2818 315 2853 Sacrum
334 2818 501 2853 Officium
529 2819 665 2852 sancita
693 2820 748 2852 est
769 2819 918 2861 (Arc-hir
943 2820 1001 2852 fiir
1026 2819 1270 2853 katholisehes
1289 2818 1548 2853 lx'irchenrecht
1567 2818 1689 2860 XLVI,
1717 2819 1832 2853 Mainz

199 2925 212 2945 2
242 2925 482 2966 „Posteriores
509 2925 600 2958 enim
638 2925 872 2967 cogitationes
900 2924 954 2968 (ut
990 2924 1105 2967 aiunt)
1134 2925 1367 2969 sapientiores
1402 2924 1518 2958 solent
1544 2926 1661 2960 esse“:
1701 2926 1831 2967 Cicero,

80 2977 204 3011 Oratio
231 2977 430 3023 Philippica
456 2977 545 3018 XII„
573 2978 593 3011 2
620 2989 652 3011 n.
672 2978 703 3011 5.

200 3031 213 3050 ³
238 3030 361 3064 Novae
387 3031 560 3065 editiones
590 3030 811 3072 „Summae“,
847 3032 1019 3074 quotquot
1055 3032 1137 3064 ante
1164 3042 1195 3063 a.
1217 3031 1305 3064 1566
1333 3030 1450 3064 factae
1479 3033 1574 3068 sunt.
1609 3043 1688 3065 cum
1721 3031 1831 3076 ,priu-

81 3083 179 3127 cipe“
210 3081 280 3124 illa,
307 3083 349 3117 de
375 3094 445 3127 qua
471 3095 579 3128 supra
607 3095 639 3128 p.
670 3083 746 3123 159,
773 3082 807 3116 in
835 3082 997 3116 onmibus
1023 3094 1134 3127 paene
1161 3083 1266 3117 rebus
1293 3084 1518 3118 conveniunt.

201 3137 212 3155 ⁴
240 3135 464 3170 Sessionibus
491 3136 533 3170 V.
562 3138 597 3170 et
624 3135 682 3169 VI.
828 3136 841 3155 ⁵
867 3135 919 3169 Cf.
941 3135 1037 3168 Hebr
1063 3137 1094 3175 5,
1126 3136 1186 3175 13;
1216 3137 1230 3170 1
1261 3136 1328 3170 Cor
1354 3136 1385 3177 3,
1414 3137 1444 3170 2.

202 3188 214 3207 ⁶
241 3187 337 3223 Hebr
363 3190 394 3225 5,
424 3189 464 3222 12
494 3189 547 3223 14.

155 3250 458 3284 Braunsberger.
480 3251 591 3278 Canisii
612 3251 764 3285 Epistulae
785 3253 814 3277 ct
834 3252 917 3277 Acta.
945 3251 979 3277 V.
1510 3249 1547 3282 ll
