2045 3471
193 192 279 233 634
674 189 768 223 Mon.
789 189 856 223 722
882 189 960 224 sive
987 189 1045 224 dil.
1068 188 1157 233 (26).
1198 188 1292 223 vere
1318 200 1348 223 a.
1371 188 1473 223 1567.

190 310 340 345 montes.
368 307 444 341 exit
468 306 641 341 ridiculus
666 307 792 340 musl.
811 306 906 341 sicut
932 308 1008 341 erat
1032 306 1072 352 jn
1099 306 1273 351 principio
1301 308 1335 340 et
1360 318 1455 340 nunc
1482 307 1518 340 et
1535 309 1794 351 semper.post
1811 306 1952 341 Pascha

189 361 282 395 redit
307 360 350 394 ad
376 371 441 394 nos
468 360 512 394 ab
538 359 713 404 herbipoli
738 359 972 394 Reverendus
1000 359 1108 393 Pater
1126 359 1367 393 Provincialis
1383 386 1390 393 .
1406 359 1620 393 suavissime
1646 361 1683 394 et
1708 359 1953 394 amantissime

191 425 330 448 mecum
355 413 459 452 ridet,
494 412 626 455 dicens,
662 424 728 456 ego
754 412 887 447 vellem
922 415 963 446 vt
997 412 1208 457 procederes
1243 412 1287 446 ad
1323 412 1475 455 gradum
1506 411 1618 457 jstum
1654 413 1952 456 consequendum,

192 478 302 510 quare
327 477 397 500 non
415 465 472 499 vis
499 465 542 499 ad
568 465 721 508 gradum
747 466 960 510 promoveri,
988 477 1098 509 quum
1116 465 1205 499 haec
1231 465 1356 499 laurea
1378 465 1583 499 necessaria
1608 465 1673 499 tibi
1700 465 1748 499 sit
1774 465 1818 499 ad
1845 466 1952 500 maio-

191 531 266 553 rem
293 519 349 553 dei
375 518 525 561 gloriam
546 546 552 552 .
571 518 681 552 simul
715 530 772 552 me
807 520 912 562 rogat
937 520 978 552 vt
1011 518 1207 552 orationem
1240 517 1279 563 jn
1316 518 1452 561 synodo
1487 517 1546 552 hic
1580 529 1664 552 mox
1696 518 1818 552 futura
1846 518 1953 552 velim

190 572 348 606 habere.
368 571 492 606 laudat
516 583 573 605 me
600 583 730 612 coram,
767 571 889 606 dicens
925 583 964 605 se
1000 571 1089 604 nulli
1125 571 1230 604 alteri
1265 570 1385 616 potius
1420 571 1486 604 hoc
1520 571 1704 613 negotium
1731 571 1825 605 velle
1861 582 1953 605 com·

192 626 336 659 mittere
362 636 469 670 quam
495 624 710 660 mihi.nam
747 627 783 658 et
817 624 964 668 egregia
1001 624 1135 668 (jnquit
1165 623 1245 669 jlle)
1284 624 1376 658 dona
1411 626 1561 657 naturae
1587 623 1708 665 habes,
1744 626 1780 658 et
1814 624 1954 658 dicendi

193 678 328 723 pariter
355 689 396 712 ac
422 678 551 721 agendi
577 678 905 722 promptitudinem.
954 677 1053 711 Haec
1080 689 1146 720 ego
1173 688 1283 720 quum
1309 677 1354 711 ab
1380 676 1441 710 illo
1467 677 1606 711 ridente
1632 677 1851 711 audivissem
1877 689 1954 722 pro-

193 732 288 766 fecto
311 732 351 777 jn
377 733 518 765 tantum
544 731 655 765 risum
683 732 794 775 erupi,
822 733 863 765 vt
889 731 952 765 vix
979 731 1023 764 ab
1047 730 1286 775 jinmoderata
1306 729 1604 764 chachinnatione
1624 742 1680 764 me
1698 731 1956 764 continuissem

192 785 260 819 nisi
287 796 422 819 memor
449 785 608 825 fuissem,
635 796 691 818 me
718 796 798 818 cum
824 784 999 829 superiori
1025 784 1166 826 agere2.
1202 783 1291 817 Jdeo
1317 783 1407 817 haec
1434 783 1477 817 ad
1497 784 1540 817 R.
1558 795 1592 818 v.
1611 783 1739 825 scribo,
1758 786 1800 817 vt
1816 794 1955 817 mecum

192 838 384 882 aliquando
411 837 596 871 subridere
622 838 762 882 possit.
784 837 877 881 quod
905 839 939 871 et
967 849 1032 880 ego
1060 838 1156 870 certe
1183 848 1228 870 ex
1254 836 1373 870 animo
1401 836 1504 877 facio,
1541 837 1682 880 quoties
1710 836 1796 870 mihi
1820 836 1859 882 jn
1885 847 1957 870 me-

192 891 341 926 moriam
359 891 460 925 venit
479 918 486 925 .
506 891 568 925 sed
586 902 630 924 ne
657 891 743 935 quid
768 891 920 925 nimis3.
941 892 1145 935 spectatum
1172 890 1330 931 admissi,
1357 889 1469 923 risum
1496 891 1651 923 teneatis
1677 889 1819 924 amici4.
1857 889 1957 924 Haec

192 944 320 990 lepide.
371 945 548 988 Jgnoscat
582 943 670 977 mihi
697 944 738 978 R.
767 956 800 978 v.
827 944 858 978 si
894 943 1123 987 gravioribus
1158 943 1315 987 negotijs
1341 943 1486 983 vestris,
1520 943 1779 987 jmpedimento
1816 942 1956 977 fuerim.

194 996 291 1039 Quod
321 997 460 1042 scripsi,
496 997 722 1031 exhilarandi
750 1008 859 1031 causa
885 996 1014 1041 scripsi
1035 1023 1041 1030 .
1061 1008 1126 1039 ego
1154 996 1214 1039 qui
1240 995 1330 1029 nihil
1357 996 1452 1030 aliud
1480 996 1562 1030 boni
1588 998 1774 1040 praestare
1799 1007 1957 1040 possum,

193 1051 321 1085 saltem
345 1050 420 1096 jam
447 1050 481 1084 id
509 1061 554 1084 ex
580 1050 697 1084 animo
725 1051 874 1093 gaudeo,
914 1049 1006 1094 quod
1034 1049 1236 1094 superiores
1263 1061 1360 1082 meos
1387 1049 1503 1083 laetos
1529 1048 1672 1089 faciam,
1709 1052 1745 1082 et
1770 1049 1957 1083 materiam

194 1104 266 1139 illis
291 1104 428 1138 ridendi
455 1103 658 1148 praebeam.
708 1103 783 1137 Nec
819 1105 940 1137 tamen
976 1102 1064 1136 illud
1104 1114 1212 1145 aegre
1245 1102 1386 1144 ferrem,
1423 1102 1453 1136 si
1480 1102 1714 1136 Reverendus
1741 1101 1849 1135 Pater
1875 1102 1958 1135 Pro·

194 1157 360 1192 vincialis
386 1159 518 1197 noster,
554 1157 620 1191 hoc
647 1156 690 1190 de
716 1168 772 1190 me
798 1167 1010 1201 persuasum
1037 1155 1105 1189 sibi
1132 1155 1290 1195 haberet,
1327 1166 1384 1188 me
1418 1167 1484 1189 nec
1511 1155 1553 1188 de
1580 1154 1722 1188 honoris
1749 1155 1854 1188 titulo
1880 1166 1960 1188 con-

196 1212 377 1255 sequendo
403 1210 593 1250 somniare,
628 1221 694 1243 nec
720 1209 874 1243 libenter
909 1221 971 1254 pro
997 1208 1201 1242 huiusmodi
1228 1208 1532 1253 disputationibus
1559 1207 1824 1252 praeparandis,
1860 1218 1959 1242 meas

196 1263 369 1298 lectiones
408 1263 596 1308 publicas5
630 1261 891 1307 jntermittere,
930 1262 998 1296 nisi
1037 1273 1081 1295 ex
1116 1260 1193 1295 sola
1229 1261 1442 1295 obedientia.
1494 1260 1669 1302 Quoniam
1707 1262 1828 1294 autem
1864 1271 1959 1294 nunc

194 1317 327 1362 jterum
355 1317 397 1350 de
424 1317 490 1350 hoc
516 1315 660 1359 negotio
686 1327 826 1349 mecum
854 1315 941 1358 agit,
977 1318 1013 1348 et
1048 1314 1092 1348 ad
1118 1314 1272 1348 similem
1300 1315 1419 1348 actum
1446 1313 1628 1358 publicum
1664 1324 1720 1347 me
1742 1313 1817 1358 jam
1844 1313 1958 1347 denuo

199 1371 304 1404 tertio
331 1371 513 1414 provocat,
549 1371 673 1403 vestra
699 1368 916 1402 Reverentia
945 1368 1002 1412 (vt
1028 1367 1166 1412 opinor)
1195 1367 1285 1401 nihil
1311 1367 1486 1412 peccabit,
1525 1366 1555 1401 si
1577 1366 1720 1412 jnterea
1746 1378 1808 1411 per
1833 1367 1959 1401 literas

199 1424 244 1458 ab
270 1423 358 1457 vrbe
394 1423 497 1456 datas
529 1422 773 1468 jmpediverst,
809 1433 853 1455 ne
889 1423 952 1455 aut
977 1421 1111 1464 gradus
1138 1432 1206 1465 quo
1238 1421 1413 1465 jndignus
1439 1431 1529 1461 sum,
1566 1423 1602 1454 et
1627 1432 1734 1464 quem
1760 1432 1827 1454 non
1856 1420 1959 1464 cupio

201 1477 288 1511 mihi
315 1477 428 1515 detur,
455 1478 516 1510 aut
543 1478 645 1509 actus
671 1474 836 1520 publicus
862 1475 1016 1519 amplius
1034 1474 1185 1519 posthac
1204 1477 1348 1518 propter
1366 1485 1422 1507 me
1441 1474 1525 1507 talis
1544 1473 1617 1507 fiat.
1661 1473 1793 1515 Quum
1821 1484 1960 1507 essem

202 1529 455 1575 parvulus,
503 1528 736 1572 loquebar
770 1530 821 1561 vt
862 1527 1120 1572 parvulus:
1173 1527 1419 1571 sapiebam
1463 1528 1513 1560 vt
1547 1526 1804 1571 parvulus:
1840 1525 1960 1569 cogi-

202 1583 358 1617 tabam
400 1584 449 1616 vt
492 1581 738 1627 parvulus.
803 1580 994 1622 Quando
1037 1583 1193 1615 autem
1245 1580 1408 1614 factus
1449 1591 1545 1613 sum
1590 1579 1681 1620 vir,
1724 1578 1960 1613 evacuavi

203 1648 321 1681 quae
357 1638 493 1670 erant
527 1634 758 1680 parvuliss.
809 1634 985 1679 Tempora
1011 1636 1206 1673 mutantur,
1234 1636 1269 1667 et
1295 1645 1359 1668 nos
1384 1635 1565 1667 mutamur
1587 1633 1627 1677 jn
1653 1632 1724 1666 illis
1737 1633 1759 1667 ⁷.

323 1688 503 1734 Superiori
529 1688 755 1732 septimana⁸
786 1687 852 1721 has
877 1687 1002 1721 literas
1037 1688 1080 1720 ad
1108 1687 1148 1721 R.
1177 1699 1209 1721 v,
1238 1687 1523 1720 destinaveram:
1558 1686 1619 1719 sed
1646 1685 1855 1719 tabellarius
1886 1685 1961 1729 jam

204 1743 303 1788 prius
329 1743 467 1776 abierat
493 1752 599 1785 quam
635 1752 696 1774 eas
722 1741 863 1774 tradere
890 1741 1098 1785 potuissem.
1150 1740 1239 1774 Jdeo
1275 1739 1349 1784 jam
1375 1739 1451 1773 dies
1477 1742 1628 1773 octavus
1653 1738 1827 1783 praeterit
1853 1749 1962 1782 quum

204 1797 270 1831 has
296 1807 435 1830 mecum
460 1795 606 1828 retineo.
657 1794 823 1837 Dilingae
849 1795 909 1828 4.Ϊο
939 1794 1029 1827 Jdus
1055 1793 1201 1838 Aprilis.

323 1848 510 1883 Haivodus
536 1848 615 1892 pius
642 1847 783 1890 quidem
811 1849 846 1880 et
872 1847 998 1880 doctus
1022 1849 1117 1886 erat:
1153 1846 1214 1880 sed
1250 1845 1405 1880 fortasse
1431 1845 1501 1879 iam
1527 1845 1647 1879 iismet
1672 1844 1775 1878 annis
1800 1843 1963 1878 laborare

205 1903 322 1948 coepit
347 1901 464 1942 malis,
491 1901 620 1945 quibus
646 1900 741 1934 haud
768 1900 880 1934 multo
906 1903 987 1945 post
1013 1900 1181 1934 effectum
1208 1901 1273 1940 est,
1301 1903 1341 1933 ut
1366 1899 1522 1943 optimus
1542 1898 1606 1939 vir,
1634 1898 1669 1931 in
1694 1897 1801 1931 rebus
1819 1896 1963 1942 quibus-

202 1956 283 1990 dam
310 1955 416 1989 aliter
441 1966 483 1988 ac
509 1954 618 1988 ceteri
645 1953 840 1994 sentiendo,
876 1953 1018 1996 magnis
1044 1952 1327 1987 dissensionibus
1353 1963 1498 1985 causam
1526 1951 1731 1996 praeberet:
1763 1950 1845 1984 vide
1875 1950 1962 1984 Can.

202 2009 253 2043 IV
271 2009 350 2043 460.
391 2008 430 2041 P.
449 2009 692 2051 Hieronymus
708 2007 853 2041 Natalis
879 2006 1047 2040 visitator
1073 2005 1218 2048 Dilinga
1244 2005 1299 2039 20.
1328 2004 1407 2038 Iulii
1427 2005 1517 2038 1566
1544 2004 1577 2038 S.
1598 2003 1787 2037 Francisco
1809 2002 1963 2046 Borgiae

202 2063 366 2107 scripsit:
408 2061 584 2103 „Auernos
619 2072 682 2104 por
708 2071 771 2093 aca
798 2059 936 2093 dudado
964 2059 1079 2092 Padre
1116 2059 1157 2092 de
1190 2058 1224 2092 la
1250 2057 1449 2102 promotion
1475 2057 1532 2091 del
1558 2057 1673 2090 Padre
1699 2068 1832 2101 gaspar
1857 2054 1963 2099 anglo

324 2168 332 2187 ¹
359 2167 546 2209 Horatius,
574 2166 642 2198 Ars
669 2164 767 2198 Poet.
790 2164 866 2205 139,
893 2163 953 2197 ubi
980 2165 1101 2197 tamen
1128 2162 1204 2197 loco
1230 2163 1331 2196 verbi
1363 2162 1478 2204 „exist
1509 2164 1565 2195 est
1595 2162 1819 2204 „nascetur“.

319 2221 332 2241 2
357 2219 545 2254 Haivodus
580 2218 746 2261 Dilingae
784 2218 837 2251 15.
874 2216 965 2250 Iunii
995 2217 1084 2251 1567
1124 2217 1158 2250 in
1197 2217 1311 2260 primo
1350 2215 1478 2260 synodi
1517 2215 1749 2249 dioecesanae
1784 2214 1963 2247 conventu

205 2274 423 2317 „orationem
449 2271 679 2316 synodalen1“
709 2271 852 2304 habuit:
880 2270 962 2303 vide
989 2270 1084 2303 infra
1110 2281 1142 2314 p.
1163 2269 1361 2303 635—636.

322 2328 335 2347 3
366 2327 560 2369 Terentius,
590 2324 723 2358 Andria
752 2324 774 2364 [‚
805 2325 833 2364 1,
862 2324 918 2358 34.
1065 2325 1076 2342 ⁴
1103 2324 1292 2365 Horatius,
1319 2322 1388 2355 Ars
1414 2321 1513 2355 Poet.
1538 2321 1570 2355 5.

321 2381 334 2400 ⁵
360 2379 556 2419 Haivodus,
592 2377 775 2420 Dilingam
810 2388 855 2410 m.
884 2376 1015 2410 Martio
1047 2387 1078 2410 a.
1108 2376 1199 2409 1564
1234 2375 1419 2416 advectus,
1459 2375 1479 2408 3
1515 2385 1626 2407 annos
1661 2372 1963 2413 mathematicam,

203 2433 223 2467 2
250 2444 362 2467 annos
388 2432 541 2477 primum
567 2430 792 2475 psalterium,
820 2429 946 2463 deinde
977 2440 1102 2471 „casus
1129 2428 1387 2462 conscientiae“
1417 2426 1673 2472 explicaverat,
1701 2426 1721 2459 2
1747 2436 1859 2459 annos
1885 2436 1964 2458 con-

202 2487 357 2520 tionator
387 2485 540 2528 ⁷,latinus
567 2484 784 2518 ordinarius“
815 2483 936 2516 fuerat
964 2482 1071 2525 (Can.
1091 2481 1140 2515 IV
1159 2482 1227 2516 483
1246 2482 1315 2516 497
1335 2481 1414 2515 542.
1451 2481 1668 2523 &Cataloyus
1694 2478 1836 2521 collegii
1863 2478 1964 2512 dilin-

204 2540 288 2583 gani
315 2540 370 2572 31.
397 2538 606 2572 Decembris
636 2537 725 2571 1566
752 2537 918 2581 scriptus,
945 2535 981 2569 in
1012 2534 1119 2577 „GSG
1147 2536 1211 2569 66“
1242 2535 1266 2568 f.
1293 2534 1414 2577 40212).

324 2593 337 2612 ⁶
365 2592 381 2626 1
412 2591 479 2624 Cor
507 2591 559 2631 13,
589 2591 642 2625 11.

325 2646 337 2666 ⁷
364 2644 462 2678 Haec
481 2644 684 2683 ostendunt,
710 2642 782 2676 labi
805 2643 995 2685 Georyimn
1013 2642 1236 2682 Βὶἱεῖιυιαηη,
1258 2651 1337 2674 011111
1356 2639 1462 2673 huius
1480 2649 1609 2672 versus
1628 2637 1860 2682 („Tempora“
1885 2638 1964 2677 etc„

206 2699 264 2732 ubi
289 2701 410 2732 tamen
436 2696 599 2731 Haivodo
629 2707 712 2739 „nos
739 2696 794 2729 et“
826 2695 1025 2740 ponendum
1052 2694 1121 2728 fuit
1146 2706 1209 2738 pro
1246 2696 1301 2736 „et
1334 2693 1437 2735 nos“)
1475 2694 1657 2726 auctorem
1693 2702 1772 2724 esse
1807 2689 1966 2724 affirmat

207 2752 374 2784 Ioannem
402 2750 512 2784 Owen
534 2750 569 2793 (†
592 2749 697 2792 1622)
725 2748 802 2783 sive
828 2748 1038 2782 Audoenum
1066 2747 1223 2790 anglum,
1249 2746 1284 2780 in
1315 2744 1664 2790 „Epigrammatuni“
1694 2743 1784 2777 libro
1804 2743 1834 2784 1,
1860 2754 1894 2776 n.
1919 2741 1964 2775 53

210 2803 427 2846 <Geflfigelte
454 2803 616 2843 Worte⁵,
652 2802 773 2836 Berlin
813 2801 911 2842 1869,
949 2801 1053 2843 162);
1091 2811 1172 2833 nam
1213 2798 1524 2843 „Epigrammata“
1563 2797 1717 2841 primum
1752 2795 1848 2829 edita
1885 2805 1965 2829 esse

208 2856 398 2889 traduntur
425 2856 573 2890 Londini
608 2867 639 2890 a.
669 2855 778 2895 1606;
812 2856 909 2888 certe
946 2866 977 2887 a.
1008 2854 1107 2894 1567,
1144 2864 1212 2896 quo
1241 2851 1426 2885 Haivodus
1461 2850 1526 2884 has
1560 2849 1701 2883 litteras
1727 2848 1834 2889 dedit,
1869 2847 1966 2881 edita

209 2908 363 2942 nondum
383 2910 502 2948 erant3
529 2920 610 2941 nam
630 2908 822 2941 Audoenus
841 2909 915 2940 tum
935 2917 1047 2940 annos
1065 2906 1140 2939 fere
1160 2906 1178 2939 7
1197 2907 1304 2938 natus
1322 2906 1410 2937 erat.
1437 2903 1591 2936 Versum
1610 2901 1690 2945 quis
1716 2899 1965 2944 composuerit,

210 2960 305 2993 haud
330 2960 438 2994 facile
464 2960 573 2994 fuerit
599 2972 833 3004 cognoscere;
861 2960 907 2994 cf.
926 2960 1241 3002 Pauly-Wissowa‚
1260 2954 1631 3000 Real-Encyclopadie
1657 2953 1719 2987 der
1745 2952 1965 2986 classischen

212 3012 664 3047 Altertumswissenschaft
690 3013 749 3053 IV,
777 3013 961 3056 Stuttgart
981 3012 1081 3052 1901,
1103 3011 1206 3045 1242.
1242 3009 1331 3043 Eum
1358 3020 1404 3043 ex
1430 3008 1524 3042 dicto
1550 3006 1612 3040 illo
1637 3005 1775 3040 Nicolai
1799 3004 1965 3039 Borbonii

213 3064 298 3107 galli
327 3065 417 3106 (nati
443 3077 473 3099 a.
496 3066 596 3106 1503,
621 3065 752 3099 mortui
778 3068 859 3109 post
888 3064 1015 3108 1549):
1057 3063 1204 3105 „Omnia
1229 3064 1425 3101 mutantur,
1451 3071 1515 3094 nos
1541 3062 1578 3093 et
1601 3060 1782 3092 mutamur
1808 3058 1844 3091 in
1869 3057 1961 3091 illis‘

213 3119 328 3150 ortum
355 3128 433 3150 esse
460 3117 616 3151 affirmat
642 3119 688 3151 H.
713 3119 749 3151 T.
777 3119 890 3161 Rz'ley,
917 3117 1127 3161 Dictionary
1154 3116 1192 3150 of
1215 3115 1320 3149 Latin
1346 3113 1567 3156 Quotations,
1594 3111 1737 3145 London
1758 3110 1858 3151 1856,
1885 3109 1964 3144 310.

334 3170 346 3188 s
372 3169 423 3202 Ea
449 3170 568 3202 fuerat
594 3181 614 3203 a
641 3170 695 3204 30.
723 3170 844 3203 Martii
871 3170 914 3203 ad
942 3171 972 3204 5.
1001 3169 1147 3214 Aprilis.
