2045 3471
197 207 280 247 720
404 204 499 237 Mon.
519 203 587 238 789
613 203 690 238 sive
716 203 789 247 ing.
810 203 876 247 (6).
921 202 992 237 Sub
1018 203 1175 237 medium
1200 206 1235 236 et
1263 205 1454 236 exeuntem
1481 214 1525 236 m.
1548 203 1640 245 Aug.
1662 203 1763 238 1566.

197 320 365 364 „Regulis
383 320 650 354 communibus“
673 320 879 355 adnotavit:
911 320 1008 362 „Hae
1026 321 1173 354 fuerunt
1190 319 1480 354 accommodatae
1499 319 1670 365 Collegijs
1687 321 1956 365 portugallie“).

193 375 270 408 Hoc
296 385 382 408 vero
407 375 570 418 tempore
597 373 720 407 eadem
746 373 872 416 regula
899 373 951 407 ita
978 375 1055 407 erat
1082 375 1287 407 contracta:
1318 372 1489 416 „Singuli‚
1517 373 1626 406 etiam
1647 373 1820 419 (etiamsj)
1841 385 1956 408 sacer-

192 428 304 467 dotes,
340 438 421 460 cum
454 426 609 471 primum
644 428 809 470 surgunt,
845 426 979 460 lectum
1007 428 1180 472 operiant,
1216 437 1370 469 eumque
1405 428 1441 459 et
1466 425 1605 469 reliqua
1631 429 1845 471 componant
1869 427 1957 461 hora

192 482 374 521 consueta,
401 481 437 513 et
463 480 582 524 scopis
609 479 812 514 cubiculum
839 481 989 513 uerrant
1013 480 1121 513 tertio
1147 479 1275 513 saltem
1304 489 1446 522 quoque
1464 478 1530 519 die,
1557 479 1719 523 exceptis
1745 479 1799 525 ijs,
1826 480 1888 524 qui
1913 480 1956 514 ob

192 533 445 578 occupationes
469 533 614 567 maioris
639 533 821 575 momenti,
857 535 920 567 aut
945 533 1164 567 valetudinis
1191 531 1339 576 [causa]
1376 531 1506 566 iudicio
1541 531 1741 577 Superioris
1775 533 1957 567 subleuari

191 586 322 621 debent
359 587 411 628 (et
436 586 656 621 ualetudinis
682 597 792 620 causa
818 586 1090 629 subleuantur):
1126 586 1181 620 Ita
1211 585 1259 629 (n.
1288 585 1348 629 38)
1384 585 1563 620 indiculus
1591 587 1834 630 „Reyularmn
1867 598 1957 620 com-

192 638 388 681 munium“,
416 641 499 674 ante
525 651 556 673 a.
586 639 677 674 1568
702 639 871 684 scriptus,
897 650 966 683 quo
993 639 1160 673 Canisius
1185 639 1373 678 utebatur,
1403 649 1494 682 quae
1520 640 1641 672 autem
1666 639 1768 673 uncis
1793 639 1956 673 rotundis

191 693 434 733 includuntur,
470 692 709 726 correctiones
744 695 829 726 sunt
855 703 946 736 quas
973 691 1138 726 Canisius
1164 703 1229 726 sua
1255 703 1363 725 manu
1388 690 1471 725 huic
1497 690 1644 735 regulae
1670 691 1842 726 adhibuit.
1894 691 1956 726 Ce-

190 748 308 779 terum
343 746 467 779 eadem
504 744 631 789 regula
665 745 741 779 fere
775 745 901 779 iisdem
937 745 1058 779 verbis
1093 755 1266 789 expressa
1302 756 1396 778 nunc
1428 756 1569 788 quoque
1599 744 1679 787 (sub
1706 756 1739 778 n.
1769 744 1828 789 18)
1855 745 1957 788 viget

193 798 415 841 (Institutum
441 798 632 832 Societatis
657 798 738 832 Iesu
766 798 817 832 ΠΙ
846 798 918 841 11).
969 799 1059 831 Item
1094 798 1129 831 in
1165 799 1253 843 ipsis
1281 797 1606 832 Constitutionibus
1635 798 1670 832 S.
1698 799 1860 842 Iynatius
1886 798 1956 832 edi-

190 853 314 885 xerat:
345 851 414 894 „Ut
440 863 510 885 non
536 851 683 896 expedit
708 853 809 885 tanto
835 851 957 885 labore
985 851 1160 896 corporali
1186 861 1403 894 quemquam
1422 851 1573 890 onerari,
1599 853 1639 884 ut
1665 850 1814 895 spiritus
1832 851 1956 885 obrua-

190 907 250 938 tur
277 906 313 938 et
330 916 459 949 corpus
479 904 732 938 detrimentum
751 905 930 949 patiatur,
958 905 1008 938 ita
1034 903 1153 948 aliqua
1181 904 1377 948 corporalis
1404 903 1627 944 exercitatio,
1654 915 1745 948 quae
1763 907 1956 948 utrumque

191 957 303 999 iuvet,
337 958 502 992 omnibus
529 958 765 991 communiter
791 958 968 999 convenit,
1005 958 1114 991 etiam
1149 957 1232 998 illis,
1269 957 1330 1001 qui
1364 956 1584 991 mentalibus
1618 957 1800 991 exercitiis
1826 957 1957 992 debent

192 1011 378 1045 insistere“
411 1011 466 1054 (P.
494 1012 526 1051 3,
554 1023 582 1045 c.
609 1012 641 1052 2,
669 1023 701 1044 n.
729 1011 780 1054 4).
829 1011 927 1052 Quae
954 1011 1064 1044 verba
1091 1010 1157 1044 hoc
1183 1013 1343 1055 tempore
1371 1010 1479 1044 etiam
1506 1010 1541 1044 in
1572 1011 1838 1052 „Sannum-ium
1868 1010 1955 1044 Con·

191 1064 440 1098 stitutionun1“
473 1065 564 1107 (reg.
590 1065 651 1107 47)
680 1063 751 1098 iam
779 1066 881 1098 erant
906 1066 1050 1108 recepta
1081 1064 1301 1106 (In-stitutum
1328 1064 1379 1097 HI
1406 1064 1455 1106 9).
1506 1064 1632 1107 Itaque
1668 1064 1703 1097 in
1729 1063 1879 1107 collegio
1905 1063 1956 1097 in-

193 1117 428 1160 golstadiensi
454 1117 493 1151 P.
521 1118 666 1151 Natalis
691 1117 859 1151 visitator
884 1128 916 1151 a.
943 1117 1033 1151 1563
1059 1119 1258 1151 statuerat:
1289 1116 1340 1159 „A
1366 1117 1540 1161 corporali
1568 1117 1740 1151 exercitio
1766 1128 1870 1151 nemo
1896 1128 1955 1150 ex-

192 1170 358 1214 cipiatur,
392 1182 437 1204 ne
463 1170 627 1204 doctores
653 1170 816 1214 quiden1;
853 1170 914 1204 sed
942 1170 1071 1204 dentur
1097 1169 1158 1214 qui
1184 1182 1306 1204 eorum
1332 1169 1497 1203 cubicula
1523 1173 1667 1210 curent;
1703 1170 1847 1204 tametsi
1886 1181 1955 1203 non

193 1223 242 1257 sit
266 1234 356 1268 opus
382 1234 502 1256 eorum
528 1223 642 1257 lectos
660 1225 840 1257 sterne-ie*
862 1225 870 1243 ¹
892 1223 1041 1267 (Gomez
1058 1224 1205 1256 Rodeles
1230 1223 1254 1258 ].
1272 1234 1301 1257 c.
1318 1222 1414 1265 776).
1450 1222 1673 1257 Ientaculum
1700 1223 1824 1257 multis
1843 1222 1954 1256 Sociis

193 1277 267 1310 fere
294 1276 433 1317 cotidie,
468 1276 617 1320 reliquis
644 1276 771 1310 saltem
798 1276 989 1320 aliquando
1017 1276 1169 1310 dabatur
1196 1276 1301 1321 (Epp.
1329 1277 1451 1309 Nadal
1476 1275 1526 1309 IV
1552 1276 1619 1310 273
1647 1276 1713 1310 327
1741 1276 1821 1311 500.
1868 1277 1954 1310 Can.

194 1329 244 1363 HI
263 1329 347 1372 221)
363 1343 369 1370 ;
399 1341 440 1363 ac
466 1330 508 1362 de
535 1329 878 1372 ingolstadiensibus
897 1328 1010 1363 Sociis
1029 1330 1174 1363 Natalis
1192 1329 1359 1363 visitator
1384 1340 1415 1363 a.
1433 1329 1522 1363 1563
1542 1329 1770 1363 decreverat:
1801 1329 1954 1371 „Omnes

193 1383 331 1416 ientare
357 1383 526 1427 possunt“
560 1382 707 1426 (Gomez
724 1384 871 1416 Rodeles
897 1382 919 1417 l.
940 1394 969 1417 c.
990 1383 1087 1425 779).
1130 1382 1289 1423 Accedit,
1318 1382 1410 1426 quod
1437 1394 1529 1416 novo
1555 1383 1728 1425 *„Officio
1755 1382 1954 1421 Rectoris“,

194 1435 306 1470 Roma
332 1447 363 1469 a.
385 1437 474 1470 1566
502 1437 536 1469 in
565 1435 793 1470 Germaniam
819 1436 1037 1480 superiorem
1064 1436 1184 1477 misso,
1211 1436 1468 1480 praescribitur
1487 1435 1580 1480 (cap.
1600 1435 1630 1476 2,
1650 1447 1683 1470 n.
1702 1436 1760 1479 2):
1791 1435 1848 1478 „si
1874 1435 1955 1479 quis

195 1489 315 1533 egebit
340 1500 444 1522 mane
469 1489 657 1531 ientaculo,
683 1501 752 1523 non
772 1489 886 1523 eidem
904 1490 1076 1533 negetur“
1102 1489 1163 1532 (ex
1182 1489 1346 1533 exemplo
1364 1488 1572 1533 archetypo.
1609 1488 1693 1522 Cod.
1711 1488 1818 1531 „Cau
1837 1489 1869 1522 X
1884 1488 1949 1523 Sa‘

193 1544 216 1576 f.
238 1542 357 1586 11312).
412 1541 655 1585 „lentaculum
682 1544 837 1583 autem“‚
872 1542 991 1586 inquit
1016 1543 1171 1586 Natalis,
1211 1542 1466 1585 „communiter
1504 1544 1559 1576 est
1584 1542 1762 1576 modicum
1788 1542 1892 1586 panis
1918 1545 1953 1576 et

193 1595 288 1629 vini“
320 1595 425 1640 (Epp.
452 1596 575 1629 Nadal
601 1595 652 1629 IV
677 1595 776 1638 500).
828 1595 867 1629 ld
903 1596 996 1639 quod
1033 1597 1130 1629 certe
1165 1595 1201 1629 in
1236 1595 1444 1639 regionibus
1469 1595 1761 1629 meridionalibus
1787 1595 1954 1630 observa-

192 1649 317 1690 batur,
353 1649 396 1683 de
422 1649 762 1693 septentrionalibus
788 1649 953 1693 equidem
989 1648 1193 1683 dubitarim.
1244 1649 1296 1683 De
1326 1648 1556 1691 „collatione“
1586 1649 1664 1683 sive
1690 1648 1827 1689 cenula,
1863 1660 1954 1693 quae

193 1702 318 1736 diebus
355 1702 566 1736 ieiuniorum
607 1702 749 1746 vesperi
789 1702 951 1742 dabatur,
987 1703 1132 1736 Natalis
1167 1702 1203 1735 in
1243 1701 1522 1744 „Instructione“
1562 1702 1715 1746 quadam
1751 1702 1952 1747 praecepit:

198 1755 368 1798 „Gollatio
395 1755 459 1789 fiat
485 1767 529 1788 ex
557 1767 647 1799 pane
674 1755 759 1796 solo,
785 1757 999 1799 tantumque
1024 1756 1074 1789 43ι
1101 1766 1185 1799 pars
1211 1755 1289 1789 eius
1314 1755 1417 1799 panis
1443 1757 1653 1800 apponatur,
1689 1755 1750 1799 qui
1776 1755 1953 1789 ordinarie

192 1821 262 1842 vno
297 1811 404 1853 pastu
431 1808 638 1848 comeditur,
665 1808 723 1842 vel
752 1808 858 1842 etiam
887 1809 962 1842 5²².“
1017 1808 1114 1842 Idem
1142 1810 1284 1842 Natalis
1319 1808 1356 1842 in
1382 1820 1528 1842 numero
1559 1808 1811 1851 „traditionum
1838 1808 1952 1842 Socie-

191 1861 298 1896 tatis“
320 1861 413 1896 hanc
438 1864 620 1896 recenset:
651 1861 723 1903 „Ne
742 1862 825 1905 quid
852 1861 956 1895 detur
982 1862 1025 1895 ad
1052 1861 1277 1895 collationem
1305 1864 1425 1906 preter
1450 1873 1577 1906 panem
1605 1862 1639 1895 in
1659 1862 1782 1896 diebus
1808 1862 1953 1896 ieiunio-

193 1915 291 1948 rum“
324 1914 362 1958 (l.
390 1926 419 1949 c.
448 1914 497 1948 IV
523 1914 591 1949 605
619 1914 706 1954 6213
744 1915 788 1948 cf.
822 1915 951 1949 ibidem
978 1916 1045 1949 245
1074 1915 1171 1958 543).
1223 1915 1323 1956 Quod
1358 1915 1509 1959 denique
1545 1915 1589 1948 ad
1625 1915 1748 1949 orandi
1782 1914 1882 1958 leges
1916 1915 1952 1950 in

193 1968 372 2002 Societate
398 1968 493 2002 latas
509 1968 652 2009 attinet,
678 1979 712 2001 v.
728 1979 836 2012 supra
855 1980 887 2013 p.
905 1968 1103 2003 296-297.
1148 1968 1199 2001 De
1219 1969 1257 2002 P.
1280 1968 1460 2013 Alphonso
1480 1968 1610 2002 Pisano
1629 1969 1772 2002 Natalis
1789 1980 1835 2002 m.
1850 1968 1951 2003 Iunio

193 2033 223 2055 a.
246 2021 346 2062 1566,
375 2032 454 2055 cum
482 2020 671 2064 collegium
699 2021 982 2064 ingolstadiense
1009 2021 1186 2062 visitaret,
1213 2021 1419 2055 mandavit:
1456 2021 1650 2063 „Veri-atur
1675 2021 1890 2062 cubiculum,
1917 2024 1952 2056 et

193 2076 377 2108 sternatur
404 2074 521 2108 lectus
547 2074 688 2113 Pisani;
718 2074 753 2107 in
779 2074 859 2108 aliis
886 2075 1053 2109 obseruet
1078 2075 1233 2118 regulas,
1260 2079 1301 2108 vt
1318 2074 1398 2108 alii“
1432 2075 1469 2117 (1.
1489 2086 1516 2108 c.
1537 2074 1615 2115 253,
1642 2087 1675 2108 n.
1693 2074 1768 2118 47).
1810 2075 1951 2118 Postea,

191 2131 232 2161 ut
258 2141 303 2162 ex
328 2127 595 2162 Leubenstainii
631 2127 764 2161 litteris
790 2128 1024 2171 intellegitur,
1061 2139 1142 2162 cum
1169 2128 1300 2162 Pisano
1336 2128 1371 2161 in
1406 2128 1487 2162 aliis
1513 2139 1654 2172 quoque
1680 2129 1787 2162 rebus
1813 2129 1951 2173 dispen-

190 2183 308 2215 satum
337 2183 402 2223 est,
441 2180 519 2215 sive
546 2180 770 2225 dispensavit
798 2181 973 2222 Canisius,
1009 2181 1088 2215 sive
1115 2182 1191 2226 ipse
1217 2181 1459 2215 Leubenstain
1485 2193 1547 2226 pro
1574 2193 1625 2222 ea,
1661 2192 1769 2225 quam
1794 2184 1952 2216 rectores

189 2234 321 2269 habere
347 2234 465 2268 solent
490 2234 664 2268 facultate
693 2234 985 2277 (Constttatz'ones
1011 2234 1043 2268 S.
1071 2235 1116 2275 J„
1144 2234 1182 2268 P.
1209 2235 1241 2275 4,
1269 2246 1298 2269 c.
1328 2234 1370 2269 10
1388 2234 1446 2278 Β).
1497 2236 1641 2268 Natalis
1665 2234 1771 2279 paulo
1797 2236 1880 2268 ante
1914 2234 1951 2268 in

188 2287 395 2321 visitatione
423 2287 567 2330 collegii
594 2287 889 2330 ingolstadiensis
915 2287 1173 2322 mandaverat:
1205 2287 1262 2330 „Si
1281 2287 1425 2322 Rectori
1444 2287 1628 2321 videretur
1654 2299 1733 2321 cum
1760 2287 1879 2331 aliquo
1905 2287 1951 2322 ad

187 2343 329 2385 tempus
355 2341 391 2374 in
410 2340 530 2384 aliqua
548 2340 674 2383 regula
692 2340 982 2385 dispensandum,
1009 2340 1121 2374 faciat
1138 2352 1179 2374 ea
1199 2341 1241 2374 de
1259 2352 1296 2374 re
1315 2341 1503 2374 certiorem
1521 2340 1782 2374 Provincialem
1802 2341 1945 2374 statim“

191 2393 337 2435 (Gomez
362 2395 508 2427 Rodeles
533 2393 555 2427 l.
575 2405 604 2426 c.
625 2394 722 2437 787).

190 2512 296 2550 ’789
324 2515 401 2549 sive
427 2513 538 2559 ing.
559 2514 660 2559 (6).
735 2513 805 2550 Sub
832 2513 989 2550 medium
1015 2515 1052 2550 et
1078 2516 1270 2550 exeuntem
1296 2524 1342 2550 ιιι.
1364 2514 1570 2561 Augustum
1595 2514 1688 2551 1566.

308 2586 364 2620 Ex
399 2589 670 2631 praeceptorum
705 2587 744 2621 P.
771 2586 913 2621 Natalis
950 2587 1285 2631 ingolstadiensium
1321 2587 1497 2631 catalogis
1532 2588 1654 2621 eodem
1689 2588 1764 2621 fere
1790 2589 1949 2632 tempore

189 2638 342 2683 scriptis.
376 2638 497 2681 „NIG“
526 2639 551 2673 f.
579 2639 622 2673 6b
649 2640 716 2673 31¹>
744 2640 810 2674 332
835 2641 912 2675 492.
963 2640 1097 2674 Eadem
1123 2641 1317 2685 praecepta
1342 2641 1440 2685 typis
1472 2640 1543 2674 iam
1569 2643 1653 2674 sunt
1679 2641 1860 2684 exscripta
1889 2639 1948 2682 (ex

189 2691 640 2779 {isien37aata33gis‘388alia
677 2693 712 2726 in
748 2693 837 2738 Epp.
865 2694 987 2727 Nadal
1013 2693 1062 2727 IV
1088 2693 1277 2728 248—250
1303 2693 1387 2734 253,
1423 2693 1494 2727 alia
1528 2693 1621 2738 apud
1652 2694 1780 2727 Gomez
1804 2693 1949 2726 Rodeles

311 2814 476 2847 Canisias
510 2816 549 2847 in
584 2816 725 2859 collegio
759 2817 1028 2858 inqolstadiensi
1054 2817 1215 2849 cubicula
1253 2821 1283 2849 et
1309 2817 1419 2849 libros
1443 2817 1598 2859 inspicit,
1637 2817 1678 2849 de
1704 2827 1811 2849 cursa
1831 2816 1948 2859 philo-

190 2865 333 2908 sophiae
358 2868 441 2910 ayit,
468 2868 543 2900 alia
569 2879 591 2900 a
618 2869 658 2902 Ρ.
684 2869 814 2902 Natale
838 2870 1020 2903 visitatore
1046 2871 1234 2903 constituta
1261 2870 1475 2913 exsequitur.

311 2937 530 2991 Canisius,
580 2939 764 2993 officiam
805 2941 1045 2995 praepositi
1089 2941 1364 2995 provincialis
1412 2941 1670 2982 Germaniae
1717 2941 1947 2994 superioris

195 3000 328 3040 demto
370 3002 672 3045 administrare
705 3018 729 3044 a
762 3005 811 3046 P.
835 3005 990 3046 Natale
1021 3006 1232 3046 visitatore
1270 3007 1411 3047 iussus
1452 3004 1567 3056 (vide
1597 3019 1730 3059 supra
1758 3019 1800 3059 p.
1823 3004 1944 3056 288),

194 3063 371 3118 Dilinya
393 3068 462 3107 25.
486 3067 590 3108 Iulii
612 3070 727 3109 1566
760 3070 802 3110 S.
827 3069 1056 3111 Francisco
1078 3070 1261 3125 Boryiae
1280 3071 1518 3124 praeposito
1545 3071 1734 3124 yenerali
1756 3070 1946 3124 scripsit:

319 3180 327 3199 ¹
354 3179 406 3212 De
433 3180 635 3215 domesticis
660 3182 759 3216 hisce
786 3183 965 3218 laboribus
991 3185 1069 3218 sive
1099 3185 1321 3227 „exercitiis“
1351 3197 1384 3219 v.
1406 3186 1522 3229 Dalm·7
1549 3185 1657 3219 Jes.I
1685 3185 1763 3219 569.
