<?xml version="1.0" encoding="UTF-8"?>
<!DOCTYPE html PUBLIC "-//W3C//DTD XHTML 1.0 Transitional//EN"
    "http://www.w3.org/TR/xhtml1/DTD/xhtml1-transitional.dtd">
<html xmlns="http://www.w3.org/1999/xhtml" xml:lang="en" lang="en">
 <head>
  <title>
</title>
<meta http-equiv="Content-Type" content="text/html;charset=utf-8" />
  <meta name='ocr-system' content='tesseract 3.04.00' />
  <meta name='ocr-capabilities' content='ocr_page ocr_carea ocr_par ocr_line ocrx_word'/>
</head>
<body>
  <div class='ocr_page' id='page_1' title='image "beatipetricanisi05cani_0057.png"; bbox 0 0 2077 3461; ppageno 0'>
   <div class='ocr_carea' id='block_1_1' title="bbox 74 327 163 361">
    <p class='ocr_par' dir='ltr' id='par_1_1' title="bbox 74 327 163 361">
     <span class='ocr_line' id='line_1_1' title="bbox 74 327 163 361; baseline 0 0"><span class='ocrx_word' id='word_1_1' title='bbox 74 327 163 361; x_wconf 88' lang='grc'>1566</span> 
     </span>
    </p>
   </div>
   <div class='ocr_carea' id='block_1_2' title="bbox 73 491 163 526">
    <p class='ocr_par' dir='ltr' id='par_1_2' title="bbox 73 491 163 526">
     <span class='ocr_line' id='line_1_2' title="bbox 73 491 163 526; baseline 0.011 -1"><span class='ocrx_word' id='word_1_2' title='bbox 73 491 163 526; x_wconf 88' lang='grc'>1566</span> 
     </span>
    </p>
   </div>
   <div class='ocr_carea' id='block_1_3' title="bbox 74 596 163 630">
    <p class='ocr_par' dir='ltr' id='par_1_3' title="bbox 74 596 163 630">
     <span class='ocr_line' id='line_1_3' title="bbox 74 596 163 630; baseline 0 0"><span class='ocrx_word' id='word_1_3' title='bbox 74 596 163 630; x_wconf 90' lang='grc'>1566</span> 
     </span>
    </p>
   </div>
   <div class='ocr_carea' id='block_1_4' title="bbox 73 702 162 736">
    <p class='ocr_par' dir='ltr' id='par_1_4' title="bbox 73 702 162 736">
     <span class='ocr_line' id='line_1_4' title="bbox 73 702 162 736; baseline 0.011 -1"><span class='ocrx_word' id='word_1_4' title='bbox 73 702 162 736; x_wconf 90' lang='grc'>1566</span> 
     </span>
    </p>
   </div>
   <div class='ocr_carea' id='block_1_5' title="bbox 63 822 171 862">
    <p class='ocr_par' dir='ltr' id='par_1_5' title="bbox 63 822 171 862">
     <span class='ocr_line' id='line_1_5' title="bbox 63 822 171 862; baseline 0 0"><span class='ocrx_word' id='word_1_5' title='bbox 63 822 171 862; x_wconf 87' lang='grc'>1566</span> 
     </span>
    </p>
   </div>
   <div class='ocr_carea' id='block_1_6' title="bbox 69 1291 203 1348">
    <p class='ocr_par' dir='ltr' id='par_1_6' title="bbox 69 1291 203 1348">
     <span class='ocr_line' id='line_1_6' title="bbox 69 1291 203 1348; baseline 0.015 -24"><span class='ocrx_word' id='word_1_6' title='bbox 69 1291 158 1326; x_wconf 92' lang='grc'>1566</span> <span class='ocrx_word' id='word_1_7' title='bbox 201 1314 203 1348; x_wconf 50' lang='lat'>2</span> 
     </span>
    </p>
   </div>
   <div class='ocr_carea' id='block_1_7' title="bbox 69 1397 202 1431">
    <p class='ocr_par' dir='ltr' id='par_1_7' title="bbox 69 1397 202 1431">
     <span class='ocr_line' id='line_1_7' title="bbox 69 1397 202 1431; baseline 0 0"><span class='ocrx_word' id='word_1_8' title='bbox 69 1397 158 1431; x_wconf 89' lang='lat'>1566</span> <span class='ocrx_word' id='word_1_9' title='bbox 201 1420 202 1423; x_wconf 56' lang='lat'><em>=</em></span> 
     </span>
    </p>
   </div>
   <div class='ocr_carea' id='block_1_8' title="bbox 58 1517 169 1558">
    <p class='ocr_par' dir='ltr' id='par_1_8' title="bbox 58 1517 169 1558">
     <span class='ocr_line' id='line_1_8' title="bbox 58 1517 169 1558; baseline 0.009 -1"><span class='ocrx_word' id='word_1_10' title='bbox 58 1517 169 1558; x_wconf 87' lang='lat'>1566</span> 
     </span>
    </p>
   </div>
   <div class='ocr_carea' id='block_1_9' title="bbox 69 1780 199 1841">
    <p class='ocr_par' dir='ltr' id='par_1_9' title="bbox 69 1780 199 1841">
     <span class='ocr_line' id='line_1_9' title="bbox 69 1780 199 1841; baseline 0.008 -19"><span class='ocrx_word' id='word_1_11' title='bbox 69 1789 157 1823; x_wconf 84' lang='lat'>1566</span> <span class='ocrx_word' id='word_1_12' title='bbox 197 1780 199 1841; x_wconf 70' lang='grc' dir='ltr'><em>ξ</em></span> 
     </span>
    </p>
   </div>
   <div class='ocr_carea' id='block_1_10' title="bbox 67 1887 198 1989">
    <p class='ocr_par' dir='ltr' id='par_1_10' title="bbox 67 1887 198 1989">
     <span class='ocr_line' id='line_1_10' title="bbox 68 1887 198 1930; baseline 0.008 -1"><span class='ocrx_word' id='word_1_13' title='bbox 68 1896 156 1930; x_wconf 88' lang='grc'>1566</span> <span class='ocrx_word' id='word_1_14' title='bbox 196 1887 198 1925; x_wconf 73' lang='grc' dir='ltr'>ἐ</span> 
     </span>
     <span class='ocr_line' id='line_1_11' title="bbox 67 1955 197 1989; baseline 0.008 -1"><span class='ocrx_word' id='word_1_15' title='bbox 67 1955 156 1989; x_wconf 88' lang='grc'>1566</span> <span class='ocrx_word' id='word_1_16' title='bbox 196 1964 197 1970; x_wconf 64' lang='lat'><em>=</em></span> 
     </span>
    </p>
   </div>
   <div class='ocr_carea' id='block_1_11' title="bbox 57 2023 166 2064">
    <p class='ocr_par' dir='ltr' id='par_1_11' title="bbox 57 2023 166 2064">
     <span class='ocr_line' id='line_1_12' title="bbox 57 2023 166 2064; baseline 0.018 -2"><span class='ocrx_word' id='word_1_17' title='bbox 57 2023 166 2064; x_wconf 85' lang='lat'>1566</span> 
     </span>
    </p>
   </div>
   <div class='ocr_carea' id='block_1_12' title="bbox 66 2291 196 2338">
    <p class='ocr_par' dir='ltr' id='par_1_12' title="bbox 66 2291 196 2338">
     <span class='ocr_line' id='line_1_13' title="bbox 66 2291 196 2338; baseline 0.015 -13"><span class='ocrx_word' id='word_1_18' title='bbox 66 2291 154 2327; x_wconf 86' lang='grc'>1566</span> <span class='ocrx_word' id='word_1_19' title='bbox 195 2332 196 2338; x_wconf 41' lang='grc'>,</span> 
     </span>
    </p>
   </div>
   <div class='ocr_carea' id='block_1_13' title="bbox 64 2398 153 2433">
    <p class='ocr_par' dir='ltr' id='par_1_13' title="bbox 64 2398 153 2433">
     <span class='ocr_line' id='line_1_14' title="bbox 64 2398 153 2433; baseline 0.022 -2"><span class='ocrx_word' id='word_1_20' title='bbox 64 2398 153 2433; x_wconf 88' lang='grc'>1566</span> 
     </span>
    </p>
   </div>
   <div class='ocr_carea' id='block_1_14' title="bbox 64 2456 194 2504">
    <p class='ocr_par' dir='ltr' id='par_1_14' title="bbox 64 2456 194 2504">
     <span class='ocr_line' id='line_1_15' title="bbox 64 2456 194 2504; baseline 0.015 -14"><span class='ocrx_word' id='word_1_21' title='bbox 64 2456 152 2492; x_wconf 88' lang='grc'>1566</span> <span class='ocrx_word' id='word_1_22' title='bbox 193 2496 194 2504; x_wconf 17' lang='lat'>¹</span> 
     </span>
    </p>
   </div>
   <div class='ocr_carea' id='block_1_15' title="bbox 61 2563 152 2810">
    <p class='ocr_par' dir='ltr' id='par_1_15' title="bbox 61 2563 152 2810">
     <span class='ocr_line' id='line_1_16' title="bbox 64 2563 152 2598; baseline 0.011 -1"><span class='ocrx_word' id='word_1_23' title='bbox 64 2563 152 2598; x_wconf 91' lang='lat'>1566</span> 
     </span>
     <span class='ocr_line' id='line_1_17' title="bbox 63 2669 150 2704; baseline 0.023 -2"><span class='ocrx_word' id='word_1_24' title='bbox 63 2669 150 2704; x_wconf 90' lang='lat'>1566</span> 
     </span>
     <span class='ocr_line' id='line_1_18' title="bbox 61 2773 150 2810; baseline 0.022 -2"><span class='ocrx_word' id='word_1_25' title='bbox 61 2773 150 2810; x_wconf 88' lang='lat'>1566</span> 
     </span>
    </p>
   </div>
   <div class='ocr_carea' id='block_1_16' title="bbox 61 2879 149 2916">
    <p class='ocr_par' dir='ltr' id='par_1_16' title="bbox 61 2879 149 2916">
     <span class='ocr_line' id='line_1_19' title="bbox 61 2879 149 2916; baseline 0.023 -2"><span class='ocrx_word' id='word_1_26' title='bbox 61 2879 149 2916; x_wconf 89' lang='lat'>1566</span> 
     </span>
    </p>
   </div>
   <div class='ocr_carea' id='block_1_17' title="bbox 62 3038 148 3074">
    <p class='ocr_par' dir='ltr' id='par_1_17' title="bbox 62 3038 148 3074">
     <span class='ocr_line' id='line_1_20' title="bbox 62 3038 148 3074; baseline 0.035 -3"><span class='ocrx_word' id='word_1_27' title='bbox 62 3038 148 3074; x_wconf 89' lang='lat'>1566</span> 
     </span>
    </p>
   </div>
   <div class='ocr_carea' id='block_1_18' title="bbox 60 3143 189 3183">
    <p class='ocr_par' dir='ltr' id='par_1_18' title="bbox 60 3143 189 3183">
     <span class='ocr_line' id='line_1_21' title="bbox 60 3143 189 3183; baseline 0.054 -7"><span class='ocrx_word' id='word_1_28' title='bbox 60 3143 147 3178; x_wconf 88' lang='lat'>1566</span> <span class='ocrx_word' id='word_1_29' title='bbox 188 3179 189 3183; x_wconf 73' lang='grc'>,</span> 
     </span>
    </p>
   </div>
   <div class='ocr_carea' id='block_1_19' title="bbox 241 327 561 414">
    <p class='ocr_par' dir='ltr' id='par_1_19' title="bbox 241 327 561 414">
     <span class='ocr_line' id='line_1_22' title="bbox 241 327 561 372; baseline 0.003 -12"><span class='ocrx_word' id='word_1_30' title='bbox 241 327 313 362; x_wconf 87' lang='lat' dir='ltr'>Ian.</span> <span class='ocrx_word' id='word_1_31' title='bbox 341 328 373 361; x_wconf 90' lang='lat'>6.</span> <span class='ocrx_word' id='word_1_32' title='bbox 400 327 460 361; x_wconf 89' lang='lat' dir='ltr'>vel</span> <span class='ocrx_word' id='word_1_33' title='bbox 485 339 561 372; x_wconf 88' lang='lat' dir='ltr'>pro·</span> 
     </span>
     <span class='ocr_line' id='line_1_23' title="bbox 271 380 531 414; baseline 0 0"><span class='ocrx_word' id='word_1_34' title='bbox 271 380 379 414; x_wconf 83' lang='lat' dir='ltr'>ximis</span> <span class='ocrx_word' id='word_1_35' title='bbox 406 380 531 414; x_wconf 86' lang='lat' dir='ltr'>diebus</span> 
     </span>
    </p>
   </div>
   <div class='ocr_carea' id='block_1_20' title="bbox 326 492 475 632">
    <p class='ocr_par' dir='ltr' id='par_1_20' title="bbox 326 492 475 632">
     <span class='ocr_line' id='line_1_24' title="bbox 342 492 465 526; baseline 0.008 -1"><span class='ocrx_word' id='word_1_36' title='bbox 342 492 414 526; x_wconf 83' lang='lat' dir='ltr'>Ian.</span> <span class='ocrx_word' id='word_1_37' title='bbox 435 493 465 526; x_wconf 91' lang='lat'>7.</span> 
     </span>
     <span class='ocr_line' id='line_1_25' title="bbox 326 598 475 632; baseline 0 0"><span class='ocrx_word' id='word_1_38' title='bbox 326 598 399 632; x_wconf 84' lang='lat' dir='ltr'>Ian.</span> <span class='ocrx_word' id='word_1_39' title='bbox 423 599 475 632; x_wconf 92' lang='grc'>11.</span> 
     </span>
    </p>
   </div>
   <div class='ocr_carea' id='block_1_21' title="bbox 204 670 574 739">
    <p class='ocr_par' dir='ltr' id='par_1_21' title="bbox 204 670 574 739">
     <span class='ocr_line' id='line_1_26' title="bbox 204 670 574 739; baseline 0.003 -2"><span class='ocrx_word' id='word_1_40' title='bbox 204 670 316 738; x_wconf 60' lang='grc' dir='ltr'>Ε111161·</span> <span class='ocrx_word' id='word_1_41' title='bbox 334 705 365 739; x_wconf 89' lang='lat'>6.</span> <span class='ocrx_word' id='word_1_42' title='bbox 381 707 417 738; x_wconf 79' lang='lat' dir='ltr'>et</span> <span class='ocrx_word' id='word_1_43' title='bbox 431 704 485 739; x_wconf 93' lang='lat'>21.</span> <span class='ocrx_word' id='word_1_44' title='bbox 502 705 574 739; x_wconf 89' lang='lat' dir='ltr'>Ian.</span> 
     </span>
    </p>
   </div>
   <div class='ocr_carea' id='block_1_22' title="bbox 311 824 494 867">
    <p class='ocr_par' dir='ltr' id='par_1_22' title="bbox 311 824 494 867">
     <span class='ocr_line' id='line_1_27' title="bbox 311 824 494 867; baseline 0.005 -2"><span class='ocrx_word' id='word_1_45' title='bbox 311 824 401 867; x_wconf 85' lang='lat' dir='ltr'>Ian.</span> <span class='ocrx_word' id='word_1_46' title='bbox 429 826 494 866; x_wconf 85' lang='grc'>14.</span> 
     </span>
    </p>
   </div>
   <div class='ocr_carea' id='block_1_23' title="bbox 326 1290 473 1324">
    <p class='ocr_par' dir='ltr' id='par_1_23' title="bbox 326 1290 473 1324">
     <span class='ocr_line' id='line_1_28' title="bbox 326 1290 473 1324; baseline 0 0"><span class='ocrx_word' id='word_1_47' title='bbox 326 1290 398 1324; x_wconf 83' lang='lat' dir='ltr'>Ian.</span> <span class='ocrx_word' id='word_1_48' title='bbox 420 1291 473 1324; x_wconf 86' lang='lat'>14.</span> 
     </span>
    </p>
   </div>
   <div class='ocr_carea' id='block_1_24' title="bbox 324 1395 470 1430">
    <p class='ocr_par' dir='ltr' id='par_1_24' title="bbox 324 1395 470 1430">
     <span class='ocr_line' id='line_1_29' title="bbox 324 1395 470 1430; baseline 0 0"><span class='ocrx_word' id='word_1_49' title='bbox 324 1395 396 1430; x_wconf 84' lang='lat' dir='ltr'>Ian.</span> <span class='ocrx_word' id='word_1_50' title='bbox 418 1397 470 1430; x_wconf 88' lang='lat'>14.</span> 
     </span>
    </p>
   </div>
   <div class='ocr_carea' id='block_1_25' title="bbox 249 1516 540 1559">
    <p class='ocr_par' dir='ltr' id='par_1_25' title="bbox 249 1516 540 1559">
     <span class='ocr_line' id='line_1_30' title="bbox 249 1516 540 1559; baseline 0.007 -2"><span class='ocrx_word' id='word_1_51' title='bbox 249 1516 327 1557; x_wconf 87' lang='lat' dir='ltr'>sub</span> <span class='ocrx_word' id='word_1_52' title='bbox 357 1516 446 1558; x_wconf 90' lang='lat' dir='ltr'>Ian.</span> <span class='ocrx_word' id='word_1_53' title='bbox 475 1519 540 1559; x_wconf 89' lang='grc'>19.</span> 
     </span>
    </p>
   </div>
   <div class='ocr_carea' id='block_1_26' title="bbox 197 326 211 1688">
    <p class='ocr_par' dir='ltr' id='par_1_26' title="bbox 197 326 211 1688">
     <span class='ocr_line' id='line_1_31' title="bbox 197 326 211 1688; baseline 0 0"><span class='ocrx_word' id='word_1_54' title='bbox 197 326 211 1688; x_wconf 95' lang='lat' dir='ltr'> </span> 
     </span>
    </p>
   </div>
   <div class='ocr_carea' id='block_1_27' title="bbox 321 1787 470 1823">
    <p class='ocr_par' dir='ltr' id='par_1_27' title="bbox 321 1787 470 1823">
     <span class='ocr_line' id='line_1_32' title="bbox 321 1787 470 1823; baseline 0.013 -3"><span class='ocrx_word' id='word_1_55' title='bbox 321 1787 395 1822; x_wconf 84' lang='lat' dir='ltr'>Ian.</span> <span class='ocrx_word' id='word_1_56' title='bbox 414 1788 470 1823; x_wconf 88' lang='lat'>20.</span> 
     </span>
    </p>
   </div>
   <div class='ocr_carea' id='block_1_28' title="bbox 255 1893 531 1989">
    <p class='ocr_par' dir='ltr' id='par_1_28' title="bbox 255 1893 531 1989">
     <span class='ocr_line' id='line_1_33' title="bbox 271 1893 511 1930; baseline 0.004 -2"><span class='ocrx_word' id='word_1_57' title='bbox 271 1893 337 1928; x_wconf 92' lang='lat' dir='ltr'>sub</span> <span class='ocrx_word' id='word_1_58' title='bbox 364 1895 436 1930; x_wconf 85' lang='lat' dir='ltr'>Ian.</span> <span class='ocrx_word' id='word_1_59' title='bbox 455 1895 511 1929; x_wconf 88' lang='lat'>21.</span> 
     </span>
     <span class='ocr_line' id='line_1_34' title="bbox 255 1952 531 1989; baseline 0.011 -4"><span class='ocrx_word' id='word_1_60' title='bbox 255 1952 328 1986; x_wconf 86' lang='lat' dir='ltr'>Ian.</span> <span class='ocrx_word' id='word_1_61' title='bbox 348 1953 404 1988; x_wconf 97' lang='lat'>27.</span> <span class='ocrx_word' id='word_1_62' title='bbox 423 1956 459 1988; x_wconf 91' lang='lat' dir='ltr'>et</span> <span class='ocrx_word' id='word_1_63' title='bbox 477 1954 531 1989; x_wconf 81' lang='lat'>28.</span> 
     </span>
    </p>
   </div>
   <div class='ocr_carea' id='block_1_29' title="bbox 229 2395 547 2491">
    <p class='ocr_par' dir='ltr' id='par_1_29' title="bbox 229 2395 547 2491">
     <span class='ocr_line' id='line_1_35' title="bbox 248 2395 532 2432; baseline 0.011 -3"><span class='ocrx_word' id='word_1_64' title='bbox 248 2397 331 2429; x_wconf 84' lang='lat' dir='ltr'>ante</span> <span class='ocrx_word' id='word_1_65' title='bbox 357 2395 457 2431; x_wconf 83' lang='lat' dir='ltr'>Febr.</span> <span class='ocrx_word' id='word_1_66' title='bbox 479 2397 532 2432; x_wconf 90' lang='lat'>15.</span> 
     </span>
     <span class='ocr_line' id='line_1_36' title="bbox 229 2455 547 2491; baseline 0.006 -3"><span class='ocrx_word' id='word_1_67' title='bbox 229 2455 323 2488; x_wconf 86' lang='lat' dir='ltr'>circa</span> <span class='ocrx_word' id='word_1_68' title='bbox 341 2456 432 2490; x_wconf 86' lang='lat' dir='ltr'>med.</span> <span class='ocrx_word' id='word_1_69' title='bbox 447 2456 547 2491; x_wconf 82' lang='lat' dir='ltr'>Febr.</span> 
     </span>
    </p>
   </div>
   <div class='ocr_carea' id='block_1_30' title="bbox 192 2559 562 2915">
    <p class='ocr_par' dir='ltr' id='par_1_30' title="bbox 192 2559 562 2915">
     <span class='ocr_line' id='line_1_37' title="bbox 192 2559 562 2608; baseline 0.011 -14"><span class='ocrx_word' id='word_1_70' title='bbox 192 2559 194 2601; x_wconf 77' lang='lat' dir='ltr'>i</span> <span class='ocrx_word' id='word_1_71' title='bbox 212 2561 306 2595; x_wconf 86' lang='lat' dir='ltr'>inter</span> <span class='ocrx_word' id='word_1_72' title='bbox 332 2562 404 2596; x_wconf 86' lang='lat' dir='ltr'>Ian.</span> <span class='ocrx_word' id='word_1_73' title='bbox 425 2565 461 2596; x_wconf 88' lang='lat' dir='ltr'>et</span> <span class='ocrx_word' id='word_1_74' title='bbox 479 2564 562 2608; x_wconf 79' lang='lat' dir='ltr'>Apr.</span> 
     </span>
     <span class='ocr_line' id='line_1_38' title="bbox 211 2666 562 2704; baseline 0.011 -4"><span class='ocrx_word' id='word_1_75' title='bbox 211 2666 303 2701; x_wconf 88' lang='lat' dir='ltr'>inter</span> <span class='ocrx_word' id='word_1_76' title='bbox 329 2668 401 2702; x_wconf 86' lang='lat' dir='ltr'>Ian.</span> <span class='ocrx_word' id='word_1_77' title='bbox 430 2671 466 2703; x_wconf 83' lang='lat' dir='ltr'>et</span> <span class='ocrx_word' id='word_1_78' title='bbox 487 2669 562 2704; x_wconf 86' lang='lat' dir='ltr'>Iun.</span> 
     </span>
     <span class='ocr_line' id='line_1_39' title="bbox 303 2773 467 2809; baseline 0.006 -2"><span class='ocrx_word' id='word_1_79' title='bbox 303 2773 404 2809; x_wconf 84' lang='lat' dir='ltr'>Febr.</span> <span class='ocrx_word' id='word_1_80' title='bbox 424 2775 467 2808; x_wconf 80' lang='lat'>:24</span> 
     </span>
     <span class='ocr_line' id='line_1_40' title="bbox 302 2881 477 2915; baseline 0.006 -1"><span class='ocrx_word' id='word_1_81' title='bbox 302 2881 401 2914; x_wconf 87' lang='lat' dir='ltr'>Febr.</span> <span class='ocrx_word' id='word_1_82' title='bbox 423 2881 477 2915; x_wconf 89' lang='lat'>27.</span> 
     </span>
    </p>
   </div>
   <div class='ocr_carea' id='block_1_31' title="bbox 208 3037 560 3073">
    <p class='ocr_par' dir='ltr' id='par_1_31' title="bbox 208 3037 560 3073">
     <span class='ocr_line' id='line_1_41' title="bbox 208 3037 560 3073; baseline 0.003 -1"><span class='ocrx_word' id='word_1_83' title='bbox 208 3037 309 3072; x_wconf 86' lang='lat' dir='ltr'>Febr.</span> <span class='ocrx_word' id='word_1_84' title='bbox 328 3040 482 3072; x_wconf 79' lang='lat' dir='ltr'>exeunte</span> <span class='ocrx_word' id='word_1_85' title='bbox 502 3039 560 3073; x_wconf 91' lang='lat' dir='ltr'>vel</span> 
     </span>
    </p>
   </div>
   <div class='ocr_carea' id='block_1_32' title="bbox 254 3091 523 3179">
    <p class='ocr_par' dir='ltr' id='par_1_32' title="bbox 254 3091 523 3179">
     <span class='ocr_line' id='line_1_42' title="bbox 254 3091 523 3126; baseline 0.004 -1"><span class='ocrx_word' id='word_1_86' title='bbox 254 3092 359 3125; x_wconf 87' lang='lat' dir='ltr'>Mart.</span> <span class='ocrx_word' id='word_1_87' title='bbox 378 3091 523 3126; x_wconf 91' lang='lat' dir='ltr'>ineunte</span> 
     </span>
     <span class='ocr_line' id='line_1_43' title="bbox 307 3145 463 3179; baseline 0 -1"><span class='ocrx_word' id='word_1_88' title='bbox 307 3145 412 3179; x_wconf 79' lang='lat' dir='ltr'>Mart.</span> <span class='ocrx_word' id='word_1_89' title='bbox 434 3145 463 3178; x_wconf 96' lang='lat'>1.</span> 
     </span>
    </p>
   </div>
   <div class='ocr_carea' id='block_1_33' title="bbox 188 1845 200 3233">
    <p class='ocr_par' dir='ltr' id='par_1_33' title="bbox 188 1845 200 3233">
     <span class='ocr_line' id='line_1_44' title="bbox 188 1845 200 3233; baseline 0 0"><span class='ocrx_word' id='word_1_90' title='bbox 188 1845 200 3233; x_wconf 95' lang='lat' dir='ltr'> </span> 
     </span>
    </p>
   </div>
   <div class='ocr_carea' id='block_1_34' title="bbox 245 2020 587 2084">
    <p class='ocr_par' dir='ltr' id='par_1_34' title="bbox 245 2020 587 2084">
     <span class='ocr_line' id='line_1_45' title="bbox 245 2020 587 2084; baseline 0.012 -24"><span class='ocrx_word' id='word_1_91' title='bbox 245 2020 321 2061; x_wconf 88' lang='lat' dir='ltr'>sub</span> <span class='ocrx_word' id='word_1_92' title='bbox 355 2021 424 2063; x_wconf 83' lang='lat'>31.</span> <span class='ocrx_word' id='word_1_93' title='bbox 447 2020 537 2064; x_wconf 89' lang='lat' dir='ltr'>Ian.</span> <span class='ocrx_word' id='word_1_94' title='bbox 585 2043 587 2084; x_wconf 71' lang='lat'>3</span> 
     </span>
    </p>
   </div>
   <div class='ocr_carea' id='block_1_35' title="bbox 245 2288 586 2360">
    <p class='ocr_par' dir='ltr' id='par_1_35' title="bbox 245 2288 586 2360">
     <span class='ocr_line' id='line_1_46' title="bbox 245 2288 585 2332; baseline 0.012 -10"><span class='ocrx_word' id='word_1_95' title='bbox 245 2288 347 2323; x_wconf 88' lang='lat' dir='ltr'>initio</span> <span class='ocrx_word' id='word_1_96' title='bbox 372 2301 417 2324; x_wconf 89' lang='lat' dir='ltr'>m.</span> <span class='ocrx_word' id='word_1_97' title='bbox 441 2290 543 2325; x_wconf 88' lang='lat' dir='ltr'>Febr.</span> <span class='ocrx_word' id='word_1_98' title='bbox 584 2328 585 2332; x_wconf 53' lang='grc'>,</span> 
     </span>
     <span class='ocr_line' id='line_1_47' title="bbox 584 2348 586 2360; baseline 0 0"><span class='ocrx_word' id='word_1_99' title='bbox 584 2348 586 2360; x_wconf 47' lang='lat' dir='ltr'><strong><em>s</em></strong></span> 
     </span>
    </p>
   </div>
   <div class='ocr_carea' id='block_1_36' title="bbox 589 210 1784 247">
    <p class='ocr_par' dir='ltr' id='par_1_36' title="bbox 589 210 1784 247">
     <span class='ocr_line' id='line_1_48' title="bbox 589 210 1784 247; baseline 0.001 -3"><span class='ocrx_word' id='word_1_100' title='bbox 589 210 680 245; x_wconf 90' lang='lat'>1565</span> <span class='ocrx_word' id='word_1_101' title='bbox 707 210 789 245; x_wconf 90' lang='lat' dir='ltr'>Dec.</span> <span class='ocrx_word' id='word_1_102' title='bbox 811 211 865 245; x_wconf 87' lang='lat'>15.</span> <span class='ocrx_word' id='word_1_103' title='bbox 887 230 929 234; x_wconf 88' lang='lat'><strong>—</strong></span> <span class='ocrx_word' id='word_1_104' title='bbox 950 211 1040 246; x_wconf 90' lang='lat'>1566</span> <span class='ocrx_word' id='word_1_105' title='bbox 1067 212 1173 246; x_wconf 82' lang='lat' dir='ltr'>Mart.</span> <span class='ocrx_word' id='word_1_106' title='bbox 1196 213 1225 247; x_wconf 92' lang='lat'>1.</span> <span class='ocrx_word' id='word_1_107' title='bbox 1740 216 1784 245; x_wconf 88' lang='lat' dir='ltr'>LI</span> 
     </span>
    </p>
   </div>
   <div class='ocr_carea' id='block_1_37' title="bbox 595 328 1787 644">
    <p class='ocr_par' dir='ltr' id='par_1_37' title="bbox 620 328 1787 428">
     <span class='ocr_line' id='line_1_49' title="bbox 620 328 1785 374; baseline 0.002 -12"><span class='ocrx_word' id='word_1_108' title='bbox 620 328 669 371; x_wconf 76' lang='grc'>0.,</span> <span class='ocrx_word' id='word_1_109' title='bbox 699 329 887 372; x_wconf 70' lang='lat' dir='ltr'>„Summae</span> <span class='ocrx_word' id='word_1_110' title='bbox 913 330 1096 363; x_wconf 81' lang='lat' dir='ltr'>doetrinae</span> <span class='ocrx_word' id='word_1_111' title='bbox 1122 329 1360 363; x_wconf 71' lang='lat' dir='ltr'>christiancee“</span> <span class='ocrx_word' id='word_1_112' title='bbox 1385 333 1582 374; x_wconf 71' lang='lat' dir='ltr'>recoynitae</span> <span class='ocrx_word' id='word_1_113' title='bbox 1608 336 1637 364; x_wconf 79' lang='lat' dir='ltr'>et</span> <span class='ocrx_word' id='word_1_114' title='bbox 1662 332 1785 374; x_wconf 80' lang='lat' dir='ltr'>ampli-</span> 
     </span>
     <span class='ocr_line' id='line_1_50' title="bbox 676 382 1787 428; baseline 0.003 -14"><span class='ocrx_word' id='word_1_115' title='bbox 676 382 801 423; x_wconf 75' lang='lat' dir='ltr'>ficatae</span> <span class='ocrx_word' id='word_1_116' title='bbox 847 387 1037 415; x_wconf 74' lang='lat' dir='ltr'>extremam</span> <span class='ocrx_word' id='word_1_117' title='bbox 1087 394 1232 415; x_wconf 77' lang='lat' dir='ltr'>manum</span> <span class='ocrx_word' id='word_1_118' title='bbox 1274 384 1423 426; x_wconf 73' lang='lat' dir='ltr'>imponit</span> <span class='ocrx_word' id='word_1_119' title='bbox 1466 396 1608 428; x_wconf 78' lang='lat' dir='ltr'>eamque</span> <span class='ocrx_word' id='word_1_120' title='bbox 1648 386 1787 417; x_wconf 74' lang='lat' dir='ltr'>senatui</span> 
     </span>
    </p>

    <p class='ocr_par' dir='ltr' id='par_1_38' title="bbox 596 436 1604 481">
     <span class='ocr_line' id='line_1_51' title="bbox 596 436 1604 481; baseline 0.005 -14"><span class='ocrx_word' id='word_1_121' title='bbox 596 437 598 462; x_wconf 70' lang='grc' dir='ltr'>ἰ</span> <span class='ocrx_word' id='word_1_122' title='bbox 668 436 872 479; x_wconf 70' lang='lat' dir='ltr'>populoque</span> <span class='ocrx_word' id='word_1_123' title='bbox 897 436 1088 469; x_wconf 75' lang='lat' dir='ltr'>coloniensi</span> <span class='ocrx_word' id='word_1_124' title='bbox 1113 437 1249 469; x_wconf 77' lang='lat' dir='ltr'>dedicat</span> <span class='ocrx_word' id='word_1_125' title='bbox 1277 436 1361 479; x_wconf 86' lang='lat'>(159</span> <span class='ocrx_word' id='word_1_126' title='bbox 1388 437 1604 481; x_wconf 81' lang='lat'>803—804).</span> 
     </span>
    </p>

    <p class='ocr_par' dir='ltr' id='par_1_39' title="bbox 596 492 1786 540">
     <span class='ocr_line' id='line_1_52' title="bbox 596 492 1786 540; baseline 0.004 -15"><span class='ocrx_word' id='word_1_127' title='bbox 596 493 597 498; x_wconf 76' lang='grc'>’</span> <span class='ocrx_word' id='word_1_128' title='bbox 617 492 670 525; x_wconf 85' lang='lat' dir='ltr'>Ad</span> <span class='ocrx_word' id='word_1_129' title='bbox 697 493 877 527; x_wconf 84' lang='lat' dir='ltr'>studiosos</span> <span class='ocrx_word' id='word_1_130' title='bbox 895 494 1074 537; x_wconf 80' lang='lat' dir='ltr'>gymnasii</span> <span class='ocrx_word' id='word_1_131' title='bbox 1094 493 1202 527; x_wconf 83' lang='lat' dir='ltr'>trium</span> <span class='ocrx_word' id='word_1_132' title='bbox 1222 505 1442 533; x_wconf 81' lang='lat' dir='ltr'>coronarum.</span> <span class='ocrx_word' id='word_1_133' title='bbox 1469 496 1627 530; x_wconf 84' lang='lat' dir='ltr'>externis</span> <span class='ocrx_word' id='word_1_134' title='bbox 1647 507 1786 540; x_wconf 88' lang='lat' dir='ltr'>quoque</span> 
     </span>
    </p>

    <p class='ocr_par' dir='ltr' id='par_1_40' title="bbox 674 546 1411 591">
     <span class='ocr_line' id='line_1_53' title="bbox 674 546 1411 591; baseline 0.004 -12"><span class='ocrx_word' id='word_1_135' title='bbox 674 546 912 587; x_wconf 80' lang='lat' dir='ltr'>audientibus,</span> <span class='ocrx_word' id='word_1_136' title='bbox 940 546 1134 580; x_wconf 85' lang='lat' dir='ltr'>orationem</span> <span class='ocrx_word' id='word_1_137' title='bbox 1161 546 1270 580; x_wconf 85' lang='lat' dir='ltr'>habet</span> <span class='ocrx_word' id='word_1_138' title='bbox 1298 548 1411 591; x_wconf 79' lang='lat'>(678).</span> 
     </span>
    </p>

    <p class='ocr_par' dir='ltr' id='par_1_41' title="bbox 595 599 1786 644">
     <span class='ocr_line' id='line_1_54' title="bbox 595 599 1786 644; baseline 0.003 -12"><span class='ocrx_word' id='word_1_139' title='bbox 595 599 670 644; x_wconf 52' lang='lat' dir='ltr'>{Ad</span> <span class='ocrx_word' id='word_1_140' title='bbox 705 599 846 642; x_wconf 84' lang='lat' dir='ltr'>collegii</span> <span class='ocrx_word' id='word_1_141' title='bbox 873 599 908 634; x_wconf 89' lang='lat' dir='ltr'>S.</span> <span class='ocrx_word' id='word_1_142' title='bbox 926 600 958 633; x_wconf 80' lang='lat' dir='ltr'>J.</span> <span class='ocrx_word' id='word_1_143' title='bbox 993 599 1207 634; x_wconf 87' lang='lat' dir='ltr'>coloniensis</span> <span class='ocrx_word' id='word_1_144' title='bbox 1242 602 1467 635; x_wconf 87' lang='lat' dir='ltr'>convictores</span> <span class='ocrx_word' id='word_1_145' title='bbox 1499 601 1786 636; x_wconf 78' lang='lat' dir='ltr'>exhortationem</span> 
     </span>
    </p>
   </div>
   <div class='ocr_carea' id='block_1_38' title="bbox 615 651 1786 749">
    <p class='ocr_par' dir='ltr' id='par_1_42' title="bbox 615 651 1786 749">
     <span class='ocr_line' id='line_1_55' title="bbox 615 651 1786 749; baseline 0.003 -12"><span class='ocrx_word' id='word_1_146' title='bbox 615 651 1065 739; x_wconf 44' lang='lat' dir='ltr'>Univaeii‘zitziggg)facultas</span> <span class='ocrx_word' id='word_1_147' title='bbox 1098 704 1304 749; x_wconf 86' lang='lat' dir='ltr'>theologica</span> <span class='ocrx_word' id='word_1_148' title='bbox 1330 706 1368 741; x_wconf 83' lang='lat' dir='ltr'>G.</span> <span class='ocrx_word' id='word_1_149' title='bbox 1400 706 1521 740; x_wconf 88' lang='lat' dir='ltr'>vinum</span> <span class='ocrx_word' id='word_1_150' title='bbox 1559 707 1786 741; x_wconf 85' lang='lat' dir='ltr'>honorarium</span> 
     </span>
    </p>
   </div>
   <div class='ocr_carea' id='block_1_39' title="bbox 594 752 965 802">
    <p class='ocr_par' dir='ltr' id='par_1_43' title="bbox 594 752 965 802">
     <span class='ocr_line' id='line_1_56' title="bbox 594 752 965 802; baseline 0 -11"><span class='ocrx_word' id='word_1_151' title='bbox 594 752 595 766; x_wconf 56' lang='lat'>³</span> <span class='ocrx_word' id='word_1_152' title='bbox 673 757 822 802; x_wconf 76' lang='lat' dir='ltr'>praebet</span> <span class='ocrx_word' id='word_1_153' title='bbox 850 757 965 801; x_wconf 82' lang='grc'>(678).</span> 
     </span>
    </p>
   </div>
   <div class='ocr_carea' id='block_1_40' title="bbox 594 823 1786 1269">
    <p class='ocr_par' dir='ltr' id='par_1_44' title="bbox 594 823 1786 1269">
     <span class='ocr_line' id='line_1_57' title="bbox 594 823 1785 884; baseline 0.003 -19"><span class='ocrx_word' id='word_1_154' title='bbox 594 823 657 884; x_wconf 42' lang='grc' dir='ltr'>ἶΟ.</span> <span class='ocrx_word' id='word_1_155' title='bbox 682 823 861 866; x_wconf 85' lang='lat' dir='ltr'>delectis</span> <span class='ocrx_word' id='word_1_156' title='bbox 894 838 947 865; x_wconf 79' lang='lat' dir='ltr'>ex</span> <span class='ocrx_word' id='word_1_157' title='bbox 981 823 1268 866; x_wconf 75' lang='lat' dir='ltr'>universitate</span> <span class='ocrx_word' id='word_1_158' title='bbox 1297 828 1341 867; x_wconf 90' lang='lat' dir='ltr'>et</span> <span class='ocrx_word' id='word_1_159' title='bbox 1364 825 1481 866; x_wconf 90' lang='lat' dir='ltr'>urbis</span> <span class='ocrx_word' id='word_1_160' title='bbox 1504 829 1659 868; x_wconf 88' lang='lat' dir='ltr'>senatu</span> <span class='ocrx_word' id='word_1_161' title='bbox 1682 825 1785 868; x_wconf 86' lang='lat' dir='ltr'>viris</span> 
     </span>
     <span class='ocr_line' id='line_1_58' title="bbox 673 888 1786 939; baseline 0.003 -9"><span class='ocrx_word' id='word_1_162' title='bbox 673 889 813 930; x_wconf 81' lang='lat' dir='ltr'>Breve</span> <span class='ocrx_word' id='word_1_163' title='bbox 835 888 900 930; x_wconf 90' lang='lat' dir='ltr'>Pii</span> <span class='ocrx_word' id='word_1_164' title='bbox 923 889 996 932; x_wconf 90' lang='lat' dir='ltr'>IV.</span> <span class='ocrx_word' id='word_1_165' title='bbox 1020 889 1177 939; x_wconf 85' lang='lat' dir='ltr'>tradit;</span> <span class='ocrx_word' id='word_1_166' title='bbox 1211 889 1336 932; x_wconf 90' lang='lat' dir='ltr'>huius</span> <span class='ocrx_word' id='word_1_167' title='bbox 1366 890 1538 932; x_wconf 89' lang='lat' dir='ltr'>nomine</span> <span class='ocrx_word' id='word_1_168' title='bbox 1561 891 1786 933; x_wconf 83' lang='lat' dir='ltr'>Colonien-</span> 
     </span>
     <span class='ocr_line' id='line_1_59' title="bbox 673 954 1781 1008; baseline 0.003 -13"><span class='ocrx_word' id='word_1_169' title='bbox 673 967 741 996; x_wconf 85' lang='lat' dir='ltr'>ses</span> <span class='ocrx_word' id='word_1_170' title='bbox 774 954 937 1004; x_wconf 85' lang='lat' dir='ltr'>laudat,</span> <span class='ocrx_word' id='word_1_171' title='bbox 987 954 1229 1004; x_wconf 87' lang='lat' dir='ltr'>„Indultum</span> <span class='ocrx_word' id='word_1_172' title='bbox 1263 955 1420 998; x_wconf 79' lang='lat' dir='ltr'>tertiae</span> <span class='ocrx_word' id='word_1_173' title='bbox 1452 955 1645 1008; x_wconf 82' lang='lat' dir='ltr'>gratiae“</span> <span class='ocrx_word' id='word_1_174' title='bbox 1686 971 1781 998; x_wconf 83' lang='lat' dir='ltr'>con-</span> 
     </span>
     <span class='ocr_line' id='line_1_60' title="bbox 673 1019 1785 1074; baseline 0.004 -15"><span class='ocrx_word' id='word_1_175' title='bbox 673 1019 766 1060; x_wconf 87' lang='lat' dir='ltr'>cedi</span> <span class='ocrx_word' id='word_1_176' title='bbox 807 1019 1021 1068; x_wconf 84' lang='lat' dir='ltr'>affirmat,</span> <span class='ocrx_word' id='word_1_177' title='bbox 1068 1020 1213 1073; x_wconf 88' lang='lat' dir='ltr'>capita</span> <span class='ocrx_word' id='word_1_178' title='bbox 1264 1023 1431 1074; x_wconf 89' lang='lat' dir='ltr'>septem</span> <span class='ocrx_word' id='word_1_179' title='bbox 1484 1021 1685 1074; x_wconf 84' lang='lat' dir='ltr'>proponit</span> <span class='ocrx_word' id='word_1_180' title='bbox 1731 1022 1785 1064; x_wconf 88' lang='lat' dir='ltr'>ad</span> 
     </span>
     <span class='ocr_line' id='line_1_61' title="bbox 671 1083 1785 1136; baseline 0.003 -11"><span class='ocrx_word' id='word_1_181' title='bbox 671 1083 923 1136; x_wconf 86' lang='lat' dir='ltr'>religionem</span> <span class='ocrx_word' id='word_1_182' title='bbox 957 1084 1213 1126; x_wconf 78' lang='lat' dir='ltr'>catholicam</span> <span class='ocrx_word' id='word_1_183' title='bbox 1248 1086 1585 1128; x_wconf 84' lang='lat' dir='ltr'>conservandam</span> <span class='ocrx_word' id='word_1_184' title='bbox 1622 1089 1665 1128; x_wconf 90' lang='lat' dir='ltr'>et</span> <span class='ocrx_word' id='word_1_185' title='bbox 1691 1086 1785 1128; x_wconf 89' lang='lat' dir='ltr'>uni-</span> 
     </span>
     <span class='ocr_line' id='line_1_62' title="bbox 671 1148 1783 1204; baseline 0.004 -15"><span class='ocrx_word' id='word_1_186' title='bbox 671 1148 926 1191; x_wconf 84' lang='lat' dir='ltr'>versitatem</span> <span class='ocrx_word' id='word_1_187' title='bbox 958 1149 1281 1191; x_wconf 79' lang='lat' dir='ltr'>reformandam</span> <span class='ocrx_word' id='word_1_188' title='bbox 1305 1150 1562 1204; x_wconf 81' lang='lat' dir='ltr'>spectantia.</span> <span class='ocrx_word' id='word_1_189' title='bbox 1606 1151 1672 1192; x_wconf 90' lang='lat' dir='ltr'>Illi</span> <span class='ocrx_word' id='word_1_190' title='bbox 1695 1166 1783 1193; x_wconf 89' lang='lat' dir='ltr'>om-</span> 
     </span>
     <span class='ocr_line' id='line_1_63' title="bbox 671 1213 1784 1269; baseline 0.003 -14"><span class='ocrx_word' id='word_1_191' title='bbox 671 1227 769 1255; x_wconf 90' lang='lat' dir='ltr'>nem</span> <span class='ocrx_word' id='word_1_192' title='bbox 792 1213 1107 1256; x_wconf 89' lang='lat' dir='ltr'>oboedientiam</span> <span class='ocrx_word' id='word_1_193' title='bbox 1135 1214 1396 1268; x_wconf 83' lang='lat' dir='ltr'>promittunt</span> <span class='ocrx_word' id='word_1_194' title='bbox 1419 1215 1523 1267; x_wconf 89' lang='lat'>(214</span> <span class='ocrx_word' id='word_1_195' title='bbox 1558 1214 1784 1269; x_wconf 58' lang='grc'>6781686).</span> 
     </span>
    </p>
   </div>
   <div class='ocr_carea' id='block_1_41' title="bbox 591 1287 1787 1441">
    <p class='ocr_par' dir='ltr' id='par_1_45' title="bbox 591 1287 1787 1441">
     <span class='ocr_line' id='line_1_64' title="bbox 591 1287 1785 1340; baseline 0.003 -18"><span class='ocrx_word' id='word_1_196' title='bbox 591 1289 593 1340; x_wconf 49' lang='grc' dir='ltr'>ζ</span> <span class='ocrx_word' id='word_1_197' title='bbox 611 1289 651 1322; x_wconf 83' lang='grc'>111</span> <span class='ocrx_word' id='word_1_198' title='bbox 677 1288 895 1334; x_wconf 85' lang='lat' dir='ltr'>reipublicae</span> <span class='ocrx_word' id='word_1_199' title='bbox 923 1287 1136 1325; x_wconf 83' lang='lat' dir='ltr'>coloniensis</span> <span class='ocrx_word' id='word_1_200' title='bbox 1162 1292 1289 1323; x_wconf 83' lang='lat' dir='ltr'>senatu</span> <span class='ocrx_word' id='word_1_201' title='bbox 1312 1289 1427 1324; x_wconf 89' lang='lat' dir='ltr'>Breve</span> <span class='ocrx_word' id='word_1_202' title='bbox 1446 1290 1499 1323; x_wconf 90' lang='lat' dir='ltr'>Pii</span> <span class='ocrx_word' id='word_1_203' title='bbox 1518 1290 1579 1324; x_wconf 73' lang='lat' dir='ltr'>IV.</span> <span class='ocrx_word' id='word_1_204' title='bbox 1604 1302 1624 1324; x_wconf 88' lang='lat' dir='ltr'>a</span> <span class='ocrx_word' id='word_1_205' title='bbox 1643 1290 1680 1325; x_wconf 84' lang='lat' dir='ltr'>O.</span> <span class='ocrx_word' id='word_1_206' title='bbox 1700 1291 1785 1325; x_wconf 86' lang='lat' dir='ltr'>alla—</span> 
     </span>
     <span class='ocr_line' id='line_1_65' title="bbox 669 1342 1305 1385; baseline 0.002 -10"><span class='ocrx_word' id='word_1_207' title='bbox 669 1343 745 1376; x_wconf 86' lang='lat' dir='ltr'>tum</span> <span class='ocrx_word' id='word_1_208' title='bbox 772 1342 945 1376; x_wconf 83' lang='lat' dir='ltr'>recitatur</span> <span class='ocrx_word' id='word_1_209' title='bbox 973 1342 1177 1383; x_wconf 84' lang='lat'>(171-173</span> <span class='ocrx_word' id='word_1_210' title='bbox 1207 1343 1305 1385; x_wconf 78' lang='lat'>685).</span> 
     </span>
     <span class='ocr_line' id='line_1_66' title="bbox 611 1394 1787 1441; baseline 0.002 -12"><span class='ocrx_word' id='word_1_211' title='bbox 611 1394 764 1430; x_wconf 86' lang='lat' dir='ltr'>Senatus</span> <span class='ocrx_word' id='word_1_212' title='bbox 811 1395 910 1429; x_wconf 85' lang='lat' dir='ltr'>urbis</span> <span class='ocrx_word' id='word_1_213' title='bbox 956 1395 993 1428; x_wconf 84' lang='lat' dir='ltr'>C.</span> <span class='ocrx_word' id='word_1_214' title='bbox 1038 1396 1152 1429; x_wconf 87' lang='lat' dir='ltr'>denuo</span> <span class='ocrx_word' id='word_1_215' title='bbox 1200 1396 1323 1429; x_wconf 89' lang='lat' dir='ltr'>vinum</span> <span class='ocrx_word' id='word_1_216' title='bbox 1367 1396 1594 1430; x_wconf 82' lang='lat' dir='ltr'>honorarium</span> <span class='ocrx_word' id='word_1_217' title='bbox 1637 1397 1787 1441; x_wconf 83' lang='lat' dir='ltr'>praebet</span> 
     </span>
    </p>
   </div>
   <div class='ocr_carea' id='block_1_42' title="bbox 674 1449 885 1492">
    <p class='ocr_par' dir='ltr' id='par_1_46' title="bbox 674 1449 885 1492">
     <span class='ocr_line' id='line_1_67' title="bbox 674 1449 885 1492; baseline 0 -10"><span class='ocrx_word' id='word_1_218' title='bbox 674 1449 757 1492; x_wconf 83' lang='lat'>(173</span> <span class='ocrx_word' id='word_1_219' title='bbox 786 1449 885 1492; x_wconf 83' lang='lat'>686).</span> 
     </span>
    </p>
   </div>
   <div class='ocr_carea' id='block_1_43' title="bbox 587 1514 1782 1883">
    <p class='ocr_par' dir='ltr' id='par_1_47' title="bbox 610 1514 1782 1763">
     <span class='ocr_line' id='line_1_68' title="bbox 610 1514 1781 1571; baseline 0.003 -16"><span class='ocrx_word' id='word_1_220' title='bbox 610 1514 711 1556; x_wconf 87' lang='lat' dir='ltr'>Pius</span> <span class='ocrx_word' id='word_1_221' title='bbox 733 1515 785 1557; x_wconf 90' lang='lat' dir='ltr'>V.</span> <span class='ocrx_word' id='word_1_222' title='bbox 810 1528 947 1556; x_wconf 85' lang='lat' dir='ltr'>novus</span> <span class='ocrx_word' id='word_1_223' title='bbox 970 1514 1168 1568; x_wconf 83' lang='lat' dir='ltr'>pontifex</span> <span class='ocrx_word' id='word_1_224' title='bbox 1191 1515 1233 1557; x_wconf 85' lang='lat' dir='ltr'>C.</span> <span class='ocrx_word' id='word_1_225' title='bbox 1258 1515 1502 1568; x_wconf 83' lang='lat' dir='ltr'>Augustam</span> <span class='ocrx_word' id='word_1_226' title='bbox 1536 1516 1590 1557; x_wconf 89' lang='lat' dir='ltr'>ad</span> <span class='ocrx_word' id='word_1_227' title='bbox 1616 1515 1781 1571; x_wconf 89' lang='lat' dir='ltr'>imperii</span> 
     </span>
     <span class='ocr_line' id='line_1_69' title="bbox 669 1579 1782 1636; baseline 0.002 -15"><span class='ocrx_word' id='word_1_228' title='bbox 669 1579 846 1622; x_wconf 87' lang='lat' dir='ltr'>comitia</span> <span class='ocrx_word' id='word_1_229' title='bbox 864 1579 983 1621; x_wconf 88' lang='lat' dir='ltr'>adire</span> <span class='ocrx_word' id='word_1_230' title='bbox 1007 1582 1052 1622; x_wconf 92' lang='lat' dir='ltr'>et</span> <span class='ocrx_word' id='word_1_231' title='bbox 1074 1579 1139 1621; x_wconf 88' lang='lat' dir='ltr'>his</span> <span class='ocrx_word' id='word_1_232' title='bbox 1162 1580 1372 1622; x_wconf 87' lang='lat' dir='ltr'>absolutis</span> <span class='ocrx_word' id='word_1_233' title='bbox 1394 1580 1657 1634; x_wconf 82' lang='lat' dir='ltr'>legationem</span> <span class='ocrx_word' id='word_1_234' title='bbox 1675 1596 1782 1636; x_wconf 89' lang='lat' dir='ltr'>pon-</span> 
     </span>
     <span class='ocr_line' id='line_1_70' title="bbox 668 1644 1780 1700; baseline 0.002 -13"><span class='ocrx_word' id='word_1_235' title='bbox 668 1644 859 1694; x_wconf 83' lang='lat' dir='ltr'>tificiam,</span> <span class='ocrx_word' id='word_1_236' title='bbox 894 1659 970 1699; x_wconf 88' lang='lat' dir='ltr'>per</span> <span class='ocrx_word' id='word_1_237' title='bbox 992 1644 1057 1686; x_wconf 89' lang='lat' dir='ltr'>Pii</span> <span class='ocrx_word' id='word_1_238' title='bbox 1082 1645 1155 1687; x_wconf 87' lang='lat' dir='ltr'>IV.</span> <span class='ocrx_word' id='word_1_239' title='bbox 1190 1648 1374 1688; x_wconf 88' lang='lat' dir='ltr'>mortem</span> <span class='ocrx_word' id='word_1_240' title='bbox 1409 1646 1651 1699; x_wconf 84' lang='lat' dir='ltr'>abruptam,</span> <span class='ocrx_word' id='word_1_241' title='bbox 1685 1660 1780 1700; x_wconf 85' lang='lat' dir='ltr'>pro-</span> 
     </span>
     <span class='ocr_line' id='line_1_71' title="bbox 667 1708 1110 1763; baseline 0 -11"><span class='ocrx_word' id='word_1_242' title='bbox 667 1711 788 1763; x_wconf 89' lang='lat' dir='ltr'>sequi</span> <span class='ocrx_word' id='word_1_243' title='bbox 821 1710 941 1752; x_wconf 88' lang='lat' dir='ltr'>iubet</span> <span class='ocrx_word' id='word_1_244' title='bbox 974 1708 1110 1763; x_wconf 81' lang='lat'>(163).</span> 
     </span>
    </p>

    <p class='ocr_par' dir='ltr' id='par_1_48' title="bbox 587 1785 1779 1830">
     <span class='ocr_line' id='line_1_72' title="bbox 587 1785 1779 1830; baseline 0 -10"><span class='ocrx_word' id='word_1_245' title='bbox 587 1785 645 1820; x_wconf 47' lang='lat' dir='ltr'>lC.</span> <span class='ocrx_word' id='word_1_246' title='bbox 673 1786 824 1830; x_wconf 83' lang='lat' dir='ltr'>collegio</span> <span class='ocrx_word' id='word_1_247' title='bbox 851 1785 884 1820; x_wconf 95' lang='lat' dir='ltr'>S.</span> <span class='ocrx_word' id='word_1_248' title='bbox 906 1786 937 1820; x_wconf 85' lang='lat' dir='ltr'>J.</span> <span class='ocrx_word' id='word_1_249' title='bbox 966 1785 1159 1820; x_wconf 82' lang='lat' dir='ltr'>coloniensi</span> <span class='ocrx_word' id='word_1_250' title='bbox 1186 1785 1432 1820; x_wconf 82' lang='lat' dir='ltr'>authenticum</span> <span class='ocrx_word' id='word_1_251' title='bbox 1460 1786 1683 1820; x_wconf 83' lang='lat' dir='ltr'>decretorum</span> <span class='ocrx_word' id='word_1_252' title='bbox 1719 1788 1779 1821; x_wconf 86' lang='lat' dir='ltr'>tri-</span> 
     </span>
    </p>

    <p class='ocr_par' dir='ltr' id='par_1_49' title="bbox 666 1839 1351 1883">
     <span class='ocr_line' id='line_1_73' title="bbox 666 1839 1351 1883; baseline 0.001 -10"><span class='ocrx_word' id='word_1_253' title='bbox 666 1839 888 1874; x_wconf 88' lang='lat' dir='ltr'>dentinorum</span> <span class='ocrx_word' id='word_1_254' title='bbox 917 1839 1119 1883; x_wconf 85' lang='lat' dir='ltr'>exemplum</span> <span class='ocrx_word' id='word_1_255' title='bbox 1148 1839 1209 1873; x_wconf 88' lang='lat' dir='ltr'>dat</span> <span class='ocrx_word' id='word_1_256' title='bbox 1238 1840 1351 1883; x_wconf 81' lang='grc'>(686).</span> 
     </span>
    </p>
   </div>
   <div class='ocr_carea' id='block_1_44' title="bbox 586 1880 1779 1998">
    <p class='ocr_par' dir='ltr' id='par_1_50' title="bbox 586 1880 1779 1998">
     <span class='ocr_line' id='line_1_74' title="bbox 586 1880 1071 1936; baseline -0.002 -9"><span class='ocrx_word' id='word_1_257' title='bbox 586 1880 587 1903; x_wconf 66' lang='lat'><em>³</em></span> <span class='ocrx_word' id='word_1_258' title='bbox 608 1892 753 1927; x_wconf 75' lang='lat' dir='ltr'>0010nia</span> <span class='ocrx_word' id='word_1_259' title='bbox 779 1893 930 1927; x_wconf 70' lang='lat' dir='ltr'>discedit</span> <span class='ocrx_word' id='word_1_260' title='bbox 959 1892 1071 1936; x_wconf 81' lang='grc'>(666).</span> 
     </span>
     <span class='ocr_line' id='line_1_75' title="bbox 605 1951 1779 1998; baseline 0.001 -12"><span class='ocrx_word' id='word_1_261' title='bbox 605 1951 817 1998; x_wconf 83' lang='lat' dir='ltr'>Moguntiae</span> <span class='ocrx_word' id='word_1_262' title='bbox 842 1952 877 1986; x_wconf 91' lang='lat' dir='ltr'>in</span> <span class='ocrx_word' id='word_1_263' title='bbox 903 1951 1053 1995; x_wconf 87' lang='lat' dir='ltr'>collegio</span> <span class='ocrx_word' id='word_1_264' title='bbox 1072 1951 1262 1986; x_wconf 85' lang='lat' dir='ltr'>Societatis</span> <span class='ocrx_word' id='word_1_265' title='bbox 1281 1954 1447 1986; x_wconf 86' lang='lat' dir='ltr'>versatur</span> <span class='ocrx_word' id='word_1_266' title='bbox 1475 1952 1559 1995; x_wconf 82' lang='lat'>(173</span> <span class='ocrx_word' id='word_1_267' title='bbox 1590 1953 1654 1986; x_wconf 80' lang='lat'>176</span> <span class='ocrx_word' id='word_1_268' title='bbox 1685 1953 1779 1996; x_wconf 81' lang='lat'>180).</span> 
     </span>
    </p>
   </div>
   <div class='ocr_carea' id='block_1_45' title="bbox 608 2018 1778 2266">
    <p class='ocr_par' dir='ltr' id='par_1_51' title="bbox 608 2018 1778 2266">
     <span class='ocr_line' id='line_1_76' title="bbox 608 2018 1778 2074; baseline 0 -13"><span class='ocrx_word' id='word_1_269' title='bbox 608 2018 760 2074; x_wconf 84' lang='lat' dir='ltr'>Spirae</span> <span class='ocrx_word' id='word_1_270' title='bbox 802 2019 847 2061; x_wconf 88' lang='lat' dir='ltr'>P.</span> <span class='ocrx_word' id='word_1_271' title='bbox 882 2018 1158 2060; x_wconf 84' lang='lat' dir='ltr'>Lamberturn</span> <span class='ocrx_word' id='word_1_272' title='bbox 1193 2019 1311 2059; x_wconf 87' lang='lat' dir='ltr'>Auer</span> <span class='ocrx_word' id='word_1_273' title='bbox 1348 2018 1388 2060; x_wconf 89' lang='lat' dir='ltr'>S.</span> <span class='ocrx_word' id='word_1_274' title='bbox 1413 2018 1467 2068; x_wconf 82' lang='lat' dir='ltr'>J.‚</span> <span class='ocrx_word' id='word_1_275' title='bbox 1512 2018 1553 2060; x_wconf 92' lang='lat' dir='ltr'>in</span> <span class='ocrx_word' id='word_1_276' title='bbox 1597 2019 1778 2061; x_wconf 86' lang='lat' dir='ltr'>ecclesia</span> 
     </span>
     <span class='ocr_line' id='line_1_77' title="bbox 665 2083 1776 2133; baseline 0.001 -8"><span class='ocrx_word' id='word_1_277' title='bbox 665 2083 902 2126; x_wconf 87' lang='lat' dir='ltr'>cathedrali</span> <span class='ocrx_word' id='word_1_278' title='bbox 925 2083 1262 2133; x_wconf 85' lang='lat' dir='ltr'>contionantem,</span> <span class='ocrx_word' id='word_1_279' title='bbox 1296 2083 1456 2133; x_wconf 88' lang='lat' dir='ltr'>invisit,</span> <span class='ocrx_word' id='word_1_280' title='bbox 1492 2087 1536 2126; x_wconf 88' lang='lat' dir='ltr'>et</span> <span class='ocrx_word' id='word_1_281' title='bbox 1558 2084 1610 2125; x_wconf 87' lang='lat' dir='ltr'>de</span> <span class='ocrx_word' id='word_1_282' title='bbox 1635 2085 1776 2126; x_wconf 89' lang='lat' dir='ltr'>Socie-</span> 
     </span>
     <span class='ocr_line' id='line_1_78' title="bbox 664 2148 1775 2202; baseline -0.001 -11"><span class='ocrx_word' id='word_1_283' title='bbox 664 2149 769 2191; x_wconf 88' lang='lat' dir='ltr'>tatis</span> <span class='ocrx_word' id='word_1_284' title='bbox 812 2148 993 2201; x_wconf 84' lang='lat' dir='ltr'>collegio</span> <span class='ocrx_word' id='word_1_285' title='bbox 1037 2148 1081 2190; x_wconf 89' lang='lat' dir='ltr'>in</span> <span class='ocrx_word' id='word_1_286' title='bbox 1125 2149 1230 2190; x_wconf 91' lang='lat' dir='ltr'>urbe</span> <span class='ocrx_word' id='word_1_287' title='bbox 1275 2163 1351 2202; x_wconf 88' lang='lat' dir='ltr'>per</span> <span class='ocrx_word' id='word_1_288' title='bbox 1396 2148 1630 2202; x_wconf 88' lang='lat' dir='ltr'>capitulum</span> <span class='ocrx_word' id='word_1_289' title='bbox 1676 2164 1775 2191; x_wconf 91' lang='lat' dir='ltr'>con-</span> 
     </span>
     <span class='ocr_line' id='line_1_79' title="bbox 665 2213 1387 2266; baseline -0.001 -10"><span class='ocrx_word' id='word_1_290' title='bbox 665 2214 801 2256; x_wconf 89' lang='lat' dir='ltr'>dendo</span> <span class='ocrx_word' id='word_1_291' title='bbox 836 2214 1013 2256; x_wconf 85' lang='lat' dir='ltr'>consilia</span> <span class='ocrx_word' id='word_1_292' title='bbox 1047 2214 1217 2255; x_wconf 86' lang='lat' dir='ltr'>confert</span> <span class='ocrx_word' id='word_1_293' title='bbox 1250 2213 1387 2266; x_wconf 76' lang='lat'>(188).</span> 
     </span>
    </p>
   </div>
   <div class='ocr_carea' id='block_1_46' title="bbox 579 2288 1777 3073">
    <p class='ocr_par' dir='ltr' id='par_1_52' title="bbox 604 2288 1777 2335">
     <span class='ocr_line' id='line_1_80' title="bbox 604 2288 1777 2335; baseline -0.001 -11"><span class='ocrx_word' id='word_1_294' title='bbox 604 2288 775 2335; x_wconf 76' lang='lat' dir='ltr'>Dilingae</span> <span class='ocrx_word' id='word_1_295' title='bbox 793 2289 827 2323; x_wconf 90' lang='lat' dir='ltr'>in</span> <span class='ocrx_word' id='word_1_296' title='bbox 848 2289 1038 2323; x_wconf 86' lang='lat' dir='ltr'>Societatis</span> <span class='ocrx_word' id='word_1_297' title='bbox 1057 2289 1207 2331; x_wconf 84' lang='lat' dir='ltr'>collegio</span> <span class='ocrx_word' id='word_1_298' title='bbox 1234 2300 1279 2322; x_wconf 83' lang='lat' dir='ltr'>ex</span> <span class='ocrx_word' id='word_1_299' title='bbox 1305 2288 1497 2332; x_wconf 81' lang='lat' dir='ltr'>legationis</span> <span class='ocrx_word' id='word_1_300' title='bbox 1514 2288 1695 2323; x_wconf 86' lang='lat' dir='ltr'>laboribus</span> <span class='ocrx_word' id='word_1_301' title='bbox 1714 2301 1777 2334; x_wconf 83' lang='lat' dir='ltr'>per</span> 
     </span>
    </p>

    <p class='ocr_par' dir='ltr' id='par_1_53' title="bbox 584 2342 1190 2388">
     <span class='ocr_line' id='line_1_81' title="bbox 584 2342 1190 2388; baseline -0.003 -11"><span class='ocrx_word' id='word_1_302' title='bbox 584 2362 585 2388; x_wconf 74' lang='lat' dir='ltr'>l</span> <span class='ocrx_word' id='word_1_303' title='bbox 664 2347 742 2377; x_wconf 89' lang='lat' dir='ltr'>octo</span> <span class='ocrx_word' id='word_1_304' title='bbox 769 2343 844 2376; x_wconf 90' lang='lat' dir='ltr'>dies</span> <span class='ocrx_word' id='word_1_305' title='bbox 869 2354 908 2377; x_wconf 90' lang='lat' dir='ltr'>se</span> <span class='ocrx_word' id='word_1_306' title='bbox 933 2342 1050 2376; x_wconf 89' lang='lat' dir='ltr'>reficit</span> <span class='ocrx_word' id='word_1_307' title='bbox 1079 2342 1190 2385; x_wconf 75' lang='grc'>(189).</span> 
     </span>
    </p>

    <p class='ocr_par' dir='ltr' id='par_1_54' title="bbox 583 2390 1471 2441">
     <span class='ocr_line' id='line_1_82' title="bbox 583 2390 1471 2441; baseline -0.001 -13"><span class='ocrx_word' id='word_1_308' title='bbox 583 2390 805 2441; x_wconf 50' lang='lat' dir='ltr'>{Augustam</span> <span class='ocrx_word' id='word_1_309' title='bbox 834 2393 1106 2430; x_wconf 79' lang='lat' dir='ltr'>Vindelicormn</span> <span class='ocrx_word' id='word_1_310' title='bbox 1133 2395 1328 2429; x_wconf 75' lang='lat' dir='ltr'>revertitur</span> <span class='ocrx_word' id='word_1_311' title='bbox 1356 2394 1471 2438; x_wconf 82' lang='grc'>(191).</span> 
     </span>
    </p>

    <p class='ocr_par' dir='ltr' id='par_1_55' title="bbox 604 2454 1773 2550">
     <span class='ocr_line' id='line_1_83' title="bbox 604 2454 1773 2498; baseline -0.001 -9"><span class='ocrx_word' id='word_1_312' title='bbox 604 2455 804 2490; x_wconf 83' lang='lat' dir='ltr'>Cardinalis</span> <span class='ocrx_word' id='word_1_313' title='bbox 836 2454 1119 2488; x_wconf 85' lang='lat' dir='ltr'>Commendonus</span> <span class='ocrx_word' id='word_1_314' title='bbox 1156 2454 1298 2496; x_wconf 79' lang='lat' dir='ltr'>legatus</span> <span class='ocrx_word' id='word_1_315' title='bbox 1333 2454 1536 2498; x_wconf 86' lang='lat' dir='ltr'>pontificius</span> <span class='ocrx_word' id='word_1_316' title='bbox 1574 2454 1644 2495; x_wconf 89' lang='lat'>(17.</span> <span class='ocrx_word' id='word_1_317' title='bbox 1672 2454 1773 2488; x_wconf 73' lang='lat' dir='ltr'>Febr.</span> 
     </span>
     <span class='ocr_line' id='line_1_84' title="bbox 662 2507 1771 2550; baseline -0.002 -8"><span class='ocrx_word' id='word_1_318' title='bbox 662 2509 862 2550; x_wconf 80' lang='lat' dir='ltr'>Augustam</span> <span class='ocrx_word' id='word_1_319' title='bbox 874 2507 1064 2550; x_wconf 87' lang='lat' dir='ltr'>advectus)</span> <span class='ocrx_word' id='word_1_320' title='bbox 1079 2507 1115 2541; x_wconf 72' lang='lat' dir='ltr'>C.</span> <span class='ocrx_word' id='word_1_321' title='bbox 1128 2507 1353 2540; x_wconf 86' lang='lat' dir='ltr'>familiariter</span> <span class='ocrx_word' id='word_1_322' title='bbox 1367 2507 1417 2540; x_wconf 86' lang='lat' dir='ltr'>uti</span> <span class='ocrx_word' id='word_1_323' title='bbox 1434 2507 1557 2550; x_wconf 87' lang='lat' dir='ltr'>incipit</span> <span class='ocrx_word' id='word_1_324' title='bbox 1575 2508 1658 2548; x_wconf 88' lang='grc'>(196</span> <span class='ocrx_word' id='word_1_325' title='bbox 1676 2507 1771 2550; x_wconf 76' lang='grc'>198).</span> 
     </span>
    </p>

    <p class='ocr_par' dir='ltr' id='par_1_56' title="bbox 606 2560 1771 2656">
     <span class='ocr_line' id='line_1_85' title="bbox 606 2560 1771 2605; baseline -0.003 -8"><span class='ocrx_word' id='word_1_326' title='bbox 606 2563 640 2596; x_wconf 87' lang='lat' dir='ltr'>C.</span> <span class='ocrx_word' id='word_1_327' title='bbox 669 2560 860 2605; x_wconf 56' lang='lat' dir='ltr'>„Summcffl</span> <span class='ocrx_word' id='word_1_328' title='bbox 882 2561 925 2593; x_wconf 77' lang='grc' dir='ltr'>αἱ)</span> <span class='ocrx_word' id='word_1_329' title='bbox 953 2561 1027 2603; x_wconf 70' lang='lat' dir='ltr'>ipso</span> <span class='ocrx_word' id='word_1_330' title='bbox 1053 2561 1199 2593; x_wconf 74' lang='lat' dir='ltr'>multum</span> <span class='ocrx_word' id='word_1_331' title='bbox 1227 2561 1437 2603; x_wconf 72' lang='lat' dir='ltr'>locupletam</span> <span class='ocrx_word' id='word_1_332' title='bbox 1464 2560 1573 2592; x_wconf 73' lang='lat' dir='ltr'>latine</span> <span class='ocrx_word' id='word_1_333' title='bbox 1600 2562 1634 2593; x_wconf 73' lang='lat' dir='ltr'>in</span> <span class='ocrx_word' id='word_1_334' title='bbox 1664 2562 1771 2593; x_wconf 70' lang='lat' dir='ltr'>lucem</span> 
     </span>
     <span class='ocr_line' id='line_1_86' title="bbox 661 2613 1165 2656; baseline -0.002 -8"><span class='ocrx_word' id='word_1_335' title='bbox 661 2617 830 2648; x_wconf 75' lang='lat' dir='ltr'>emittitur</span> <span class='ocrx_word' id='word_1_336' title='bbox 860 2614 1024 2647; x_wconf 75' lang='lat' dir='ltr'>Coloniae</span> <span class='ocrx_word' id='word_1_337' title='bbox 1052 2613 1165 2656; x_wconf 73' lang='lat'>(804).</span> 
     </span>
    </p>

    <p class='ocr_par' dir='ltr' id='par_1_57' title="bbox 601 2666 1771 2764">
     <span class='ocr_line' id='line_1_87' title="bbox 601 2666 1771 2709; baseline -0.003 -7"><span class='ocrx_word' id='word_1_338' title='bbox 601 2669 640 2702; x_wconf 89' lang='lat' dir='ltr'>P.</span> <span class='ocrx_word' id='word_1_339' title='bbox 671 2669 845 2702; x_wconf 67' lang='lat' dir='ltr'>Ole&#39;oerc‘us</span> <span class='ocrx_word' id='word_1_340' title='bbox 871 2668 1069 2700; x_wconf 71' lang='lat' dir='ltr'>Mamm-eus</span> <span class='ocrx_word' id='word_1_341' title='bbox 1095 2667 1274 2699; x_wconf 72' lang='lat' dir='ltr'>Francsae</span> <span class='ocrx_word' id='word_1_342' title='bbox 1304 2666 1539 2709; x_wconf 64' lang='lat' dir='ltr'>provincialis</span> <span class='ocrx_word' id='word_1_343' title='bbox 1579 2666 1612 2699; x_wconf 71' lang='lat' dir='ltr'>G.</span> <span class='ocrx_word' id='word_1_344' title='bbox 1646 2668 1771 2709; x_wconf 74' lang='lat' dir='ltr'>„Sum-</span> 
     </span>
     <span class='ocr_line' id='line_1_88' title="bbox 660 2719 1769 2764; baseline 0 -11"><span class='ocrx_word' id='word_1_345' title='bbox 660 2719 774 2753; x_wconf 77' lang='lat' dir='ltr'>mam“</span> <span class='ocrx_word' id='word_1_346' title='bbox 785 2721 911 2764; x_wconf 67' lang='lat' dir='ltr'>yccllice</span> <span class='ocrx_word' id='word_1_347' title='bbox 924 2731 1056 2753; x_wconf 76' lang='lat' dir='ltr'>versam</span> <span class='ocrx_word' id='word_1_348' title='bbox 1073 2720 1310 2752; x_wconf 61' lang='lat' dir='ltr'>excudendum</span> <span class='ocrx_word' id='word_1_349' title='bbox 1328 2719 1520 2758; x_wconf 69' lang='lat' dir='ltr'>(Parisiis)</span> <span class='ocrx_word' id='word_1_350' title='bbox 1537 2724 1639 2752; x_wconf 72' lang='lat' dir='ltr'>curat</span> <span class='ocrx_word' id='word_1_351' title='bbox 1655 2719 1769 2762; x_wconf 75' lang='lat'>(476).</span> 
     </span>
    </p>

    <p class='ocr_par' dir='ltr' id='par_1_58' title="bbox 601 2770 1769 2868">
     <span class='ocr_line' id='line_1_89' title="bbox 601 2770 1769 2816; baseline -0.002 -9"><span class='ocrx_word' id='word_1_352' title='bbox 601 2773 638 2807; x_wconf 84' lang='lat' dir='ltr'>C.</span> <span class='ocrx_word' id='word_1_353' title='bbox 657 2773 758 2807; x_wconf 88' lang='lat' dir='ltr'>Dom.</span> <span class='ocrx_word' id='word_1_354' title='bbox 777 2772 1102 2816; x_wconf 78' lang='lat' dir='ltr'>Quinquagesiinae</span> <span class='ocrx_word' id='word_1_355' title='bbox 1129 2773 1328 2805; x_wconf 82' lang='lat' dir='ltr'>contionem</span> <span class='ocrx_word' id='word_1_356' title='bbox 1356 2771 1463 2804; x_wconf 79' lang='lat' dir='ltr'>habet</span> <span class='ocrx_word' id='word_1_357' title='bbox 1483 2770 1537 2813; x_wconf 83' lang='lat' dir='ltr'>(ut</span> <span class='ocrx_word' id='word_1_358' title='bbox 1555 2771 1712 2815; x_wconf 84' lang='lat' dir='ltr'>videtur)</span> <span class='ocrx_word' id='word_1_359' title='bbox 1734 2773 1769 2805; x_wconf 84' lang='lat' dir='ltr'>in</span> 
     </span>
     <span class='ocr_line' id='line_1_90' title="bbox 659 2825 1173 2868; baseline -0.002 -8"><span class='ocrx_word' id='word_1_360' title='bbox 659 2826 810 2860; x_wconf 85' lang='lat' dir='ltr'>ecclesia</span> <span class='ocrx_word' id='word_1_361' title='bbox 836 2825 1031 2860; x_wconf 82' lang='lat' dir='ltr'>cathedrali</span> <span class='ocrx_word' id='word_1_362' title='bbox 1063 2825 1173 2868; x_wconf 86' lang='grc'>(559).</span> 
     </span>
    </p>

    <p class='ocr_par' dir='ltr' id='par_1_59' title="bbox 579 2876 1767 2921">
     <span class='ocr_line' id='line_1_91' title="bbox 579 2876 1767 2921; baseline -0.002 -8"><span class='ocrx_word' id='word_1_363' title='bbox 579 2879 635 2914; x_wconf 57' lang='lat' dir='ltr'>2F.</span> <span class='ocrx_word' id='word_1_364' title='bbox 664 2879 723 2913; x_wconf 88' lang='lat' dir='ltr'>IV.</span> <span class='ocrx_word' id='word_1_365' title='bbox 760 2879 815 2912; x_wconf 90' lang='lat' dir='ltr'>die</span> <span class='ocrx_word' id='word_1_366' title='bbox 850 2879 1007 2912; x_wconf 87' lang='lat' dir='ltr'>cinerum</span> <span class='ocrx_word' id='word_1_367' title='bbox 1047 2878 1095 2920; x_wconf 90' lang='lat' dir='ltr'>(in</span> <span class='ocrx_word' id='word_1_368' title='bbox 1132 2876 1263 2921; x_wconf 85' lang='lat' dir='ltr'>templo</span> <span class='ocrx_word' id='word_1_369' title='bbox 1300 2876 1332 2910; x_wconf 91' lang='lat' dir='ltr'>S.</span> <span class='ocrx_word' id='word_1_370' title='bbox 1361 2877 1518 2919; x_wconf 84' lang='lat' dir='ltr'>Ioannis)</span> <span class='ocrx_word' id='word_1_371' title='bbox 1552 2876 1594 2910; x_wconf 93' lang='lat' dir='ltr'>de</span> <span class='ocrx_word' id='word_1_372' title='bbox 1629 2877 1767 2911; x_wconf 82' lang='lat' dir='ltr'>Davide</span> 
     </span>
    </p>

    <p class='ocr_par' dir='ltr' id='par_1_60' title="bbox 579 2923 1761 3026">
     <span class='ocr_line' id='line_1_92' title="bbox 579 2923 1761 2977; baseline -0.003 -11"><span class='ocrx_word' id='word_1_373' title='bbox 579 2923 580 2932; x_wconf 40' lang='lat'>¹</span> <span class='ocrx_word' id='word_1_374' title='bbox 657 2932 913 2977; x_wconf 84' lang='lat' dir='ltr'>paenitentiam</span> <span class='ocrx_word' id='word_1_375' title='bbox 950 2933 1079 2973; x_wconf 80' lang='lat' dir='ltr'>agente</span> <span class='ocrx_word' id='word_1_376' title='bbox 1115 2934 1150 2964; x_wconf 85' lang='lat' dir='ltr'>et</span> <span class='ocrx_word' id='word_1_377' title='bbox 1182 2931 1224 2964; x_wconf 84' lang='lat' dir='ltr'>de</span> <span class='ocrx_word' id='word_1_378' title='bbox 1250 2930 1475 2974; x_wconf 84' lang='lat' dir='ltr'>impositione</span> <span class='ocrx_word' id='word_1_379' title='bbox 1502 2929 1661 2964; x_wconf 79' lang='lat' dir='ltr'>cinerum</span> <span class='ocrx_word' id='word_1_380' title='bbox 1689 2943 1761 2964; x_wconf 87' lang='lat' dir='ltr'>con-</span> 
     </span>
     <span class='ocr_line' id='line_1_93' title="bbox 657 2984 1065 3026; baseline -0.005 -7"><span class='ocrx_word' id='word_1_381' title='bbox 657 2986 788 3019; x_wconf 86' lang='lat' dir='ltr'>tionem</span> <span class='ocrx_word' id='word_1_382' title='bbox 815 2984 922 3018; x_wconf 83' lang='lat' dir='ltr'>habet</span> <span class='ocrx_word' id='word_1_383' title='bbox 952 2984 1065 3026; x_wconf 85' lang='lat'>(562).</span> 
     </span>
    </p>

    <p class='ocr_par' dir='ltr' id='par_1_61' title="bbox 598 3035 1765 3073">
     <span class='ocr_line' id='line_1_94' title="bbox 598 3035 1765 3073; baseline -0.003 0"><span class='ocrx_word' id='word_1_384' title='bbox 598 3039 652 3073; x_wconf 82' lang='lat' dir='ltr'>Ex</span> <span class='ocrx_word' id='word_1_385' title='bbox 685 3038 722 3073; x_wconf 90' lang='lat' dir='ltr'>C.</span> <span class='ocrx_word' id='word_1_386' title='bbox 755 3037 935 3072; x_wconf 82' lang='lat' dir='ltr'>sententia</span> <span class='ocrx_word' id='word_1_387' title='bbox 970 3036 1161 3071; x_wconf 82' lang='lat' dir='ltr'>cardinalis</span> <span class='ocrx_word' id='word_1_388' title='bbox 1197 3035 1481 3070; x_wconf 87' lang='lat' dir='ltr'>Commendonus</span> <span class='ocrx_word' id='word_1_389' title='bbox 1516 3048 1536 3069; x_wconf 81' lang='lat' dir='ltr'>a</span> <span class='ocrx_word' id='word_1_390' title='bbox 1571 3036 1604 3070; x_wconf 88' lang='lat' dir='ltr'>S.</span> <span class='ocrx_word' id='word_1_391' title='bbox 1634 3036 1696 3070; x_wconf 87' lang='lat' dir='ltr'>Pio</span> <span class='ocrx_word' id='word_1_392' title='bbox 1722 3037 1765 3071; x_wconf 90' lang='lat' dir='ltr'>V.</span> 
     </span>
    </p>
   </div>
   <div class='ocr_carea' id='block_1_47' title="bbox 596 3088 1764 3187">
    <p class='ocr_par' dir='ltr' id='par_1_62' title="bbox 596 3088 1764 3187">
     <span class='ocr_line' id='line_1_95' title="bbox 656 3088 1578 3134; baseline -0.003 -9"><span class='ocrx_word' id='word_1_393' title='bbox 656 3091 848 3125; x_wconf 82' lang='lat' dir='ltr'>facultates</span> <span class='ocrx_word' id='word_1_394' title='bbox 874 3101 995 3124; x_wconf 84' lang='lat' dir='ltr'>sacras</span> <span class='ocrx_word' id='word_1_395' title='bbox 1022 3101 1154 3133; x_wconf 83' lang='lat' dir='ltr'>easque</span> <span class='ocrx_word' id='word_1_396' title='bbox 1181 3088 1318 3134; x_wconf 86' lang='lat' dir='ltr'>amplas</span> <span class='ocrx_word' id='word_1_397' title='bbox 1345 3090 1436 3133; x_wconf 75' lang='lat' dir='ltr'>petit</span> <span class='ocrx_word' id='word_1_398' title='bbox 1465 3089 1578 3131; x_wconf 86' lang='lat'>(576).</span> 
     </span>
     <span class='ocr_line' id='line_1_96' title="bbox 596 3140 1764 3187; baseline -0.003 -9"><span class='ocrx_word' id='word_1_399' title='bbox 596 3145 632 3179; x_wconf 88' lang='lat' dir='ltr'>F.</span> <span class='ocrx_word' id='word_1_400' title='bbox 660 3144 720 3178; x_wconf 91' lang='lat' dir='ltr'>VI.</span> <span class='ocrx_word' id='word_1_401' title='bbox 749 3144 785 3178; x_wconf 83' lang='lat' dir='ltr'>C.</span> <span class='ocrx_word' id='word_1_402' title='bbox 813 3143 855 3177; x_wconf 89' lang='lat' dir='ltr'>de</span> <span class='ocrx_word' id='word_1_403' title='bbox 892 3143 1111 3187; x_wconf 84' lang='lat' dir='ltr'>praestantia</span> <span class='ocrx_word' id='word_1_404' title='bbox 1147 3141 1319 3187; x_wconf 78' lang='lat' dir='ltr'>epistolae</span> <span class='ocrx_word' id='word_1_405' title='bbox 1350 3142 1383 3175; x_wconf 80' lang='lat' dir='ltr'>S.</span> <span class='ocrx_word' id='word_1_406' title='bbox 1408 3141 1526 3175; x_wconf 75' lang='lat' dir='ltr'>iacobi</span> <span class='ocrx_word' id='word_1_407' title='bbox 1561 3141 1596 3175; x_wconf 88' lang='lat' dir='ltr'>in</span> <span class='ocrx_word' id='word_1_408' title='bbox 1632 3140 1764 3184; x_wconf 82' lang='lat' dir='ltr'>templo</span> 
     </span>
    </p>
   </div>
   <div class='ocr_carea' id='block_1_48' title="bbox 652 3196 1248 3238">
    <p class='ocr_par' dir='ltr' id='par_1_63' title="bbox 652 3196 1248 3238">
     <span class='ocr_line' id='line_1_97' title="bbox 652 3196 1248 3238; baseline -0.003 -7"><span class='ocrx_word' id='word_1_409' title='bbox 652 3197 686 3231; x_wconf 88' lang='lat' dir='ltr'>S.</span> <span class='ocrx_word' id='word_1_410' title='bbox 714 3196 856 3231; x_wconf 88' lang='lat' dir='ltr'>Ioannis</span> <span class='ocrx_word' id='word_1_411' title='bbox 882 3196 1107 3230; x_wconf 86' lang='lat' dir='ltr'>contionatur</span> <span class='ocrx_word' id='word_1_412' title='bbox 1135 3196 1248 3238; x_wconf 89' lang='lat'>(562).</span> 
     </span>
    </p>
   </div>
   <div class='ocr_carea' id='block_1_49' title="bbox 593 411 599 964">
    <p class='ocr_par' dir='ltr' id='par_1_64' title="bbox 593 411 599 964">
     <span class='ocr_line' id='line_1_98' title="bbox 593 411 599 964; baseline 0 0"><span class='ocrx_word' id='word_1_413' title='bbox 593 411 599 964; x_wconf 95' lang='lat' dir='ltr'> </span> 
     </span>
    </p>
   </div>
   <div class='ocr_carea' id='block_1_50' title="bbox 585 1249 594 2103">
    <p class='ocr_par' dir='ltr' id='par_1_65' title="bbox 585 1249 594 2103">
     <span class='ocr_line' id='line_1_99' title="bbox 585 1249 594 2103; baseline 0 0"><span class='ocrx_word' id='word_1_414' title='bbox 585 1249 594 2103; x_wconf 95' lang='lat' dir='ltr'> </span> 
     </span>
    </p>
   </div>
   <div class='ocr_carea' id='block_1_51' title="bbox 1429 3253 1478 3286">
    <p class='ocr_par' dir='ltr' id='par_1_66' title="bbox 1429 3253 1478 3286">
     <span class='ocr_line' id='line_1_100' title="bbox 1429 3253 1478 3286; baseline 0 0"><span class='ocrx_word' id='word_1_415' title='bbox 1429 3253 1478 3286; x_wconf 68' lang='lat' dir='ltr'>d*</span> 
     </span>
    </p>
   </div>
  </div>
 </body>
</html>
