2077 3461
251 207 304 248 98
466 205 568 239 1243.
596 204 762 239 Canisius
789 204 1008 238 Theodorico
1036 203 1189 238 Canisio.
1231 204 1345 237 Roma
1372 204 1426 238 18.
1445 203 1665 248 Septembris
1692 203 1793 237 1565.

366 323 542 356 Polancns
567 321 637 355 iam
664 321 777 355 Roma
803 322 835 356 9.
863 321 956 355 Iunii
984 321 1074 355 1565
1102 321 1144 354 de
1172 320 1314 355 Canisio
1340 320 1384 354 ad
1414 319 1563 353 Hosium
1589 320 1607 339 *
1633 319 1849 364 scripserat:
1890 319 2006 362 „Inter

248 386 318 417 eos,
354 374 414 419 qui
448 374 518 409 huc
552 377 730 409 uenerunt
756 375 864 408 Pater
899 377 955 408 est
990 374 1186 414 Salmeron,
1219 375 1255 407 et
1291 373 1329 407 P.
1358 372 1534 413 canisius,
1570 372 1630 416 qui
1666 384 1773 416 quam
1807 372 2005 407 humillime

247 431 284 462 et
317 428 563 462 amantissime
589 439 668 462 cum
696 428 804 462 Patre
828 430 951 461 nostro
977 427 1112 461 vicario
1140 426 1331 460 Francisco
1358 426 1401 460 de
1426 425 1559 468 Borgia
1592 426 1754 460 salutant
1784 425 1825 460 D.
1852 426 1895 460 V.
1921 426 2003 460 Illu-

246 481 471 522 strissimam,
508 483 543 514 et
573 480 666 515 forte
692 481 825 515 scribet
850 480 889 514 P.
918 479 1101 514 Salmeron
1136 479 1250 520 hodie,
1286 478 1345 513 uel
1374 479 1538 523 sequenti
1569 478 1798 519 hebdomada,
1831 481 1865 512 et
1896 479 2004 513 Pater

246 534 354 568 etiam
388 533 584 568 Canisius.“
643 533 712 576 (Ex
743 545 866 578 apogr.
899 533 1009 567 eiusd.
1043 535 1151 577 temp.
1191 533 1330 575 „Germ
1367 532 1431 566 61“
1470 532 1494 566 f.
1528 531 1648 574 2932.)
1700 531 1883 565 Canisium
1920 535 2004 566 ante

246 586 278 620 d.
308 587 361 621 17.
388 586 608 631 Septembris
642 598 711 620 non
746 586 935 630 scripsisse
970 584 1088 627 colligi
1121 587 1240 630 potest
1265 597 1311 619 ex
1337 584 1436 618 Hosii
1462 584 1594 618 litteris
1621 585 1652 618 7.
1678 583 1885 619 Decembris
1914 585 2003 619 1565

245 639 289 673 ad
323 639 503 673 Canisium
539 640 643 674 datis.
694 641 829 673 Hosius
864 639 1078 681 Heilsberga
1116 639 1150 672 9.
1186 637 1343 681 Augusti
1380 638 1470 672 1565
1509 637 1552 672 ad
1591 638 1794 682 superiores
1828 638 2003 681 quasdam

246 692 392 727 Polanci
425 693 566 727 litteras
601 693 823 727 rescribens:
869 692 931 734 „D.
965 691 1006 725 V.
1044 692 1280 725 reverendum
1316 691 1497 725 dominum
1537 691 1730 725 vica1·iun1“
1772 691 2002 725 Franciscum

244 745 424 789 Borgiam,
459 746 585 790 inquit,
625 757 715 788 „vna
751 757 830 779 cum
868 745 907 778 P.
936 744 1139 778 Salmerone
1172 747 1206 778 et
1234 744 1376 778 Canisio
1411 744 1544 778 salutet
1579 744 1697 778 verbis
1728 744 1828 784 meis,
1862 743 2002 778 etiamsi

243 810 309 833 nec
335 800 489 834 salutem
520 799 571 832 illi
606 810 671 832 nec
706 799 831 832 literas
868 798 912 832 ad
947 809 1003 832 me
1038 798 1230 838 dederunt;
1267 797 1329 831 sed
1364 797 1416 831 sic
1451 800 1506 832 est
1532 809 1609 831 mos
1634 797 1787 837 illorum,
1813 797 2002 842 praecipue

244 852 284 886 P.
323 851 531 886 Salmeroni.
590 851 681 885 Nam
723 851 816 885 alter
857 851 1049 885 officiosior
1090 853 1211 885 tamen
1252 851 1325 885 est“
1367 850 1471 895 (Epp.
1507 851 1630 884 Nadal
1663 851 1696 884 Π
1729 850 1826 888 608).
1882 852 2001 894 Atque

243 905 458 949 Heilsberga
502 905 554 939 16.
589 904 802 938 Novembris
839 905 927 939 1565
975 904 1068 938 idern
1103 905 1236 939 Hosius
1277 904 1448 938 cardinali
1491 904 1752 939 Commendono
1786 903 1803 922 *
1836 904 2001 948 scripsit:

248 958 324 1000 ⁷,Si“
358 958 412 993 111.
439 958 481 992 D.
507 958 550 992 V.
590 958 742 1000 ⁷,uiderit
775 958 922 992 Petrum
949 957 1140 999 Canisium,
1175 957 1310 991 salutet
1343 957 1445 992 illum
1480 969 1621 1002 quoque
1656 957 1761 991 simul
1798 957 2002 1002 expostulet

244 1023 324 1046 cum
349 1011 420 1052 illo,
447 1011 539 1055 quod
567 1011 634 1045 mei
661 1023 808 1056 prorsus
834 1012 905 1045 iam
931 1012 980 1045 sit
1005 1010 1147 1052 oblitus,
1174 1023 1244 1045 non
1261 1010 1375 1044 solum
1395 1013 1515 1045 autem
1532 1011 1619 1055 ipse,
1645 1022 1770 1045 verum
1789 1013 1825 1044 et
1843 1010 2001 1045 Societas

243 1065 422 1104 vniuersa,
457 1076 520 1108 per
544 1067 657 1098 totam
684 1066 859 1098 aestatem
885 1064 973 1098 nihil
1000 1076 1019 1098 a
1047 1075 1226 1108 quoquam
1251 1063 1454 1098 litterarum
1481 1064 1612 1109 accepi.
1664 1063 1752 1097 Cum
1778 1075 1869 1097 nouo
1895 1063 2000 1098 Prae-

243 1119 357 1162 posito
384 1117 562 1157 Generali‚
598 1129 691 1151 noua
717 1117 814 1151 facta
840 1119 924 1151 sunt
951 1118 1086 1151 omnia“
1120 1117 1181 1160 (ex
1208 1116 1415 1162 archetypo,
1451 1117 1544 1161 quod
1580 1119 1635 1151 est
1669 1118 1703 1150 in
1739 1117 1884 1150 archivo
1910 1117 2000 1150 vati-

243 1182 341 1211 cano,
369 1171 451 1205 Cod.
482 1171 595 1213 „Lett.
623 1170 657 1204 di
683 1171 800 1204 Princ.
827 1171 890 1204 24*
922 1182 954 1204 n.
983 1171 1056 1213 56).

242 1284 394 1321 1243.
493 1285 708 1320 CANISIUS
734 1284 795 1320 P.
824 1283 1274 1320 THEUDORICO
1305 1282 1584 1320 CANISIO
1614 1283 1666 1320 S.
1687 1283 1757 1325 J..
1785 1284 1998 1319 Germaniae

407 1339 602 1384 superioris
628 1339 934 1384 viceprovinciali.
1378 1338 1491 1372 Roma
1520 1338 1573 1372 18.
1601 1337 1819 1382 Septembris
1849 1338 1948 1372 1565.

360 1409 414 1444 Ex
442 1410 652 1444 Theodorici
680 1410 813 1444 Canisii
839 1410 970 1444 litteris
995 1409 1239 1454 autographis.
1295 1409 1357 1451 „G.
1377 1409 1440 1453 Ep.
1467 1409 1538 1443 V1“
1568 1409 1592 1442 f.
1619 1409 1680 1442 92¹³
1706 1410 1776 1443 94³.

358 1481 543 1524 Equorum
565 1482 694 1524 pretia.
745 1482 784 1515 P.
813 1482 979 1514 Peltanns
1008 1481 1197 1523 Oeniponte
1222 1481 1382 1513 minister
1408 1485 1437 1513 et
1464 1485 1576 1513 rector
1599 1481 1758 1522 sulm-as.
1811 1480 1997 1513 Sociorum

241 1534 380 1566 scholae
408 1536 702 1577 inyolstadienses.

362 1606 397 1638 P.
422 1606 658 1638 Theodorz'eus·
686 1605 851 1638 Canisius
877 1605 1178 1647 mssceprovineialis
1203 1605 1352 1646 Dilinya
1381 1607 1433 1636 11.
1457 1604 1613 1637 Octobris
1633 1605 1721 1636 1565
1748 1604 1795 1635 ad
1821 1604 1858 1637 S.
1877 1604 1997 1636 Fran-

241 1659 366 1691 ciscnm
393 1659 562 1702 Bor-qiam
590 1660 835 1701 praepositam
857 1658 1053 1701 generalem
1079 1658 1215 1690 litteras
1245 1658 1349 1699 dedit,
1385 1658 1420 1689 rln
1459 1657 1583 1699 quibus
1616 1657 1710 1699 haec.
1739 1661 1885 1698 praeter
1909 1658 1994 1701 alia,

240 1713 393 1744 rettulit:
420 1714 450 1744 1.
478 1713 530 1745 De
549 1712 610 1754 „R
632 1709 834 1744 Stanislao“
862 1711 1096 1744 Rosdracee-io
1124 1708 1300 1753 „Polono“
1328 1711 1440 1743 Roma
1467 1711 1651 1752 Diltnqam
1677 1711 1825 1752 advecto,
1853 1713 1889 1741 nt
1916 1711 1997 1743 inde

241 1765 312 1808 ,‚M.
339 1763 496 1797 anam“
529 1765 734 1797 Cracorium
761 1765 856 1804 (cide
880 1775 991 1806 supra
1011 1775 1048 1806 p.
1079 1764 1117 1804 1)
1152 1775 1269 1796 secam
1303 1765 1339 1795 in
1370 1763 1553 1796 Poloniam
1579 1763 1783 1795 conduceret
1809 1763 1856 1795 ad
1882 1764 1995 1796 Socie-

238 1819 322 1850 tatis
341 1818 521 1860 colleqinm
540 1818 718 1850 Pultoviae
732 1817 920 1858 (Paltusk)
937 1817 1172 1850 incohandum·
1186 1817 1412 1859 (Sacchinns,
1430 1816 1524 1849 Hist.
1545 1816 1580 1849 S.
1596 1816 1632 1849 J.
1651 1817 1723 1858 III,
1741 1817 1762 1849 l.
1779 1818 1810 1857 1,
1831 1827 1862 1849 n.
1881 1818 1900 1848 7
1917 1818 1993 1849 115.

240 1872 339 1904 Stan.
367 1871 535 1903 Zai‘enski
572 1871 606 1903 S.
634 1872 682 1912 J„
718 1871 858 1903 Jezmtci
884 1881 913 1902 w
939 1871 1057 1903 Polsce.
1081 1870 1110 1913 Ι,
1148 1870 1265 1903 Lwow
1293 1872 1394 1913 1900,
1430 1870 1541 1910 171).·
1576 1870 1628 1902 Hi
1658 1871 1739 1911 duo,
1775 1880 1850 1901 cnm
1878 1870 1994 1912 [προί-

238 1924 393 1957 stadium
419 1924 568 1965 abirent,
603 1928 833 1966 „tu-ceperunt
859 1950 866 1956 .
887 1949 894 1956 .
914 1950 921 1956 .
949 1934 971 1955 α
999 1923 1096 1956 nobis
1121 1924 1209 1956 duos
1235 1934 1338 1966 equos
1363 1923 1460 1955 albos
1488 1922 1614 1955 isthinc
1639 1923 1816 1963 adductos,
1843 1933 1994 1964 qnorum

239 1977 356 2009 maior
377 1979 429 2016 (vt
452 1977 572 2009 scribit
592 1978 818 2009 Reum-endas
834 1981 936 2019 pater
957 1977 1141 2016 Canisius)
1162 1977 1294 2009 Romae
1312 1980 1445 2018 emptus
1464 1980 1509 2008 est
1528 1978 1573 2008 19
1590 1976 1726 2008 ducatis
1735 1988 1749 2016 ‚·
1774 1976 1898 2008 Minor
1914 1987 1993 2008 vero

241 2032 284 2062 κδ’
317 2030 454 2062 ducatis
488 2035 517 2062 et
555 2033 573 2062 1
599 2028 766 2071 floreno“.
817 2032 848 2062 2.
878 2031 929 2062 De
961 2030 1001 2063 P.
1032 2030 1212 2062 Theodoro
1239 2030 1384 2062 Peltano
1420 2030 1467 2061 ad
1503 2029 1684 2071 colleyimn
1720 2029 1991 2071 oenipontanum

237 2083 311 2116 loeo
347 2084 385 2116 P.
413 2084 541 2126 Dyrsii
575 2084 763 2125 reyendmn
792 2094 860 2125 per
892 2084 1061 2125 Boryiam
1098 2084 1298 2125 desiynato:
1334 2083 1541 2125 „Doctorem
1574 2082 1769 2124 Peltannm,
1805 2082 1994 2114 discedenti

238 2136 342 2168 Patri
367 2137 500 2179 Dyrsz'o
526 2136 720 2178 aliquando
750 2137 935 2178 Oeniponti
959 2136 1149 2176 succedere,
1187 2140 1216 2168 et
1241 2137 1384 2168 interim
1410 2136 1574 2168 Bline'stri
1598 2146 1740 2167 manere
1768 2135 1864 2167 illlzic
1887 2135 1994 2177 fnnyi

237 2189 367 2231 debere,
403 2201 445 2222 ex
476 2190 588 2221 literis
616 2189 790 2221 intellexi:
825 2189 956 2222 Scribit
982 2194 1096 2222 tamen
1122 2189 1350 2221 Reaerendas
1376 2188 1414 2221 P.
1446 2189 1611 2220 Cam'sius
1636 2188 1683 2220 ad
1707 2199 1759 2220 me
1785 2192 1816 2220 rt
1840 2188 1872 2220 si
1896 2188 1991 2229 diffi-

238 2243 381 2275 cultates
407 2244 501 2275 circa
527 2242 620 2274 hunc
640 2246 780 2284 patrem
805 2243 947 2284 aliquae
972 2246 1206 2283 occurrerent,
1232 2242 1314 2274 ilico
1340 2252 1397 2274 eas
1422 2241 1535 2273 isthac
1553 2238 1840 2283 perscriberem.“
1881 2243 1912 2274 3.
1939 2241 1993 2273 De

236 2295 438 2327 litterarum
472 2300 502 2327 et
535 2295 768 2327 humanitatis
792 2295 928 2337 scholis,
964 2306 1051 2337 <leuis
1087 2295 1182 2328 Socii
1217 2295 1428 2336 Inqolstadii
1461 2294 1632 2326 habebant
1668 2294 1891 2326 universitati
1920 2304 1991 2326 non

238 2349 434 2389 adiunctas,
463 2350 497 2381 in
522 2349 677 2390 qratiam
705 2346 947 2391 ‚,seminarii“‚
975 2350 1009 2380 in
1038 2359 1105 2390 (μισ
1131 2359 1173 2380 ωε
1192 2348 1381 2390 proximae
1405 2347 1684 2389 conyreyationis
1698 2347 1874 2388 yeneralis
1886 2357 1992 2388 prae-

237 2405 330 2443 cepto
355 2402 453 2443 [ride
480 2402 581 2443 infra
606 2412 696 2434 mon.
723 2402 761 2434 it.
781 2400 889 2442 (22)]
915 2402 1097 2434 Societatis
1120 2402 1256 2442 fratres
1281 2400 1479 2433 scholastici
1504 2400 1783 2440 instituerentur,
1810 2399 1970 2432 tollendis
1980 2411 1992 2431 .-

240 2454 410 2497 „Scripsit
434 2454 499 2487 hac
533 2465 575 2487 ez
608 2455 688 2487 vrbe
712 2454 939 2487 Reuerendns
965 2454 1072 2486 Pater
1098 2454 1340 2486 Pronincialis
1375 2456 1502 2496 noster,
1542 2454 1657 2485 Visum
1692 2453 1794 2484 isthic
1822 2452 1991 2494 patribus

235 2508 356 2550 fuisse,
383 2512 415 2540 rt
430 2509 602 2550 priuatae
626 2512 830 2540 nostrormn
854 2507 991 2540 scholae
1009 2507 1227 2549 Jnyolstadij
1251 2507 1342 2539 bona
1369 2507 1547 2539 occasione
1572 2506 1753 2548 tollantur,
1781 2516 1848 2548 quo
1872 2507 1990 2537 maias

238 2560 333 2593 illhic
358 2565 561 2594 nostrornm
586 2562 816 2593 seminarimn
841 2561 1033 2592 sustentare?
1056 2561 1175 2602 possit.
1227 2560 1304 2592 Hoc
1330 2560 1514 2592 consilinm
1535 2563 1640 2601 pater
1666 2562 1695 2591 et
1719 2559 1818 2591 nohis
1838 2555 1987 2600 placet.“

355 2612 502 2654 Quando
530 2613 693 2646 Canisius
719 2612 915 2656 scripserit,
946 2624 991 2645 ex
1021 2613 1229 2645 leeodorici
1257 2613 1397 2645 Canisii
1422 2611 1554 2645 litteris
1580 2611 1723 2654 Dilinga
1752 2611 1804 2644 12.
1824 2609 1989 2643 Octobris

238 2665 326 2698 1565
363 2665 456 2699 datis
484 2666 581 2706 (vide
616 2666 709 2699 infra
743 2677 777 2700 n.
806 2665 925 2707 1249),
962 2664 1091 2708 quibus
1117 2664 1358 2698 Theodoricus
1393 2664 1500 2698 Petro
1536 2664 1638 2697 fratri
1673 2663 1901 2703 rescribebat,
1937 2663 1986 2696 in-

235 2718 427 2760 tellegitur.
478 2718 548 2752 Ubi
574 2718 835 2752 Theodoricus:
877 2718 1137 2760 „Postremae“,
1172 2717 1309 2761 inquit,
1349 2728 1459 2760 „quas
1494 2728 1514 2750 a
1540 2716 1754 2750 Reuerentia
1788 2715 1826 2749 T.
1854 2716 1985 2760 accepi,

239 2771 280 2804 18
306 2772 519 2815 septembris
545 2771 650 2805 datae
676 2771 851 2805 fuerunt.“
906 2770 1002 2812 Quae
1028 2770 1170 2805 litterae
1196 2770 1332 2815 perisse
1359 2770 1536 2804 videntur.

354 2824 650 2867 Congregationis
669 2824 850 2858 decretum
868 2824 910 2858 de
928 2824 1060 2858 scholis
1083 2823 1424 2867 ingolstadiensibus
1442 2823 1554 2856 latum
1574 2834 1608 2856 v,
1622 2821 1715 2855 infra
1733 2833 1825 2855 mon.
1840 2821 1877 2855 it.
1895 2820 1984 2865 (31).

236 2941 384 2978 1244.
483 2943 785 2980 SANCTUS
827 2942 1251 2980 FRANCISCUS
1294 2943 1385 2978 DE
1424 2940 1714 2983 BGRGIA,
1758 2943 1984 2987 praepositus

400 2997 578 3040 generalis
606 2997 795 3032 Societatis
822 2998 912 3040 Iesu,
940 2997 1140 3032 CANISIO.
1365 2997 1478 3030 Roma
1504 2996 1558 3029 23.
1587 2995 1806 3039 Septembris
1835 2996 1934 3030 1565.

352 3072 407 3106 Ex
443 3074 705 3114 commentario,
741 3074 842 3107 cuius
876 3075 998 3118 partes
1032 3073 1172 3117 aliquas
1205 3073 1282 3117 ipse
1312 3073 1497 3114 Focaneus,
1534 3070 1721 3104 Societatis
1756 3070 1981 3112 secretarius,

235 3125 388 3170 scripsit.
440 3124 522 3159 cod.
558 3126 729 3166 „Decreta
764 3128 799 3159 et
834 3126 1014 3160 Instructi.
1068 3125 1318 3160 1540—1573“
1348 3124 1372 3158 f.
1401 3124 1479 3158 36³.
1531 3123 1677 3157 Litteris
1713 3134 1799 3157 usus
1833 3135 1911 3157 sum
1946 3124 1982 3156 in

236 3177 447 3222 „Stimmen“
476 3180 543 3212 etc.
570 3177 681 3210 LXXI
709 3179 763 3212 61.
