2045 3471
353 186 447 220 Mon.
467 186 536 221 659
562 186 640 221 sive
666 197 748 230 aug.
770 185 808 228 (b
829 185 901 229 16).
939 187 971 220 A
997 187 1029 221 d.
1049 186 1105 220 27.
1124 185 1224 220 Febr.
1245 186 1288 220 ad
1312 186 1369 220 22.
1388 185 1473 220 Maii
1494 185 1597 220 1566.
1769 187 1851 228 567

88 303 174 349 quid
200 315 265 337 nos
291 302 467 337 Catholici
493 304 536 338 de
561 304 632 338 illis
659 304 856 341 credamus.
892 304 1125 348 quantumuis
1156 303 1268 338 inuidi
1292 303 1395 338 nobis
1421 303 1494 337 sint
1519 303 1675 347 quidam,
1712 304 1747 336 et
1773 313 1852 336 000-

89 356 204 401 trarij,
231 358 267 390 et
292 355 423 390 idcirco
445 367 510 391 nos
528 356 732 391 Catholicos
750 357 1040 402 werckprediger
1057 357 1252 398 nominant,
1280 358 1316 390 et
1340 357 1636 401 persequuntur.“
1675 355 1853 395 Ostendit,

90 409 251 444 homines
285 421 354 443 non
389 421 494 454 posse
530 410 605 444 suis
640 410 816 454 operibus,
852 411 929 444 sine
964 410 1082 453 gratia
1108 409 1173 444 Dei
1209 413 1245 443 et
1271 409 1398 444 merito
1426 409 1571 450 Christi,
1606 408 1851 442 remissionem

89 464 317 507 peccatorum
343 463 471 496 mereri
497 475 562 497 nec
589 464 645 507 pie
671 463 816 504 vivere;
851 475 967 507 neque
994 474 1111 507 opera,
1139 474 1231 507 quae
1258 463 1301 497 ab
1327 462 1528 497 hominibus
1555 474 1622 496 non
1649 460 1854 495 iustificatis

88 515 188 557 fiant,
210 527 260 549 ex
278 527 316 549 se
334 527 439 560 posse
458 516 537 550 illos
556 516 630 550 Deo
649 518 772 558 gratos
791 516 939 550 reddere
957 517 1035 550 sive
1058 516 1254 550 iustificare
1266 529 1273 557 ;
1300 527 1414 560 neque
1440 517 1559 549 tamen
1586 515 1649 549 illa
1674 515 1793 549 omnia
1818 514 1853 548 in

89 571 318 613 peccatorum
351 581 499 604 numero
533 569 696 603 habenda
732 581 822 608 esse,
857 569 918 603 ses]
955 580 1062 614 saepe
1093 569 1247 603 multum
1273 568 1444 603 utilitatis
1470 569 1598 602 afferre
1624 579 1729 612 posse
1757 567 1796 609 (l.
1823 578 1853 601 0.

88 622 113 656 f.
140 621 342 664 6312—662).
381 621 464 656 Sine
490 622 556 656 die.
593 622 717 657 Contio
743 622 866 656 habita
893 623 926 655 in
953 622 1087 667 templo
1113 622 1147 656 S.
1167 622 1310 656 Ioannis
1335 622 1436 659 feria.
1463 623 1503 655 ut
1529 621 1683 661 videtur,
1709 621 1753 654 ΙΙ.
1774 622 1854 664 post

89 674 190 709 Dom.
218 674 318 709 Pass.
346 674 424 709 sive
451 675 632 720 1.Aprilis
661 675 760 710 1566.

213 728 284 768 „De
318 727 419 761 bonis
454 728 620 772 operibus
654 728 811 762 fidelium
847 730 883 762 et
918 727 1125 762 infidelium.
1177 728 1322 762 Summa
1347 727 1527 762 concionis
1562 726 1747 772 proximae
1772 725 1854 767 fuit,

88 780 173 824 quid
201 780 375 815 Catholici
402 780 550 814 credant
584 784 620 814 et
645 781 796 815 doceant
821 781 864 815 de
890 781 1057 825 operibus
1091 781 1213 815 bonis“
1243 782 1310 815 etc.
1365 780 1487 822 „Nunc
1513 779 1687 823 loquendo
1713 781 1852 813 tantum

88 833 132 867 de
158 833 324 877 operibus
358 833 459 868 bonis
490 833 668 867 fidelium“
699 836 766 868 etc.
818 833 953 868 Deinde
979 833 1065 867 dicit
1095 834 1157 876 „de
1184 834 1317 878 triplici
1343 833 1486 867 iusticia
1512 844 1624 877 eaque
1649 832 1854 866 necessaria

87 886 133 920 ad
159 886 312 920 salutem
340 889 376 920 et
401 887 436 920 in
463 886 650 930 scripturis
677 887 902 932 proposita“:
931 898 1011 921 eam
1035 890 1155 921 autem
1183 887 1338 921 ostendit
1365 898 1463 921 esse:
1495 886 1689 928 ,iustitiam
1709 884 1853 925 Christi,

87 939 263 973 iustitiam
289 939 382 978 fidei,
410 939 583 973 iustitiam
611 941 791 984 operum“.
836 940 1022 974 Postremo
1049 941 1162 981 docet,
1193 940 1297 984 „quid
1324 940 1553 974 iudicandum
1579 939 1622 973 de
1648 938 1853 983 praedican-

87 991 183 1026 tibus
209 992 389 1026 iusticiam
406 992 489 1026 fidei
508 995 648 1027 tantum
676 995 711 1027 et
727 1005 797 1027 non
816 1005 973 1037 operum,
1000 993 1094 1027 sicut
1119 1005 1213 1027 011110
1239 994 1376 1027 faciunt
1401 993 1535 1038 passim
1561 992 1719 1026 ridentes
1745 992 1853 1025 etiam

86 1057 234 1090 operum
259 1045 560 1090 praedicatores“.
604 1046 772 1090 Sequitur
798 1045 918 1080 brevis
949 1045 1115 1088 „Summa
1141 1046 1339 1080 concionis“
1373 1046 1411 1089 (l.
1430 1057 1459 1080 c.
1478 1047 1502 1080 f.
1523 1045 1723 1088 66b—70b).
1771 1045 1854 1079 Sine

89 1098 155 1132 die.
199 1097 324 1132 Contio
349 1098 473 1133 habita
499 1099 535 1132 in
560 1099 695 1144 templo
723 1099 755 1133 S.
784 1099 926 1133 1030015
952 1099 1052 1139 feria.
1081 1101 1118 1132 ut
1144 1100 1298 1139 videtur,
1327 1099 1384 1133 IV.
1413 1101 1494 1143 post
1521 1098 1620 1132 Dom.
1647 1098 1747 1132 Pass.
1775 1098 1853 1132 sive

88 1151 120 1186 3.
139 1151 274 1196 Aprilis
303 1152 404 1186 1566.

210 1204 282 1245 „De
307 1205 458 1239 historia
483 1205 751 1248 Magdalenae.“
794 1205 1004 1250 „Triplicem
1031 1216 1218 1250 personam
1246 1208 1282 1239 01
1311 1205 1412 1239 valde
1439 1205 1660 1239 differentem
1688 1204 1852 1249 proponit

86 1257 153 1291 hoc
171 1257 429 1301 Euangelium“
451 1260 518 1293 010.
561 1258 794 1302 Significatur
820 1261 938 1292 autem
966 1258 1127 1295 historia,
1155 1270 1246 1302 quae
1273 1260 1395 1292 exstat
1414 1258 1461 1292 Lc
1481 1259 1511 1298 7,
1532 1257 1682 1292 36—50.
1729 1257 1851 1299 „Nunc

87 1311 131 1345 de
157 1311 373 1354 Magdalena
406 1311 482 1346 sola
517 1323 676 1355 agemus,
713 1323 804 1356 quae
830 1323 898 1345 non
925 1312 1038 1345 solum
1066 1312 1134 1346 fuit
1161 1312 1217 1345 ein
1243 1312 1413 1346 sunderin
1445 1311 1506 1346 sed
1534 1311 1640 1346 etiam
1668 1310 1852 1345 busserein

89 1363 158 1398 imo
191 1364 375 1409 exemplar
408 1367 445 1399 et
469 1365 646 1408 magistra
681 1365 838 1399 omnium
874 1367 1103 1410 peccatorum
1130 1366 1190 1408 qui
1217 1376 1256 1399 se
1282 1366 1431 1409 cupiunt
1457 1376 1536 1399 01101
1564 1364 1706 1399 Christo
1733 1375 1851 1398 recon-

87 1417 210 1451 ciliare
245 1420 280 1451 et
314 1418 358 1452 ad
385 1429 507 1452 veram
538 1430 662 1463 pacem
695 1418 912 1462 peruenire.“
967 1417 1019 1451 De
1046 1418 1262 1461 Magdalena
1289 1418 1453 1452 Canisius
1479 1417 1577 1459 haec,
1604 1419 1747 1462 praeter
1772 1416 1852 1457 alia,

87 1471 343 1505 considerando
377 1472 561 1516 proponit:
602 1471 842 1513 „Confitentes
877 1473 1043 1515 spectent
1077 1470 1281 1516 exemplum
1317 1471 1584 1514 Magdalenae.“
1652 1469 1852 1512 „Quomodo

86 1524 200 1558 seruit
226 1523 461 1568 Euangelium
490 1524 852 1558 connnunicantibus“
886 1524 924 1564 (l.
945 1536 973 1558 0.
993 1524 1017 1558 f.
1039 1524 1239 1567 7322—7512).
1284 1524 1367 1558 Sine
1394 1525 1459 1558 die.
1502 1523 1738 1567 Evangelium
1765 1523 1852 1557 illud

88 1576 123 1610 in
148 1576 292 1620 liturgia
320 1580 521 1619 augustana
547 1577 646 1611 hisce
672 1577 797 1611 diebus
822 1589 892 1611 non
919 1580 1121 1622 comparem
1148 1577 1282 1621 legitur
1307 1588 1392 1611 vero
1420 1589 1464 1610 ex
1490 1577 1561 1610 ritu
1588 1576 1721 1610 ordinis
1749 1576 1852 1610 Prae-

87 1629 284 1664 dicatorum
315 1630 369 1671 (ut
395 1642 439 1664 ex
462 1642 607 1664 romano
634 1642 774 1674 quoque
792 1630 941 1674 legitur)
971 1631 1060 1664 feria
1078 1630 1120 1665 V.
1143 1633 1224 1675 post
1241 1630 1460 1664 Dominicam
1482 1630 1665 1664 Passionis
1681 1630 1700 1663 ¹.
1736 1628 1852 1671 Quare

86 1682 179 1717 hanc
214 1684 416 1718 contionem
443 1684 475 1718 4.
494 1684 631 1728 Aprilis
659 1685 750 1719 1566
776 1684 811 1717 in
837 1684 971 1728 templo
999 1684 1033 1718 S.
1053 1683 1269 1718 Catharinae
1305 1684 1339 1717 in
1366 1684 1519 1727 gratiam
1554 1682 1768 1717 feminarum
1793 1694 1852 1716 no-

86 1735 221 1776 bilium,
248 1747 338 1780 quas
363 1748 472 1781 supra
499 1737 583 1779 dixi,
611 1737 767 1771 habitam
797 1748 874 1771 esse
902 1748 1048 1778 censeo:
1077 1737 1169 1781 quod
1188 1737 1359 1781 templum
1380 1739 1456 1771 erat
1474 1736 1608 1770 ordinis
1626 1736 1852 1770 dominicani.

208 1789 281 1831 „De
315 1790 495 1824 erroribus
531 1790 816 1824 aduersariorum
858 1790 953 1825 circa
991 1802 1098 1835 opera
1136 1791 1288 1824 bona.“a
1343 1791 1408 1832 „Jn
1448 1790 1586 1824 duabus
1626 1789 1852 1823 concionibus

86 1842 285 1886 proximis2
318 1845 374 1877 est
408 1843 633 1886 assignatum
668 1843 751 1887 quid
779 1844 954 1878 Catholici
991 1844 1139 1878 credant
1173 1846 1209 1878 et
1235 1844 1386 1878 doceant
1421 1844 1463 1877 de
1498 1843 1663 1888 operibus
1689 1843 1791 1876 bonis
1817 1844 1852 1876 et

87 1895 119 1930 2.
151 1895 342 1940 vnicuique
377 1908 466 1941 opus
501 1908 579 1931 esse
614 1897 793 1941 triplicem
829 1897 1028 1931 iusticiam*
1066 1899 1133 1932 etc.
1189 1897 1311 1939 „Nunc
1345 1898 1513 1942 proposui
1548 1896 1730 1930 declarare
1766 1895 1851 1940 quid

86 1949 259 1993 impediat
293 1949 519 1984 aduersarios
553 1951 646 1994 quod
675 1950 895 1984 Catholicam
933 1950 1130 1984 doctrinam
1166 1962 1236 1985 non
1272 1953 1460 1995 acceptent
1495 1950 1556 1984 sed
1584 1952 1792 1994 oppugnent
1816 1949 1850 1982 in

85 2001 209 2036 multis
236 2003 407 2047 partibus,
435 2003 600 2047 quodque
626 2003 732 2046 longe
758 2003 863 2037 aliter
889 2004 1039 2038 doceant
1066 2015 1172 2048 quam
1200 2003 1385 2045 Catholici,
1421 2015 1551 2046 magno
1577 2014 1657 2037 cum
1683 2002 1851 2037 scandalo

86 2057 123 2089 et
154 2055 311 2099 periculo
346 2056 577 2090 animarum.⁴‘
633 2056 797 2091 Canisius
833 2057 896 2091 1105
931 2059 1095 2091 recenset
1130 2059 1165 2090 et
1199 2057 1335 2091 refutat
1370 2068 1527 2091 errores:
1566 2057 1594 2090 1.
1631 2055 1748 2100 Opera
1782 2067 1850 2089 non

86 2120 192 2153 posse
216 2120 294 2143 esse
320 2109 412 2143 bona
436 2109 505 2143 nisi
532 2121 623 2154 quae
654 2110 727 2153 „dei
748 2111 856 2144 verbo
875 2113 1043 2144 contenta
1070 2115 1105 2144 01
1122 2111 1335 2155 praecepta“
1358 2110 1439 2144 sint.
1484 2109 1515 2144 2.
1543 2109 1661 2154 Opera
1679 2109 1852 2143 Christia-

87 2173 212 2195 norum
235 2162 314 2196 fieri
344 2174 408 2204 „ex
433 2165 562 2196 natura
589 2165 756 2208 corrupta
782 2163 936 2197 filiorum
965 2163 1062 2197 Adae
1088 2164 1165 2197 sine
1190 2164 1258 2197 fide
1285 2166 1321 2197 et
1346 2164 1422 2197 sine
1449 2163 1610 2207 spiritu‘.
1663 2162 1694 2196 3.
1725 2161 1851 2204 „Prae-

86 2216 191 2260 cepta
217 2215 271 2248 dei
298 2215 532 2260 impossibilia
558 2227 637 2250 esse
663 2216 792 2260 quibus
818 2228 920 2251 nemo
947 2217 1179 2251 satisfaciat.“
1233 2218 1265 2251 4.
1294 2216 1412 2262 Opera
1438 2227 1505 2250 non
1533 2227 1612 2249 esse
1638 2215 1852 2256 necessaria,

86 2269 119 2303 5.
148 2267 216 2309 vel,
252 2268 280 2302 si
316 2269 520 2303 necessaria
555 2270 637 2308 sint,
673 2271 830 2314 praemia
865 2282 934 2304 0011
965 2270 1117 2312 „habere
1143 2270 1210 2304 nisi
1238 2269 1459 2314 temporalia,
1496 2269 1553 2302 uel
1579 2269 1608 2302 si
1636 2268 1850 2312 spiritualia,

87 2332 155 2355 non
182 2323 303 2355 tamen
330 2323 511 2362 aeterna“,
538 2323 570 2356 6.
598 2322 655 2356 vel
682 2323 711 2356 si
739 2323 897 2367 praemia
924 2325 1070 2356 aeterna
1096 2323 1262 2362 habeant,
1294 2326 1433 2364 „tamen
1460 2334 1529 2356 non
1548 2333 1626 2355 esse
1644 2321 1846 2355 meritoria“

89 2374 128 2415 (1.
155 2385 184 2408 0.
211 2374 235 2407 f.
264 2374 464 2418 7Ob—722).
514 2375 596 2409 Sine
632 2375 697 2409 die.
751 2375 875 2410 Contio
910 2375 1034 2409 habita
1069 2378 1124 2409 est
1160 2377 1193 2409 in
1230 2375 1363 2420 templo
1400 2375 1433 2409 S.
1462 2375 1603 2409 Ioannis
1638 2375 1746 2414 feria,
1782 2374 1850 2409 nisi

86 2427 204 2468 fallor,
241 2427 301 2461 VI.
328 2430 408 2471 post
435 2427 534 2462 Dom.
564 2428 663 2462 Pass.
691 2429 768 2462 sive
794 2430 826 2462 5.
854 2428 989 2474 Aprilis
1019 2429 1117 2463 1566.
1169 2429 1371 2463 Notandum
1408 2431 1527 2462 tamen
1563 2429 1628 2467 est,
1663 2428 1697 2461 111
1731 2428 1851 2462 0011100

86 2480 180 2515 hanc
214 2480 413 2514 contionem
449 2483 532 2514 ante
566 2480 664 2515 illam
692 2481 734 2514 de
761 2482 976 2525 Magdalena
1003 2483 1202 2516 contionem
1238 2482 1389 2526 positam
1428 2492 1524 2516 esse:
1562 2480 1715 2514 fortasse
1741 2481 1852 2524 igitur

87 2535 124 2567 et
158 2532 246 2567 haec
280 2533 404 2567 habita
440 2537 496 2567 est
531 2533 621 2567 feria
649 2534 719 2574 IV.‚
757 2537 793 2568 et
827 2535 1030 2579 superiores
1068 2534 1150 2568 illae
1185 2534 1310 2569 diebus
1345 2535 1401 2568 29.
1428 2533 1549 2567 Martii
1586 2536 1622 2567 et
1658 2534 1687 2567 1.
1715 2533 1850 2578 Aprilis

86 2585 325 2630 assignandae
359 2588 462 2625 sunt:
500 2597 545 2620 ex
581 2586 695 2621 altera
722 2589 841 2621 autem
867 2590 969 2632 parte
996 2590 1106 2632 patet,
1138 2588 1171 2621 in
1200 2587 1318 2621 codice
1345 2587 1501 2621 ordinem
1530 2588 1728 2630 temporum
1756 2586 1850 2620 haud

88 2640 138 2673 ita
163 2642 330 2673 accurate
357 2650 436 2673 esse
462 2640 657 2673 servatum.

209 2692 274 2734 „Jn
294 2693 349 2726 die
369 2692 592 2726 Palmai·um“
617 2692 664 2733 (Τ.
681 2691 814 2736 Aprilis
835 2692 941 2735 1566)
967 2692 1276 2735 „l’rocessioneni“
1306 2693 1504 2737 palmarum
1532 2703 1571 2726 eo
1598 2692 1653 2726 die
1680 2692 1849 2726 usitatam

87 2745 211 2779 laudat
236 2747 272 2779 et
298 2745 473 2779 defendit:
503 2745 730 2788 evangelium
758 2746 825 2779 diei
853 2745 1010 2780 breviter
1036 2746 1204 2790 explicat.
1243 2745 1461 2790 „l'ropositio
1474 2745 1497 2778 ὓ.
1534 2744 1601 2778 Sed
1627 2745 1684 2779 his
1709 2745 1850 2780 omissis

88 2798 183 2832 aliud
219 2799 445 2833 tractandum
482 2797 676 2832 habemuse
701 2810 746 2832 ex
772 2799 940 2833 mandato
965 2799 1189 2843 superiorum
1217 2798 1561 2839 Ecclesiasticorum,
1597 2797 1663 2832 hoc
1697 2799 1849 2843 primum

88 2851 286 2896 expediam.
319 2863 363 2885 ex
390 2850 507 2884 debito
534 2850 781 2884 obedientiae⁴¹
808 2851 840 2885 2.
868 2851 945 2885 dico
971 2852 1065 2896 quod
1092 2863 1155 2885 nos
1183 2851 1356 2885 Catholici
1383 2851 1525 2893 grauari
1551 2862 1620 2884 non
1647 2851 1849 2892 debeamus,

207 2926 236 2957 a)
263 2927 340 2951 Haec
360 2927 514 2958 inscriptio
534 2927 569 2951 ab
590 2927 652 2957 ipso
674 2929 702 2951 Γ.
718 2927 816 2957 positu
837 2930 887 2951 (ts-l.
979 2926 1008 2957 b)
1036 2928 1095 2952 Hoc
1117 2935 1139 2951 ι·.
1160 2927 1195 2950 ab
1218 2927 1278 2958 ipsu
1301 2928 1328 2950 Γ.
1348 2926 1488 2957 scripcmn
1515 2929 1564 2951 est.
1657 2927 1683 2956 c)
1710 2927 1848 2958 Sequitur

88 2965 181 2999 quod,
200 2976 217 2992 (1
238 2968 304 2992 libr.
324 2968 414 2993 oblitt.
489 2966 518 2999 d)
540 2966 714 2992 obedientia
735 2968 801 2992 libr.

211 3067 221 3086 ¹
247 3067 474 3100 Breviarium
506 3067 611 3110 juxta
646 3066 754 3100 ritum
789 3067 882 3101 sacri
918 3067 1051 3101 ordinis
1083 3067 1383 3101 Praedicator-um.
1436 3067 1524 3101 l'ars
1559 3078 1679 3109 verna,
1716 3067 1849 3102 Romae

93 3118 192 3159 1771,
220 3118 300 3154 290.

208 3171 221 3191 ²
248 3171 436 3206 Contiones
463 3172 558 3214 dicit,
585 3183 675 3216 quas
702 3171 736 3205 in
763 3171 896 3216 templo
923 3172 957 3207 S.
979 3172 1118 3206 Ioannis
1144 3172 1306 3217 proxime
1332 3172 1516 3207 habuerat.
