2045 3471
180 197 264 238 576
346 194 440 228 Mon.
461 193 658 228 668—669
684 193 762 227 sive
788 204 870 236 aug.
893 192 926 236 (c
944 192 1082 236 4j—(c
1101 193 1149 235 5).
1193 191 1248 226 20.
1267 191 1368 226 Febr.
1389 191 1431 224 ad
1459 191 1594 225 ineunt.
1613 191 1719 225 Mart.
1742 189 1842 225 1566.

178 317 372 353 cardinalis
398 316 612 355 Madrutius,
645 316 834 362 episcopus
859 316 1077 350 tridentinus
1104 318 1139 350 et
1167 315 1436 349 administrator
1460 313 1688 354 brixinensis,
1721 325 1837 358 neque
1863 314 1940 348 eius

178 383 300 416 nepos,
336 370 540 404 Ludovicus
566 369 759 404 cardinalis
785 369 1009 410 Madrutius,
1046 368 1275 413 episcopatus
1311 367 1495 401 tridentini
1532 366 1802 401 administrator
1839 377 1938 408 „curn

177 426 253 459 iure
279 423 514 458 succedendi“
540 423 731 464 (Hc'z'berlz'n
758 422 780 457 l.
800 435 829 457 c.
848 422 899 456 VI
920 421 1134 465 137-138).
1163 421 1397 455 Comitiorum
1424 422 1544 454 autem
1562 420 1721 454 recessui
1747 419 1940 453 cardinalis

178 477 376 511 Truchsess
415 476 523 510 etiam
560 475 702 509 nomine
746 475 939 510 cardinalis
976 474 1222 519 Christophori
1259 473 1429 507 Madrutii
1475 472 1691 518 subscripsit
1736 472 1851 514 (Aller
1888 500 1894 506 .
1932 499 1939 505 .

177 530 374 573 Reichst'ag
400 557 406 564 .
436 557 442 563 .
472 530 645 563 Absclzied
670 528 718 573 [V.
746 540 855 574 supra
890 541 922 573 p.
953 527 1049 572 153¹]
1077 528 1174 570 578).
1225 526 1496 560 Maximilianus
1522 526 1565 560 II.
1617 527 1784 569 Augusta
1818 525 1850 559 2.
1878 525 1940 559 Fe-

177 583 310 617 bruarii
340 583 430 617 1566
456 582 633 627 Prospero
660 582 704 616 ab
730 583 839 623 Arcu,
865 592 1034 616 caesareo
1060 581 1154 625 apud
1181 579 1387 625 pontificem
1413 579 1556 619 oratori,
1592 579 1805 623 scripserat:
1839 577 1939 620 Quod

177 636 311 670 Romae
337 636 621 677 circumferrent,
657 637 800 680 praeter
826 634 1127 669 Commendonum
1163 636 1237 667 tres
1273 632 1474 667 cardinales
1510 643 1700 675 germanos
1726 631 1771 666 ad
1797 630 1940 665 comitia

177 690 326 723 missum
352 689 406 730 iri,
433 689 467 723 id
494 689 562 723 sibi
588 688 789 722 molestiam
816 688 1003 722 attulisse:
1030 690 1139 731 atque
1159 698 1236 720 eam
1256 686 1463 720 missionem
1482 684 1576 719 omni
1595 696 1661 729 ope
1679 684 1940 730 impediendam

178 754 257 777 esse
287 743 443 786 (Hopfen
472 742 496 776 l.
523 754 552 776 c.
580 742 677 784 232).

179 875 287 912 668
314 877 392 911 sive
420 885 541 920 aug.
562 876 614 920 (c
632 873 707 919 4).
782 874 840 910 20.
860 872 1053 910 Februarii
1080 872 1173 908 1566.

296 953 351 986 Ex
377 952 585 997 archetypo,
621 952 664 985 ab
691 952 768 996 ipso
796 951 1058 985 Commendono
1085 949 1299 993 subscripto,
1331 949 1425 993 quod
1452 951 1507 982 est
1535 947 1730 982 Cracoviae
1757 947 1791 980 in
1819 957 1941 980 museo

177 1006 349 1051 principis
377 1005 620 1051 Czartoryski,
656 1005 739 1040 Cod.
770 1005 890 1046 „Czaiu
922 1004 1032 1039 1608“
1065 1016 1098 1048 p.
1127 1004 1208 1037 255.

300 1084 556 1116 Comnzenclorm
583 1084 694 1125 leyccto
719 1083 850 1115 solacio
877 1086 934 1124 est,
962 1081 1056 1124 quod
1085 1080 1252 1113 Canis—ius
1279 1080 1347 1121 ipsi
1372 1078 1475 1111 ads-lt.

300 1155 548 1196 Carclinalls
597 1154 929 1195 Commemlonzcs
974 1152 1189 1206 pontificis
1241 1153 1402 1205 loqutus
1451 1165 1499 1192 ex
1545 1150 1713 1204 imperii
1765 1149 1942 1189 comitiis

180 1222 431 1276 (luqustam's
462 1222 532 1261 20.
558 1219 788 1260 Februarii
820 1220 934 1260 1566
967 1218 1183 1258 cardinali
1215 1217 1429 1258 Staozislao
1462 1215 1592 1256 Hosio
1625 1215 1816 1268 scripsit:
1847 1212 1941 1265 Ego

179 1286 223 1327 in
266 1284 541 1327 Germaniam
583 1284 754 1336 relegor
795 1282 1001 1324 Tridento
1043 1281 1230 1323 reiectus
1272 1281 1563 1333 Augustam..
1590 1312 1632 1321 ..
1703 1277 1940 1320 Sanderum

181 1349 357 1392 euocaui
392 1363 415 1391 e
436 1348 627 1402 Belgioo‚
661 1347 811 1390 scribit
842 1361 888 1388 se
920 1347 1039 1388 breui
1073 1347 1219 1395 affore,
1253 1345 1389 1387 habeo
1423 1343 1652 1393 Canisium‚
1684 1342 1729 1384 in
1760 1345 1943 1395 utroque

181 1415 323 1469 pietas
356 1418 399 1457 et
433 1414 629 1456 doctrina
661 1427 746 1454 non
779 1412 928 1462 deerit,
962 1411 1005 1452 in
1037 1425 1105 1452 me
1138 1424 1240 1452 uero
1274 1424 1356 1451 non
1391 1408 1654 1451 desiderabit
1680 1408 1730 1450 D.
1756 1407 1807 1450 V.
1831 1407 1942 1448 Jllu-

181 1480 394 1522 strissima
426 1479 495 1520 uel
527 1479 666 1528 fidem,
701 1478 769 1519 uel
803 1477 1075 1530 diligenciam
1109 1476 1179 1517 uel
1213 1474 1379 1516 dicendi
1413 1474 1673 1516 libertatem.

301 1561 353 1595 De
372 1560 529 1595 Sandero
555 1572 589 1593 v.
608 1570 715 1604 supra
740 1571 772 1602 p.
792 1558 871 1593 238.
908 1557 1191 1592 Commendonus
1219 1568 1262 1589 ex
1290 1556 1469 1599 legatione
1494 1555 1658 1600 polonica
1683 1553 1942 1593 revertebatur,

184 1627 274 1655 cum,
301 1617 341 1648 ut
365 1616 545 1648 Antonius
564 1614 689 1646 Maria
712 1614 912 1645 Gratianus
938 1612 1015 1644 eius
1041 1610 1258 1644 secretarius
1284 1609 1419 1650 scribit,
1453 1608 1598 1650 „ltaliae
1621 1607 1696 1652 jam
1722 1607 1811 1641 fines
1837 1607 1942 1640 attin-

185 1668 353 1710 gentibus
380 1666 435 1700 Pii
461 1666 587 1710 quinti,
614 1666 697 1699 novi
724 1665 909 1698 Pontificis
935 1664 1044 1705 Max.⁷
1072 1663 1249 1697 tabellarii
1276 1674 1355 1696 cum
1382 1661 1513 1695 litteris
1539 1663 1780 1701 occurrerunt,
1815 1660 1944 1704 quibus

184 1720 467 1755 Commendonus
493 1719 609 1752 redire
638 1720 848 1761 Augustam,
882 1720 917 1751 et
944 1717 1040 1751 obire
1068 1716 1324 1750 Germanorum
1353 1716 1581 1754 conventum,
1617 1716 1663 1754 et,
1698 1725 1742 1747 ne
1775 1713 1858 1757 quid
1886 1712 1942 1746 de-

182 1773 342 1808 trimenti
369 1773 412 1806 ab
440 1772 640 1806 Haereticis
669 1771 853 1812 Catholica
879 1782 936 1804 res
962 1770 1151 1814 acciperet,
1179 1780 1322 1813 operam
1349 1768 1432 1802 dare
1455 1767 1668 1813 jubebatur“
1705 1766 1772 1810 (De
1798 1766 1944 1810 scriptis

182 1827 297 1861 invita
324 1826 486 1860 Minerva
513 1825 555 1859 II.
588 1824 788 1858 Florentiae
819 1825 918 1863 1746,
949 1824 1043 1866 177).

184 1952 291 1989 669
317 1953 396 1988 sive
423 1962 545 1996 aug.
566 1952 615 1996 (c
637 1951 710 1996 5).
785 1949 952 1986 Exeunte
978 1960 1023 1985 ιιι.
1044 1948 1244 1985 Februario
1272 1948 1331 1984 vel
1357 1947 1505 1983 ineunte
1530 1946 1662 1982 Martio
1689 1946 1782 1982 1566.

301 2030 355 2064 Ex
373 2029 580 2075 apographo
599 2029 745 2072 antiquo
767 2029 875 2071 (saec.
892 2027 1204 2069 xxm—XVIII).
1242 2026 1325 2061 Cod.
1343 2026 1475 2060 londin.
1499 2026 1583 2069 „Eg
1606 2025 1714 2060 107&
1736 2037 1769 2070 p.
1790 2024 1939 2059 58—62.

303 2108 582 2141 Commendonus
607 2118 650 2140 ex
679 2107 818 2140 Cmn'm‘ae'
843 2106 1012 2139 sententia
1041 2117 1061 2137 (ι
1090 2105 1154 2137 Pio
1181 2105 1217 2138 Γ.
1243 2104 1431 2146 facultates
1457 2114 1580 2145 easque
1605 2103 1740 2145 amplas
1761 2104 1858 2145 petit.

302 2186 553 2227 Carclinalz‘s
588 2185 921 2226 Commemlowus
952 2184 1146 2237 Auyusta
1174 2184 1241 2224 14.
1267 2183 1420 2223 sslarliz’
1443 2183 1557 2222 1566
1590 2181 1646 2221 acl
1678 2181 1938 2222 cardinalem

179 2250 379 2292 loannem
410 2251 587 2292 Suavem
612 2251 885 2301 Reomanum,
921 2250 992 2304 qui
1018 2249 1209 2302 pontifici
1241 2262 1266 2288 a>
1299 2247 1587 2289 secretioribus
1619 2247 1804 2286 consiliis
1838 2251 1939 2295 erat,

181 2316 292 2368 haec,
335 2321 503 2369 praeter
535 2317 635 2367 clia,
670 2316 861 2368 scripsit:
902 2313 1024 2354 Circa
1055 2314 1095 2354 le
1127 2313 1291 2354 faculta
1324 2311 1378 2352 ho
1411 2310 1483 2363 gia
1514 2310 1720 2352 mandato
1752 2324 1777 2351 a
1811 2310 1862 2352 V.
1897 2310 1937 2352 S.

180 2380 478 2422 Illustrissima
518 2393 603 2421 una
645 2382 748 2421 nota
781 2378 823 2420 di
854 2392 1007 2432 parere
1041 2378 1107 2419 del
1142 2377 1280 2418 Padre
1313 2375 1482 2418 Canisio
1516 2374 1630 2416 circa
1663 2375 1805 2416 alcuni
1837 2375 1937 2425 casi,

182 2444 295 2486 circa
327 2445 339 2485 i
373 2445 488 2498 quali
520 2444 560 2486 io
592 2458 676 2485 non
709 2443 763 2485 ho
797 2443 1046 2485 dimandato
1078 2444 1132 2483 ne
1165 2441 1363 2483 dimando
1397 2441 1508 2482 altro
1542 2454 1567 2481 a
1589 2439 1640 2482 V.
1667 2439 1712 2482 S:
1731 2439 1939 2481 Illustris-

181 2508 288 2550 siffia
321 2523 366 2550 se
399 2524 483 2550 non
515 2510 592 2551 che
625 2522 722 2550 essa
749 2508 859 2550 veda
892 2508 1033 2560 quello
1067 2507 1145 2549 che
1177 2521 1203 2548 a
1235 2506 1277 2549 S.
1300 2505 1576 2547 Beatitudine
1608 2505 1764 2557 parera
1796 2517 1939 2547 essere

183 2573 223 2614 di
263 2574 440 2616 servitio
483 2574 524 2615 di
556 2574 651 2615 Dio.
714 2572 883 2622 Quanto
927 2587 951 2614 a
992 2586 1059 2613 me
1100 2572 1141 2613 io
1183 2570 1386 2612 cercharo
1429 2570 1468 2610 di
1511 2569 1734 2622 adoperar'
1753 2571 1868 2610 tutte
1900 2569 1939 2611 le

182 2638 344 2680 facolta
376 2639 472 2688 mie,
508 2653 585 2680 con
610 2642 762 2691 questo
794 2639 879 2679 fine
912 2638 1003 2679 solo
1037 2637 1104 2678 del
1127 2635 1305 2678 servitio
1329 2635 1367 2676 di
1393 2634 1472 2676 Dio
1505 2637 1550 2676 et
1582 2633 1623 2674 di
1646 2634 1731 2675 Sua
1754 2632 1938 2678 Santita.

182 2705 225 2743 et
257 2716 360 2744 sono
395 2706 525 2753 certo,
569 2704 646 2745 che
687 2716 764 2756 per
805 2703 940 2744 molta
973 2701 1198 2754 diligentia
1231 2700 1295 2742 ch'
1313 2700 1354 2741 io
1387 2699 1422 2740 ci
1456 2698 1521 2739 usi
1553 2700 1650 2739 saro
1683 2711 1850 2750 sempre
1885 2699 1937 2740 da

181 2766 361 2808 rendere
393 2768 526 2809 molto
558 2781 710 2809 manco
744 2770 870 2809 conto
903 2780 928 2808 a
960 2767 1041 2808 Dio
1074 2765 1112 2806 di
1148 2765 1303 2818 quello,
1342 2763 1418 2805 che
1449 2777 1535 2804 non
1566 2762 1727 2803 havero
1759 2761 1935 2805 havuto.

182 2829 259 2871 che
292 2831 333 2871 di
366 2833 517 2883 quelle,
553 2833 629 2874 che
661 2832 718 2873 mi
751 2845 934 2873 seranno
967 2834 1083 2873 state
1116 2831 1229 2872 date.

299 2916 444 2959 Legatis
479 2918 685 2961 nuntiisque
720 2918 927 2962 apostolicis
962 2917 1103 2951 litterae
1140 2915 1373 2961 apostolicae,
1410 2914 1538 2958 quibus
1572 2912 1692 2946 variae
1726 2912 1771 2946 iis
1804 2913 1935 2947 tribue-

184 2966 311 3024 bantur
336 2969 529 3003 facultates
555 2982 680 3004 sacrae
706 2971 941 3013 (absolvendi,
969 2969 1208 3014 dispensandi,
1239 2967 1544 3010 „rehabilitandi“‚
1571 2965 1742 2999 beneficia
1768 2966 1936 3000 ecclesia-

182 3022 273 3053 stica
300 3021 501 3054 conferendi
530 3023 612 3065 etc.)
648 3023 706 3056 Vel
743 3024 830 3063 dari,
866 3024 924 3057 vel
960 3023 1054 3057 mitti
1090 3022 1253 3057 solebant
1282 3021 1547 3064 (Meo-yentheim
1582 3018 1603 3052 l.
1632 3030 1660 3052 c.
1688 3017 1702 3051 Ι
1729 3018 1934 3053 228-—250:

184 3071 217 3104 ΙΙ
244 3072 449 3112 209—220;
477 3075 521 3107 cf.
542 3076 647 3109 etiam
676 3088 784 3120 supra
810 3088 842 3120 p.
863 3076 975 3119 217⁷).
1016 3076 1108 3120 Ipsis
1127 3077 1246 3109 autem
1266 3073 1516 3108 Commendoni
1536 3071 1655 3105 verbis
1674 3071 1767 3105 haud
1787 3071 1935 3105 obscure

184 3124 417 3167 significatur,
445 3137 522 3159 eum
550 3128 743 3161 facultates
770 3129 904 3172 petisse
930 3130 1019 3162 satis
1039 3128 1187 3172 amplas,
1214 3138 1328 3170 neque
1347 3125 1501 3160 dubitari
1520 3125 1646 3169 potest,
1666 3124 1751 3167 quin
1771 3124 1934 3158 Canisius

187 3177 456 3221 amplitudinem
483 3178 580 3212 illam
608 3181 638 3213 ei
666 3181 985 3221 commendaverit3
1014 3181 1058 3215 cf.
1086 3192 1193 3225 supra
1221 3192 1253 3224 p.
1276 3179 1458 3213 190—191
1486 3179 1553 3211 415
1580 3177 1660 3211 453.
