2045 3471
370 192 471 228 1320.
498 192 649 227 Ioannes
675 193 717 227 de
744 193 899 228 Polanco
927 193 1080 228 Canisio.
1123 193 1236 228 Roma
1263 195 1294 229 7.
1313 194 1399 229 Maii
1428 196 1530 230 1566.
1748 198 1830 239 257

71 308 156 351 Sed
187 308 295 351 haec
326 310 597 353 incommoda
628 314 800 365 tempus
832 312 912 354 hoc
943 312 1096 354 infelix
1129 312 1306 354 aduehit
1337 326 1495 355 secum.
1544 314 1680 357 Caute
1711 314 1832 357 nobis

72 374 286 426 agendum
320 378 409 417 est:
442 378 614 418 tantum
646 390 699 418 ne
731 376 927 431 implicer
955 390 1036 430 ego
1068 379 1168 431 post
1190 377 1378 420 Comicia
1400 379 1588 433 negotijs
1610 379 1830 434 publicis1‚

69 438 114 480 id
156 452 259 480 uero
301 439 499 483 Pontifici
542 441 795 495 persuaderi
839 442 967 484 uelim
1009 441 1217 493 maxime,
1260 443 1519 496 praesertim
1560 458 1614 486 ne
1655 447 1833 499 propter

70 517 201 544 vnum
235 504 430 547 Societas
470 508 622 548 nostra
662 508 820 559 pergat
861 506 1010 548 audire
1050 506 1177 557 male,
1221 507 1580 559 quemadmodum
1622 508 1830 563 scriptum

71 570 138 610 est
178 567 299 620 alias,
343 573 388 612 et
420 569 466 613 P.
496 570 669 612 Natalis
710 571 904 624 postulat
945 571 1185 624 suadetque
1225 571 1316 613 fieri
1358 571 1680 616 uehementer2.
1744 574 1831 616 Do-

70 632 210 674 minus
241 633 285 674 in
318 648 439 676 suam
473 635 656 687 gloriam
690 635 834 677 omnia
847 636 876 678 3.

189 697 349 752 Scripsi
391 699 618 742 adiunctas
658 702 852 753 rogatus,
896 702 940 742 et
980 703 1159 755 propter
1198 700 1507 753 testimonium,
1551 703 1665 755 quod
1705 702 1832 745 isthic

71 764 222 805 extare
256 763 434 817 cupiunt
465 764 509 805 in
541 764 641 806 boni
673 764 753 806 uiri
787 766 1204 808 commendationem
1218 767 1248 810 4.

189 828 455 882 Jmpetrauit
487 829 665 872 tandem
687 829 1050 884 Archiepiscopus
1073 831 1372 873 Treuirensis5
1404 834 1601 886 optatam
1634 846 1660 874 a
1685 832 1833 875 Ponti-

69 892 149 934 fice
189 893 397 946 gratiam,
441 896 489 935 ut
530 895 868 936 consecrationis
909 910 1063 937 munus
1105 896 1225 938 adire
1268 896 1419 950 possit.
1492 897 1592 939 Non
1636 900 1832 951 repetam

70 957 386 1000 Coloniensium
431 972 538 1011 quos
583 973 720 1013 nuper
765 960 1085 1011 commendaui,
1130 961 1396 1015 negotiumss.
1469 962 1512 1004 Si
1556 962 1622 1004 his
1666 962 1833 1004 fauebit

69 1022 286 1074 Pontifex,
319 1022 491 1064 facilius
514 1023 717 1066 Coloniae
749 1024 888 1066 nostri
919 1028 1279 1078 promouerentur
1310 1027 1364 1068 ad
1397 1026 1589 1078 meliora,
1623 1027 1660 1070 si
1682 1027 1832 1071 Ponti-

70 1086 144 1128 fex
176 1087 288 1129 idem
321 1089 594 1131 commendet
627 1089 806 1131 Senatui
840 1089 1086 1143 collegium.

189 1152 276 1194 Ora
306 1167 384 1207 pro
424 1154 548 1195 nobis
581 1154 759 1195 colende
791 1154 936 1197 Pater.
1001 1155 1187 1197 Comicia
1225 1156 1341 1198 intra
1383 1156 1473 1198 dies
1510 1158 1561 1198 14
1594 1157 1662 1199 hic
1703 1159 1830 1200 finem

69 1216 272 1259 habitura
293 1217 507 1260 videntur.
553 1219 616 1260 De
640 1218 736 1272 alijs
760 1219 831 1273 alij
855 1219 981 1273 plura
1003 1220 1208 1263 scribent.
1252 1220 1480 1274 Augustae
1512 1223 1536 1263 5
1560 1221 1663 1275 Maij
1689 1224 1830 1265 .1566.

964 1284 1124 1326 Seruus
1156 1285 1198 1326 in
1231 1285 1400 1329 Christo
1434 1286 1478 1329 P.
1504 1286 1711 1330 Canisius.

188 1352 216 1404 †
238 1352 408 1397 Jhesus.
462 1354 517 1396 Al
540 1354 675 1397 Molto
707 1354 963 1397 Reuerendo
986 1356 1127 1398 Padre
1155 1356 1318 1398 Nostro
1352 1357 1395 1398 in
1418 1357 1601 1408 Christo,
1634 1358 1670 1400 Il
1692 1358 1832 1400 Padre

72 1415 354 1472 [Fra]ncesco
407 1419 459 1461 de
510 1419 672 1472 Borgia
724 1420 952 1474 Preposito
1006 1421 1209 1474 generale
1263 1421 1376 1464 della
1425 1420 1729 1478 [Compagnia]
1779 1423 1831 1464 de

70 1483 176 1525 Jesu
208 1486 291 1526 etc.
355 1483 505 1526 Roma.

188 1559 338 1603 Borgias
365 1559 508 1594 Canisio
534 1559 719 1604 respondit
748 1561 802 1594 16.
822 1560 907 1594 Maii
935 1561 1037 1595 1566.

69 1672 224 1710 1320.
331 1674 392 1710 P.
420 1673 718 1712 IOANNES
756 1676 847 1711 DE
884 1675 1223 1721 POLANGO,
1260 1680 1477 1713 secretarius
1512 1679 1703 1715 Societatis
1738 1681 1830 1722 Iesu,

234 1729 376 1763 nomine
403 1729 435 1763 S.
455 1729 636 1764 Francisci
664 1731 706 1764 de
732 1730 874 1774 Borgia,
901 1731 1103 1776 praeposito
1130 1732 1319 1776 generalis,
1348 1732 1549 1767 CANISIO.

285 1782 529 1827 (Epistula
556 1782 714 1828 prior.)
1367 1785 1480 1820 Roma
1507 1787 1537 1821 7.
1565 1787 1652 1821 Maii
1681 1788 1782 1822 1566.

188 1846 243 1880 Ex
269 1847 474 1891 apographo
501 1847 612 1882 eiusd.
639 1850 764 1892 temp.;
802 1847 837 1881 in
863 1848 1036 1891 margine,
1072 1849 1196 1883 eadem
1222 1861 1348 1885 manu:
1379 1851 1566 1894 „Augusta
1592 1851 1631 1886 P.
1652 1851 1829 1887 Canisi0“.

70 1898 153 1933 Cod.
185 1898 324 1941 „Ge1·m.
351 1900 416 1934 65⁶⁶
446 1901 469 1934 f.
492 1901 719 1936 lov—108³.

188 1965 226 1997 P.
246 1965 390 1998 Natalis
416 1966 549 2008 colleyie'
566 1967 746 2008 dilinyanz'
772 1978 812 1999 ac
831 1967 988 2010 reliquas
1010 1968 1225 2001 Germaniae
1249 1970 1448 2012 superioris
1466 1981 1522 2003 res
1539 1971 1620 2003 bene
1638 1972 1829 2004 constituet.

68 2017 133 2050 Fr.
152 2017 321 2051 Vallonus
346 2030 388 2051 ex:
411 2019 611 2052 Turearum
638 2021 802 2052 sen-iture
827 2020 956 2052 redimi
976 2023 1108 2063 poterit
1134 2023 1203 2055 100
1228 2022 1367 2056 ducatis
1380 2035 1393 2064 ,·
1419 2023 1520 2056 cuius
1542 2024 1715 2066 pecuniae
1745 2026 1830 2057 Ger-

68 2072 190 2103 mania
216 2073 381 2114 superior
405 2083 571 2114 wamiam
596 2077 732 2115 partem
758 2073 895 2106 tribuit.
946 2074 1043 2106 Socii
1067 2075 1213 2107 romani
1238 2086 1382 2118 operam
1408 2077 1544 2109 civitati
1569 2077 1769 2121 coloniensi,
1799 2078 1832 2110 si

69 2134 175 2166 quam
213 2126 288 2157 eius
319 2130 576 2167 procuratores
615 2127 799 2169 petierint,
838 2127 1079 2169 praestabunt.
1141 2129 1193 2161 De
1235 2129 1376 2171 eolleyio
1417 2129 1652 2173 herbipolensi
1689 2130 1831 2163 Natalis

68 2181 204 2210 statuet.
259 2178 400 2211 Canisii
424 2179 561 2212 labores
587 2179 683 2212 Deus
702 2185 898 2222 prosperet.

188 2242 233 2284 Si
264 2256 368 2284 sono
401 2243 594 2286 riceuute
627 2244 768 2296 quelle
801 2245 841 2286 di
857 2245 909 2287 V.
933 2245 983 2288 R.
1018 2249 1062 2288 et
1095 2246 1164 2288 del
1198 2247 1242 2289 P.
1262 2247 1532 2290 Theodorico
1566 2248 1618 2290 de
1643 2250 1695 2291 ,5.
1723 2247 1828 2303 [etc.,

68 2312 113 2351 ut
145 2322 277 2362 supra
306 2323 350 2363 2).
383 2310 470 2350 219
487 2307 652 2363 —2;>o].

69 2423 149 2457 vide
176 2435 285 2468 supra
311 2436 344 2468 p.
364 2424 432 2457 233
451 2425 530 2459 251.
562 2424 750 2459 Timebant
769 2425 829 2467 illi,
857 2438 900 2460 ne
919 2438 939 2460 a
958 2426 1192 2469 Lancellotto,
1219 2429 1320 2462 cuius
1339 2430 1555 2463 sententiam
1581 2430 1742 2473 graviter
1767 2430 1829 2464 im-

67 2477 287 2521 pugnabant,
314 2478 447 2511 Romae
474 2481 750 2519 accusarentur3
779 2479 811 2513 id
832 2480 923 2523 quod
952 2491 996 2514 ex
1015 2481 1187 2524 proximis
1205 2482 1369 2526 epistulis
1396 2483 1485 2516 satis
1512 2485 1608 2516 certo
1627 2483 1827 2526 colligitur:

70 2529 115 2563 cf.
142 2529 235 2563 infra
261 2542 294 2563 n.
317 2530 404 2564 1325
433 2533 469 2564 et
495 2542 647 2564 monum.
677 2542 756 2575 aug.
781 2532 814 2574 (c
836 2532 894 2575 16)
917 2532 951 2575 (c
972 2534 1030 2576 le)
1051 2534 1086 2576 (c
1104 2534 1178 2577 21).

192 2584 198 2602 ¹
226 2583 436 2617 Pontificiae
456 2584 498 2617 ad
520 2584 732 2617 Germaniae
750 2586 935 2630 episcopos
953 2587 1204 2631 principesque
1223 2587 1412 2631 legationi;
1438 2600 1470 2622 v.
1490 2599 1598 2633 supra
1617 2600 1649 2633 p.
1664 2589 1730 2623 163
1749 2589 1828 2624 200.

187 2636 200 2656 ‘2
226 2637 381 2679 Prosper
407 2638 449 2669 ab
482 2639 594 2680 Arcu,
630 2648 819 2671 caesareus
855 2639 948 2683 apud
975 2639 1077 2672 Pium
1108 2640 1149 2673 V.
1177 2642 1306 2680 orator,
1343 2640 1455 2674 Roma
1484 2641 1536 2676 13.
1556 2641 1634 2674 Iulii
1665 2642 1754 2676 1566
1786 2644 1828 2677 ad

68 2688 356 2723 Maximilianum
384 2690 426 2723 ll.
454 2689 552 2729 haec,
589 2692 731 2734 praeter
766 2690 847 2731 alia,
884 2691 926 2725 de
961 2693 1127 2736 pontifice
1153 2693 1312 2727 rettulit:
1353 2693 1421 2735 ,Mi
1449 2694 1530 2727 vien
1567 2706 1696 2728 ancora
1732 2695 1829 2730 detto

70 2742 133 2775 che
158 2741 205 2776 ha
231 2754 299 2776 non
325 2742 400 2777 solo
428 2744 462 2776 in
481 2743 596 2778 Italia.
626 2754 681 2776 ma
709 2755 796 2777 anco
823 2744 914 2778 fuori
934 2744 964 2778 d·
985 2745 1089 2778 ltalia
1116 2757 1178 2789 per
1205 2747 1287 2779 tutti
1317 2747 1325 2779 i
1352 2746 1454 2789 regni
1481 2750 1515 2780 et
1542 2747 1627 2780 stati
1650 2748 1736 2792 spie,
1764 2749 1829 2783 che

69 2795 119 2837 gli
155 2795 245 2829 dano
280 2795 415 2829 minuto
450 2795 637 2839 raguaglio
673 2796 767 2829 della
794 2797 870 2830 vita
905 2800 940 2830 et
975 2799 1126 2831 costumi
1163 2798 1205 2831 de
1241 2799 1402 2843 principi,
1439 2799 1481 2833 de
1508 2800 1662 2834 ministri
1692 2801 1767 2835 loro
1794 2805 1829 2836 et

70 2848 103 2882 di
130 2848 251 2892 quelli,
278 2848 343 2882 che
369 2861 454 2883 sono
481 2849 554 2882 loro
582 2850 771 2893 appresso*
804 2851 961 2893 (Hopfen
990 2850 1010 2884 l.
1036 2862 1065 2884 c.
1093 2851 1192 2893 244).

188 2902 201 2921 ³
227 2900 278 2934 De
304 2901 370 2935 hoc
397 2902 669 2946 epiphonemate
695 2902 776 2935 vide
798 2903 885 2936 Can.
905 2903 937 2936 II
966 2903 1066 2943 115⁴;
1094 2903 1140 2937 cf.
1160 2903 1267 2937 etiam
1291 2904 1376 2937 Can.
1397 2904 1447 2937 III
1471 2905 1557 2945 52&
1586 2905 1635 2939 IV
1654 2906 1721 2940 512
1748 2908 1827 2942 683.

188 2956 200 2974 ‘¹
227 2954 383 2989 Litteras
409 2957 441 2989 4.
461 2955 545 2988 Maii
577 2956 664 2989 1566
692 2954 726 2988 in
755 2955 944 2989 cardinalis
969 2956 1219 2989 Commendoni
1247 2957 1587 2992 commendationem
1614 2971 1634 2993 a
1660 2971 1698 2993 se
1725 2961 1829 2995 datas

70 3006 174 3048 dicit;
200 3018 291 3051 quas
317 3008 397 3041 vide
423 3019 532 3052 supra
559 3020 591 3052 p.
620 3008 817 3041 248—249.

189 3061 200 3079 ⁵
228 3060 377 3094 Ioannes
403 3073 472 3095 von
500 3061 561 3094 der
587 3060 726 3105 Leyen:
759 3061 800 3093 de
828 3061 904 3094 eius
931 3072 1038 3095 causa
1065 3061 1147 3095 vide
1174 3073 1283 3105 supra
1310 3074 1341 3106 p.
1374 3063 1557 3099 134—136
1584 3065 1663 3100 200.

188 3113 200 3132 ⁶
227 3113 407 3147 Indultum
443 3115 571 3148 tertiae
607 3114 745 3157 gratiae
772 3113 815 3147 ad
846 3114 888 3147 12
914 3125 1025 3147 annos
1053 3125 1072 3147 a
1099 3115 1266 3158 pontifice
1293 3115 1360 3149 sibi
1397 3118 1581 3161 prorogari
1616 3119 1825 3164 cupiebant:

70 3165 152 3198 vide
177 3177 286 3210 supra
312 3178 344 3211 p.
374 3167 439 3200 116
467 3167 546 3201 208.

140 3228 452 3262 Braunsberger.
474 3230 584 3255 Canisii
606 3230 760 3263 Epistulae
782 3235 811 3255 et
832 3231 917 3257 Acta.
939 3230 971 3256 V.
1504 3230 1544 3263 17
