2045 3471
217 212 302 254 562
472 207 568 242 Mon.
587 207 655 242 659
681 206 760 241 sive
785 218 867 251 aug.
887 206 924 250 (b
946 206 1017 251 16).
1060 207 1091 240 A
1118 206 1150 240 d.
1169 205 1225 240 27.
1244 205 1347 239 Febr.
1366 205 1410 239 ad
1437 205 1492 239 22.
1512 205 1598 239 Maii
1619 205 1720 240 1566.

217 327 342 363 ultimo
374 325 524 360 termine
561 324 653 358 della
689 323 894 368 quaresima
922 351 928 357 .
958 352 963 357 .
993 351 1001 358 .
1028 324 1174 358 dovette
1208 322 1394 368 predicare
1430 323 1475 356 da
1501 323 1645 365 quattro
1671 334 1689 356 e
1715 322 1777 367 piu
1812 322 1908 357 volte
1942 323 1976 357 al

217 380 372 424 giorno.“
427 378 473 412 Et
500 378 632 421 Se'yuiu
660 377 698 421 (1.
717 389 746 412 0.
769 376 991 420 188—189):
1031 376 1143 419 „Vers
1178 375 1213 409 13
1248 375 1297 409 fin
1323 375 1369 409 du
1396 378 1535 409 careme
1562 386 1606 408 on
1631 375 1665 409 le
1691 375 1745 408 vit
1770 377 1908 409 montet
1933 387 1976 410 en

217 432 337 467 chaire
360 431 504 476 jusqu'a
531 433 658 474 quatre
683 430 752 464 fois
771 430 860 464 dans
877 441 926 463 un
948 429 1029 474 jour
1056 431 1090 463 et
1108 427 1228 473 parler
1245 428 1340 462 deux
1357 427 1487 462 heures
1505 427 1644 471 chaque
1662 427 1761 462 fois.“
1805 427 1979 472 Equidem

216 496 393 529 nusquam
419 483 561 518 invenio
588 495 632 517 ne
658 483 725 517 hoc
752 482 895 527 quidem
919 484 1113 516 testatum:
1150 481 1240 515 Eum
1275 492 1344 515 uno
1371 480 1674 524 Quadragesimae
1698 480 1796 515 illius
1822 481 1878 515 die
1903 483 1979 515 tres

217 538 399 573 contiones
424 537 604 571 habuisse.

218 660 323 696 659
350 662 428 695 sive
455 669 577 705 aug.
606 659 661 704 (b
681 659 787 704 16).
861 659 890 695 A
917 658 949 695 d.
969 659 1023 694 27.
1042 657 1238 694 Februarii
1265 657 1310 693 ad
1337 658 1393 693 22.
1411 656 1496 693 Maii
1523 656 1617 693 1566.

335 732 573 764 Recensentur
598 732 774 764 contiones
799 741 822 763 a
851 730 997 763 Canisio
1024 730 1205 772 Auyustae
1230 739 1326 761 anuo
1354 730 1447 761 1566
1471 728 1515 761 ab
1541 727 1644 760 initio
1671 738 1795 760 sacrae
1814 727 1979 768 Quadra-

215 784 365 826 9esimae
399 795 507 827 usque
536 784 583 816 ad
616 784 749 826 feriam
774 783 824 817 II.
851 784 1089 826 Royationum
1124 782 1284 815 habitae:
1318 782 1488 824 Explicat
1522 781 1641 814 multis
1667 780 1885 813 contionibus
1910 781 1977 822 epi-

216 837 346 870 stulam
373 837 410 870 S.
436 837 579 878 Iacobi;
603 847 704 879 saepe
729 837 943 879 evauyelz'um
970 836 1041 869 diei
1065 837 1344 878 interpretatum
1368 835 1453 867 dicit
1479 835 1520 867 de
1544 833 1805 875 tentationibus,
1825 833 1980 876 peccatis

219 891 256 923 ἰη
283 891 458 933 Spiritum
487 890 657 923 Sanctum
682 893 712 923 et
737 890 831 932 aliis,
858 890 926 922 Dee?
951 889 1114 932 bonitate,
1147 899 1248 921 verae
1273 889 1434 921 ecelesiae
1459 888 1561 930 notis,
1596 887 1734 920 iustitia
1768 886 1978 929 christiana,

211 944 379 986 passione
404 947 434 976 et
460 944 716 976 resurrectione
746 942 882 975 Christi
886 954 900 983 ;
930 942 1145 975 commendat
1170 942 1354 983 ieiunium,
1381 941 1588 983 orationem,
1608 939 1832 983 patientiam,
1852 940 1980 982 paeni-

217 997 372 1039 tentiam,
390 997 520 1029 cultum
538 995 668 1028 Beatae
685 995 828 1028 Mariae
843 996 1010 1038 Ve'ryim's,
1030 995 1278 1036 confessionem
1296 997 1528 1036 peccatorum,
1546 1003 1669 1026 sacras
1687 989 1982 1036 „processiones“;

220 1049 411 1082 iubilaeum
432 1049 660 1092 promulyat;
692 1050 962 1091 protestantium
989 1049 1030 1081 de
1054 1047 1319 1090 traditionibus,
1354 1047 1454 1079 verbo
1480 1047 1557 1088 Del,
1593 1046 1692 1078 bonis
1718 1046 1891 1089 operibus,
1925 1047 1981 1078 in-

218 1103 406 1146 dulyentiis
442 1113 581 1136 errores
618 1103 762 1144 refutat.
823 1102 992 1135 Femiuas
1029 1100 1162 1134 *nobiles
1199 1111 1276 1133 eum
1314 1100 1539 1142 imperatrice
1575 1103 1751 1132 versantes
1788 1099 1835 1131 ad
1872 1100 1979 1132 vitam

218 1156 481 1199 emendandam,
511 1156 767 1198 paenitentiam
802 1155 984 1198 ayendmn,
1019 1156 1242 1187 sacramenta
1275 1153 1334 1195 pie
1365 1152 1590 1195 suscipienda
1621 1151 1798 1185 hortatur.
1848 1152 1882 1184 A
1908 1151 1979 1184 Do-

219 1210 349 1242 me'm'ca
375 1210 425 1242 II.
449 1212 528 1251 post
546 1208 684 1241 Pascha
706 1219 774 1250 pro
797 1208 942 1241 Canisio
971 1207 1071 1240 rebus
1090 1206 1311 1239 comitiorum
1333 1206 1473 1248 imperti
1490 1205 1756 1247 occupatissimo
1776 1204 1813 1238 P.
1833 1205 1982 1237 Hermes

223 1262 410 1304 Halbpaur
435 1263 674 1295 contionatur.

336 1332 375 1365 In
402 1330 530 1365 Codice
565 1330 768 1364 contionum
805 1340 896 1363 anno
926 1329 1015 1363 1566
1050 1340 1070 1362 a
1098 1327 1240 1361 Canisio
1265 1328 1453 1371 Augustae
1479 1326 1746 1360 Vindelicorum
1776 1326 1979 1361 habitarum

217 1385 284 1419 hae
318 1386 463 1418 notatae
497 1385 581 1417 sunt
615 1383 798 1417 contiones
838 1381 1230 1426 „quadragesimales“:
1270 1380 1330 1422 „In
1365 1380 1421 1414 die
1449 1379 1634 1414 Cinerum“
1668 1380 1739 1421 (27.
1766 1379 1979 1424 Februarii).

219 1438 364 1482 Incipit:
389 1437 600 1480 „Domine
626 1436 671 1469 in
697 1436 845 1469 furore
870 1437 949 1468 tuo
975 1446 1028 1468 ne
1055 1444 1216 1477 arguas
1242 1433 1346 1467 11101.
1382 1433 1477 1467 Psal.
1497 1434 1528 1467 6.
1563 1433 1619 1466 Ad
1638 1433 1766 1466 bonum
1785 1435 1822 1467 et
1838 1432 1979 1467 felicem

217 1492 419 1535 ingressum
454 1489 634 1524 concionis
668 1489 785 1530 huius,
820 1488 890 1521 imo
926 1490 961 1522 et
987 1487 1144 1521 omnium
1176 1485 1551 1530 quadragesimalium,
1587 1485 1680 1529 elegi
1706 1485 1792 1519 mihi
1819 1488 1853 1520 et
1878 1486 1980 1520 uobis

218 1544 384 1590 proposui
422 1543 633 1577 Dauidicum
669 1542 824 1576 dictum“
854 1543 940 1577 etc:
978 1540 1206 1583 evangelium
1242 1539 1312 1574 diei
1346 1539 1504 1573 breviter
1535 1539 1702 1584 explicat.
1757 1538 1872 1581 „Ordo
1899 1550 1978 1573 con-

219 1596 340 1632 cionis.
377 1597 474 1630 Haec
492 1596 581 1630 satis
600 1596 641 1629 de
660 1594 867 1638 Euangelio.
906 1593 1009 1627 Nunc
1035 1593 1144 1627 statui
1171 1593 1239 1627 duo
1266 1593 1361 1626 dicta
1388 1604 1582 1637 proponere
1608 1592 1709 1626 uobis
1735 1595 1770 1626 et
1788 1592 1979 1636 explicare.

219 1651 378 1685 Primum
405 1652 460 1684 est
486 1648 634 1683 Dauidis
659 1647 850 1682 Domine
880 1659 933 1681 ne
967 1658 1142 1690 arguas
1172 1658 1256 1687 me,
1284 1646 1347 1679 2⁸¹³
1373 1647 1428 1679 est
1454 1644 1629 1679 ecclesiae
1654 1656 1747 1689 quae
1773 1657 1836 1689 per
1861 1656 1977 1679 sacer-

219 1704 336 1738 dotem
362 1703 406 1737 ad
433 1702 545 1736 altare
578 1702 673 1743 dicit,
709 1701 875 1735 cuilibet:
911 1700 1090 1734 Memento
1124 1699 1229 1733 homo
1264 1699 1348 1743 quia
1383 1698 1506 1732 cinis
1541 1709 1589 1732 es
1624 1701 1660 1732 et
1694 1698 1738 1731 in
1773 1699 1980 1732 cinerem

218 1756 522 1791 reuerteris.“
541 1756 553 1775 ‘²
603 1755 776 1788 Davidem
804 1754 839 1787 in
865 1752 1068 1798 exemplum
1095 1751 1260 1797 proponit
1284 1752 1458 1792 omnibus,
1486 1751 1547 1795 qui
1573 1762 1695 1784 veram
1722 1751 1979 1795 paenitentiam

220 1822 327 1854 agere
353 1809 485 1849 velint;
521 1809 601 1843 dein
638 1808 795 1842 cinerum
830 1807 1007 1851 capitibus
1042 1805 1333 1850 imponendorum
1369 1816 1503 1838 morem
1539 1804 1714 1838 adversus
1740 1806 1983 1849 protestantes

219 1863 378 1898 defendit
411 1863 560 1906 eiusque
594 1860 788 1895 utilitatem
823 1859 980 1904 exponit.
1035 1859 1104 1901 „Ut
1129 1858 1263 1902 aliquid
1290 1858 1377 1892 certi
1403 1857 1599 1891 habeamus
1631 1857 1673 1891 ad
1701 1857 1981 1891 concionandum

219 1917 311 1961 quod
329 1915 437 1950 etiam
457 1915 500 1949 ad
518 1915 689 1959 pietatem
707 1914 897 1947 admonere
923 1914 958 1946 et
976 1912 1159 1957 impellere
1181 1911 1295 1956 possit
1320 1911 1450 1944 bonum
1476 1910 1602 1955 putaui
1626 1909 1662 1943 in
1687 1922 1815 1944 manus
1840 1921 1981 1944 sumere

219 1969 407 2014 epistolam
435 1968 483 2002 D:
513 1967 637 2002 Jacobi
672 1969 708 2000 et
741 1967 778 2000 in
813 1965 973 2010 qualibet
1008 1965 1175 1999 concione
1210 1966 1348 2009 partem
1379 1963 1537 2007 aliquam
1564 1963 1736 2008 epistolae
1762 1964 1944 1997 declarare
1955 1969 1978 1997 ἢ.

220 2023 330 2067 Spero
363 2021 471 2056 bonib
505 2032 575 2054 non
602 2022 830 2054 contemnent
853 2019 963 2053 talem
990 2018 1107 2052 cibum
1134 2017 1197 2050 sed
1223 2017 1387 2061 sapidum
1422 2017 1541 2061 potius
1578 2017 1829 2061 experientur⁶
1863 2018 1898 2050 et
1923 2027 1980 2050 me

218 2076 393 2110 iuuabunt
417 2074 583 2119 precibus
609 2076 650 2107 vt
666 2073 798 2118 possim
809 2073 823 2093 ⁴¹
852 2084 930 2106 esse
957 2072 1069 2106 bonus
1095 2076 1254 2114 coquuse
1281 2070 1341 2114 qui
1364 2081 1429 2103 vos
1447 2070 1547 2103 alat‘3
1564 2081 1695 2103 manna
1712 2070 1758 2104 40
1776 2069 1921 2103 diebuss
1944 2070 1979 2103 in

219 2129 359 2163 deserto
371 2130 383 2148 ⁴
401 2130 441 2162 ut
457 2129 557 2161 tanto
576 2126 703 2160 melius
718 2125 934 2170 perueniatis
952 2125 997 2158 ad
1011 2127 1143 2158 terram
1158 2123 1429 2168 promissionisg
1443 2124 1466 2156 ⁵.
1494 2122 1562 2156 Ter
1581 2125 1700 2156 autem
1715 2122 1976 2156 contionabor.“

223 2182 321 2226 (Cod.
353 2181 457 2224 „Can
477 2181 541 2214 27*
571 2180 595 2213 f.
618 2179 764 2222 1³—7³.)
802 2178 1032 2221 Significasse
1058 2177 1200 2211 videtur
1227 2176 1403 2217 Canisius‚
1431 2178 1471 2209 ut
1495 2187 1604 2220 supra
1629 2176 1759 2217 monui,
1787 2176 1980 2216 contiones,

220 2247 309 2280 quas
343 2246 406 2279 per
440 2233 602 2277 singulas
628 2231 930 2275 Quadragesimae
961 2230 1201 2264 hebdomades
1236 2229 1361 2263 diebus
1398 2229 1555 2273 operosis
1590 2228 1630 2271 (f.
1657 2228 1712 2269 IL,
1739 2228 1812 2269 IV„
1838 2228 1915 2272 Vl.)
1943 2228 1979 2262 in

220 2288 352 2333 templo
379 2287 413 2322 S.
439 2286 582 2321 Ioannis
608 2285 795 2319 habiturus
822 2287 929 2318 esset.

342 2340 490 2383 „Concio
524 2339 638 2384 prima
672 2338 709 2372 in
733 2337 932 2382 Epistolam
959 2337 999 2371 d:
1025 2336 1181 2371 Jacobi.“
1235 2336 1383 2380 Incipit:
1424 2334 1558 2377 „Dweil
1592 2334 1650 2368 1011
1684 2334 1750 2368 5011
1777 2334 1849 2368 vnd
1880 2344 1980 2368 muss

219 2394 382 2428 itzunder
416 2392 509 2426 mich
545 2394 602 2426 fur
629 2391 686 2426 ein
711 2389 1049 2435 fastenpredigernh
1076 2409 1118 2413 -
1146 2389 1341 2423 darstellen
1366 2388 1439 2422 und
1465 2387 1656 2429 brauchen‚
1683 2387 1850 2432 proposui
1875 2386 1980 2420 mihii

220 2448 256 2480 111
280 2447 432 2480 manusli
467 2457 608 2479 sumere
643 2447 776 2478 certam
809 2444 966 2487 aliquam
992 2442 1179 2476 materiam
1206 2442 1261 2475 etl
1297 2441 1436 2485 quoties
1472 2440 1530 2474 1110
1564 2440 1728 2485 praedico
1761 2440 1855 2473 circa
1880 2439 1979 2473 illam

221 2500 349 2533 morari
384 2500 419 2532 in
445 2499 511 2532 hac
539 2497 822 2542 quadragesima.
873 2496 976 2531 Vnde
1002 2495 1126 2530 relicto
1153 2495 1350 2538 Euangelio
1376 2494 1447 2528 iam
1473 2493 1566 2527 lecto
1592 2493 1715 2527 statim
1740 2492 1908 2526 accedam
1935 2492 1979 2526 ad

221 2552 434 2597 promissum
472 2551 633 2596 proxime
670 2553 710 2584 ut
745 2561 790 2583 ex
824 2561 916 2583 nouo
950 2550 1202 2583 testamentom
1240 2546 1429 2592 epistolam
1467 2557 1575 2580 Vnam
1613 2545 1834 2589 praeclaram
1874 2544 1980 2578 vnius

222 2605 383 2649 Apostoli
418 2604 571 2638 Jacobin
606 2603 784 2648 proferam
822 2602 859 2635 111
893 2602 1048 2635 medium
1084 2605 1120 2635 et
1157 2600 1365 2635 declaremss‘
1419 2599 1574 2633 Deinde:
1617 2600 1646 2631 1.
1683 2597 1753 2632 Cur
1787 2597 1978 2642 epistulam

223 2657 319 2691 illam
338 2657 405 2691 sibi
424 2657 650 2701 proposuerit
667 2656 928 2701 explicandam,
955 2655 1041 2689 dicit
1061 2654 1206 2697 (caussa
1222 2655 1277 2688 4.:
1308 2653 1411 2697 „quia
1428 2651 1580 2685 multum
1607 2650 1794 2685 confirmat
1819 2653 1978 2684 nostram

223 2709 442 2743 Catholicam
468 2709 574 2743 fidem
601 2710 636 2742 in
662 2708 823 2743 articulis
849 2708 975 2742 multis
1002 2710 1038 2741 et
1062 2707 1203 2750 magnis
1229 2706 1332 2740 hodie
1359 2704 1599 2739 controuersis
1624 2703 1802 2747 simulque
1828 2702 1980 2736 destruit

339 2786 367 2815 3)
389 2785 506 2810 declaro
527 2786 592 2809 libr.
684 2783 714 2815 b)
735 2783 832 2809 bonos
853 2785 919 2808 libr.
1014 2784 1039 2813 c)
1061 2785 1082 2807 Α
1108 2785 1134 2807 C.
1158 2783 1218 2813 ipso
1238 2784 1396 2806 coi-rectum
1416 2788 1452 2805 ex
1472 2778 1697 2812 experiendum.
1791 2777 1820 2809 d)
1841 2778 1980 2809 Sequitur

225 2825 319 2856 vobis,
338 2827 541 2850 oblitteratum.
623 2826 650 2856 e)
671 2826 838 2856 Sequuntur
859 2833 899 2849 vv.
921 2823 972 2857 qui
992 2831 1049 2848 vos
1068 2823 1141 2855 alat,
1160 2824 1249 2848 oblitt.
1329 2821 1357 2852 f)
1378 2822 1424 2845 Ita
1445 2823 1473 2846 C.
1495 2821 1555 2852 ipse
1574 2819 1700 2845 correxit
1720 2826 1756 2844 eat
1776 2818 1907 2851 quatuor
1926 2819 1980 2844 aut

224 2866 355 2898 quinque
376 2866 490 2892 diebus.
557 2868 586 2897 g]
611 2867 681 2891 Tria
702 2874 743 2890 vc.
764 2874 821 2897 sqq.
836 2874 854 2890 a
870 2867 897 2890 C.
914 2867 976 2897 ipso
995 2866 1099 2890 addita
1118 2867 1194 2889 sunt.
1260 2863 1290 2895 h)
1312 2863 1449 2894 Sequitur
1469 2870 1492 2886 1¹.
1508 2861 1657 2886 obscurius
1676 2860 1825 2891 scriptum.
1890 2859 1910 2890 i)
1931 2861 1978 2884 Ita

225 2908 252 2930 (¹.
272 2915 324 2931 suu
346 2916 432 2931 manu
453 2909 579 2932 correi-it
600 2916 635 2932 ea:
656 2907 739 2932 Sicut
758 2907 898 2940 proxime
918 2906 1044 2939 promisi
1065 2905 1204 2938 incipiam
1224 2904 1364 2933 tractare,
1384 2911 1456 2935 quae
1476 2903 1636 2934 scripserat
1655 2901 1722 2925 libr.
1789 2899 1820 2931 k)
1842 2900 1979 2931 Sequitur

224 2946 306 2977 mihi,
326 2949 412 2972 oblite.
503 2948 524 2978 1)
554 2949 624 2973 Tria
646 2956 686 2973 vv.
707 2956 764 2980 sqq.
784 2949 820 2973 ab
840 2949 903 2979 ‘Ipso
925 2949 952 2972 C.
973 2948 1076 2972 addita
1095 2950 1170 2971 sunt.
1253 2947 1294 2976 m)
1321 2946 1368 2970 Ita
1390 2946 1418 2970 C.
1438 2945 1500 2975 ipse
1520 2943 1648 2968 correxit
1674 2950 1710 2966 e-tt
1736 2941 1977 2973 quadragesima.

224 2986 305 3019 Elegi
326 2988 435 3019 autem,
455 2997 526 3020 quae
547 2990 611 3013 libr.
632 2990 802 3020 scripserat.
893 2993 923 3016 11)
947 2989 1075 3020 Quinque
1096 2996 1138 3012 vv.
1158 2995 1216 3019 sqq.
1237 2988 1272 3012 ab
1291 2987 1355 3018 ipso
1375 2987 1403 3010 C.
1423 2986 1528 3009 addita
1547 2987 1623 3009 sunt.

347 3082 354 3100 ¹
383 3081 430 3114 Ps
456 3082 487 3125 6,
515 3083 553 3122 2;
583 3083 636 3123 37,
664 3083 696 3117 ’2.
840 3083 853 3102 2
880 3082 935 3116 Gn
964 3083 1016 3123 18,
1044 3083 1099 3116 27.
1142 3082 1203 3115 lob
1230 3082 1284 3123 34,
1314 3082 1367 3115 15.
1411 3079 1509 3114 Eccli
1539 3079 1590 3119 17,
1616 3078 1680 3118 313
1708 3078 1753 3112 cf.
1782 3076 1836 3111 Gn
1862 3077 1893 3119 3,
1924 3077 1976 3111 19.

344 3134 356 3152 ³
383 3134 436 3166 Cf.
462 3133 560 3167 Hebr
586 3136 617 3175 5,
647 3136 794 3168 12—14.
940 3137 952 3154 4
981 3134 1033 3168 Cf.
1061 3135 1115 3168 Ex
1143 3135 1197 3175 16,
1226 3135 1383 3173 11—35;
1411 3132 1458 3166 Dt
1484 3132 1515 3173 8,
1545 3132 1587 3166 16
1614 3133 1681 3164 etc.

345 3186 357 3204 ⁵
383 3184 435 3218 Cf.
463 3186 516 3219 Gn
547 3187 599 3227 12,
627 3188 666 3227 7;
694 3187 746 3220 Ex
774 3187 827 3228 33,
856 3188 872 3220 1
902 3191 968 3221 etc.
