2045 3471
193 197 277 238 604
400 194 493 227 Mon.
514 192 701 228 702—703
727 192 805 226 sive
831 191 891 226 dil.
914 191 1086 235 (6)-(7).
1126 190 1244 224 Medio
1271 191 1307 223 et
1333 191 1487 223 exeunte
1514 187 1627 233 Aprili
1648 188 1749 223 1565.

192 310 300 347 702
326 311 405 345 sive
433 309 526 344 dil.
548 308 649 354 (6).
725 307 838 344 Medio
864 306 944 344 fere
971 318 1016 343 m.
1035 305 1158 354 Aprili
1183 305 1277 341 1565.

312 381 365 415 Ex
392 379 626 424 autographo.
680 378 744 421 „Gn
772 378 836 423 Ep.
864 378 932 412 V1“
963 378 988 412 f.
1015 378 1087 413 99b.

315 452 482 485 Canisz'us
509 451 656 493 Dilingsa
682 461 797 482 secum
823 450 943 491 aufert
979 450 1065 491 loyes
1091 448 1333 482 universitatis
1367 451 1396 480 et
1423 447 1644 480 contubernii
1671 446 1707 479 S.
1735 445 1960 488 Hieronymi,

192 507 326 539 Romae
351 505 589 537 mentiendas.

318 577 356 609 P.
383 576 624 608 Theodoram
655 574 820 606 Canisiu-s·
840 574 876 606 S.
897 574 945 615 J„
977 574 1194 605 Germaniae
1218 571 1418 613 superioris
1442 570 1749 613 viceprom'ncialis
1775 572 1878 611 atque
1902 568 1970 601 uni

195 630 371 663 versitatis
398 629 601 671 colleyiique
626 627 806 669 dilinycmi
832 630 958 669 rector,
985 626 1135 667 Dilinya
1158 627 1211 657 18.
1227 624 1321 656 Maii
1341 626 1431 656 1565
1449 623 1596 656 Romam
1616 623 1663 654 acl
1682 623 1717 655 S.
1732 621 1968 654 Franciscum

196 683 365 725 Borffl'am
396 682 582 715 Societatis
616 681 792 713 ‘ricarium
824 679 1022 722 yeneralem
1058 679 1142 711 haec
1176 677 1319 719 scripsit
1355 677 1396 709 de
1423 677 1526 709 Petro
1555 676 1700 708 Canisio
1734 675 1868 718 fratre,
1905 675 1967 717 qui

198 736 310 769 medio
346 736 422 777 fere
457 746 501 767 m.
529 734 654 777 Aprili
683 735 774 766 1565
809 733 978 776 Dilinyae
1011 736 1182 773 moratus,
1217 730 1281 763 sub
1308 732 1363 763 26.
1392 729 1533 772 Aprilis
1559 729 1721 770 Auqusta
1747 728 1896 761 Romam
1921 727 1969 760 ad

199 789 385 822 Sooietatis
409 788 708 830 001291·e9‘(ctz'0›zenz
734 786 932 828 yeneralem
951 785 1136 828 profectus
1162 787 1259 816 erat:
1285 782 1428 816 Statuta
1448 780 1597 825 Collegij
1617 780 1739 815 Sancti
1760 779 1968 824 Hieronymi

196 841 373 886 impressa
409 843 443 874 et
470 840 569 882 leges
596 838 847 872 vniue1·sitatis
882 837 1036 882 scriptas
1070 848 1192 870 secum
1220 835 1300 870 hinc
1327 834 1479 869 abstulit
1504 834 1736 868 Reuerendus
1763 836 1865 878 pater
1890 844 1968 877 pro-

197 894 376 928 uincialis.

319 946 483 982 canisius
518 958 537 980 a
566 945 695 988 Bor-gia
732 945 862 978 certior
895 944 1014 978 factus
1041 945 1119 977 erat
1145 944 1229 981 fore,
1266 945 1306 975 ut
1332 942 1367 975 in
1395 941 1673 985 congregatione
1700 939 1967 977 deliberaretur,

201 1012 309 1044 quam
336 999 534 1034 studiorum
561 999 735 1033 rationem
763 997 855 1031 Socii
881 996 1048 1040 Dilingae
1074 996 1177 1040 sequi
1203 995 1391 1034 deberent:
1421 995 1502 1028 vide
1528 1006 1637 1038 supra
1664 1005 1696 1038 p.
1717 993 1772 1027 50.

318 1053 484 1087 Canisius
511 1051 659 1086 Romam
694 1050 818 1085 attulit
843 1062 912 1084 non
943 1049 1126 1091 „Statuta“
1158 1048 1341 1091 dilingana
1366 1048 1501 1081 Romae
1528 1047 1619 1081 1553
1652 1046 1746 1091 apud
1774 1044 1967 1079 Antonium

198 1106 348 1140 Bladum
387 1117 539 1145 excusa,
576 1116 667 1149 quae
698 1115 880 1147 nunquam
916 1102 1144 1148 promulgata
1180 1113 1258 1135 esse
1294 1101 1486 1135 traduntur
1515 1101 1655 1144 (specht
1680 1100 1703 1134 l.
1730 1111 1759 1134 c.
1790 1099 1869 1141 17),
1905 1097 1968 1132 sed

197 1159 358 1193 libellum
400 1159 604 1201 „Institutio
645 1160 680 1192 et
719 1157 864 1191 Statuta
903 1156 1054 1199 collegii
1093 1154 1341 1189 Studiosorum
1381 1155 1599 1189 Clericorum
1637 1153 1703 1188 sub
1742 1151 1968 1186 invocatione

199 1216 235 1247 et
260 1213 481 1257 protectione
508 1212 542 1246 S.
570 1211 781 1255 Hieronymi
808 1222 828 1244 a
854 1209 1107 1244 Reverendiss.
1134 1208 1301 1253 Principe
1329 1210 1364 1242 et
1390 1207 1431 1243 D.
1451 1208 1492 1242 D.
1513 1206 1686 1241 Othone..
1705 1234 1734 1240 ..
1779 1204 1968 1240 Cardinale

200 1268 235 1299 et
262 1266 448 1311 Episcopo.
478 1265 642 1308 Dilingae
669 1264 811 1298 fundati
838 1266 874 1297 et
901 1263 1021 1297 erecti.
1040 1290 1045 1296 .
1063 1290 1092 1297 ..
1136 1262 1302 1304 Dilingae
1329 1261 1433 1306 Apud
1460 1260 1651 1296 Sebaldum
1678 1260 1815 1305 Mayer.
1866 1259 1968 1292 Anno

199 1318 330 1353 domini
361 1319 482 1353 1552*
533 1318 675 1362 (Speeltt
702 1317 722 1351 l.
752 1329 780 1351 c.
812 1317 870 1350 17³
896 1316 993 1359 406.)
1047 1315 1144 1357 Quae
1176 1315 1353 1357 „statuta“
1384 1315 1499 1348 denuo
1525 1314 1623 1359 typis
1649 1313 1816 1356 vulgavit
1845 1311 1970 1355 Specht

198 1372 221 1407 1.
237 1384 266 1407 c.
282 1372 480 1406 624—634.
518 1371 710 1405 Praeterea
737 1381 859 1404 secum
886 1369 1020 1411 attulit,
1047 1369 1115 1402 nisi
1142 1369 1258 1407 fallor,
1286 1368 1386 1410 leges
1413 1368 1456 1401 ab
1475 1367 1606 1401 Ottone
1633 1365 1805 1400 cardinali
1831 1377 1862 1400 a.
1879 1365 1969 1399 1554

199 1426 381 1463 studiosis,
412 1425 474 1469 qui
499 1425 535 1458 in
561 1424 793 1458 contubernio
820 1422 854 1456 S.
881 1422 1092 1467 Hieronymi
1118 1433 1187 1456 non
1213 1421 1429 1456 habitarent.
1457 1420 1694 1454 constitutas:
1734 1419 1899 1461 „Statuta
1924 1418 1968 1452 ab

200 1479 243 1513 iis
270 1479 433 1513 omnibus
460 1477 694 1517 observanda,
731 1477 791 1520 qui
827 1476 1026 1510 studiorum
1063 1476 1182 1519 gratia
1208 1475 1253 1509 ad
1279 1474 1511 1508 Academiam
1536 1476 1696 1508 nostra-ni
1722 1472 1968 1515 Dilingensem

201 1532 449 1567 accesse1·int.“
502 1531 637 1565 Horum
663 1532 882 1564 statutorum
910 1529 991 1562 olim
1020 1529 1163 1572 quidem
1189 1539 1331 1562 summa
1356 1527 1532 1571 quaedam
1557 1526 1655 1571 typis
1682 1525 1863 1570 exscripta
1891 1535 1969 1559 esse

203 1585 362 1624 videtur3
389 1596 482 1618 nunc
510 1586 629 1618 autem
657 1583 798 1625 integra
826 1584 970 1616 exstant
998 1582 1091 1626 apud
1120 1581 1243 1625 Specht
1270 1581 1291 1614 l.
1320 1593 1349 1614 c.
1377 1580 1575 1615 615—620.

205 1704 313 1740 703
342 1706 419 1739 sive
447 1703 542 1740 dil.
563 1704 662 1749 (7).
736 1703 849 1739 Medio
877 1704 913 1739 et
939 1703 1094 1739 exeunte
1120 1701 1242 1748 Aprili
1268 1701 1362 1737 1565.

324 1776 377 1809 Ex
394 1776 600 1820 archetypo.
617 1776 707 1819 quod
725 1778 843 1810 exstat
859 1775 992 1809 Romae
1007 1775 1042 1808 in
1057 1773 1204 1808 archivo
1220 1773 1397 1811 vaticano,
1419 1773 1579 1815 „Lettere
1595 1772 1628 1806 di
1644 1771 1799 1816 Principi
1813 1770 1877 1804 24“
1892 1781 1924 1804 n.
1938 1770 1970 1803 9.

324 1847 520 1890 Dionysias
538 1847 578 1879 cle
597 1847 768 1880 Nicotaro
787 1847 941 1879 medicas
969 1846 1076 1878 italas
1095 1856 1165 1887 per
1187 1845 1478 1878 Com-mendonam
1507 1844 1736 1887 apostolieum
1764 1845 1801 1876 in
1819 1843 1970 1875 Potomia

207 1901 370 1932 amittam
391 1900 574 1932 cardinali
592 1901 804 1942 Auyzcstano
824 1899 1094 1940 commemlatus,
1116 1899 1184 1931 iam
1205 1899 1355 1940 resipuit
1373 1902 1402 1930 et
1421 1898 1580 1930 ecclesiae
1597 1897 1803 1939 satisfacere
1814 1898 1971 1938 paratus

204 1956 261 1986 est.
307 1953 375 1994 Qui
401 1964 478 1986 cum
500 1953 643 1986 Canisio
670 1957 699 1985 et
725 1953 894 1994 Dz'linssae
918 1953 991 1994 fait
1017 1956 1046 1984 et
1074 1953 1107 1984 in
1128 1951 1273 1984 Italiam
1294 1951 1548 1993 proficiscitur.
1593 1950 1679 1993 Spes
1705 1954 1751 1982 est
1777 1959 1864 1991 eum,
1892 1959 1969 1981 cum

202 2007 354 2039 Venetie‘s
380 2006 562 2039 absolutus
587 2006 664 2047 erit,
694 2006 905 2047 Amyn-stam,
936 2005 1081 2038 Canisio
1109 2009 1263 2045 anctore,
1290 2004 1502 2036 reditumve..

325 2078 414 2118 Otto
439 2077 665 2118 Traclzsess
689 2077 924 2118 cardinalis
948 2081 984 2118 et
1008 2078 1220 2130 episcopus
1243 2080 1507 2130 mamistanus
1526 2075 1703 2130 Dilinya
1722 2076 1791 2115 ⁶27.
1806 2073 1970 2128 Aprilis

206 2144 320 2183 1565
345 2143 395 2183 (le
413 2142 618 2196 Dionysio
638 2141 687 2182 de
701 2141 903 2182 Nicotaro
925 2143 1037 2193 italo,
1061 2141 1233 2192 medico.
1259 2141 1330 2195 quc·
1351 2139 1417 2190 (nt
1440 2140 1607 2180 ommino
1629 2139 1815 2189 videtui)
1840 2153 1865 2179 a
1885 2138 1970 2192 fide

205 2207 407 2249 catholica
450 2206 671 2260 defecerat)
715 2206 815 2247 haec
857 2207 1026 2260 scripsit
1068 2206 1126 2246 ad
1158 2205 1359 2247 Ioannem
1394 2205 1673 2246 Franciscum
1705 2205 1969 2245 cardinalem

208 2272 575 2322 Commenclonum,
611 2271 879 2326 apostolicum
913 2271 1032 2326 apud
1065 2271 1266 2312 Poloniae
1300 2283 1433 2324 rossem
1474 2271 1682 2322 nuntium,
1723 2270 1795 2323 qui
1827 2268 1968 2309 Piotr-

205 2340 344 2380 coviae
365 2336 652 2391 (Pieterkow),
688 2350 780 2377 eum
806 2337 926 2389 requi
944 2337 1127 2390 polonici
1160 2336 1336 2376 comitiis
1371 2337 1594 2387 interesset,
1627 2334 1833 2388 Dionysio
1866 2334 1969 2374 satis

203 2402 484 2454 familiariter
525 2415 626 2442 usus
668 2406 760 2442 erat
806 2400 920 2451 (eide
963 2414 1097 2454 supra
1140 2416 1179 2455 p.
1224 2400 1326 2447 :35).·
1374 2399 1408 2439 ll
1452 2399 1635 2441 Dottore
1679 2398 1719 2439 di
1760 2397 1968 2440 Nicotaro

204 2466 600 2509 raccomandatomi
633 2465 687 2506 da
710 2465 762 2507 V.
787 2465 828 2508 S.
853 2465 1220 2506 Riuerendissima
1254 2466 1298 2505 et
1330 2463 1629 2506 Illustrissima
1665 2477 1742 2518 per
1774 2476 1860 2504 una
1891 2475 1970 2503 sua

206 2532 308 2574 data
340 2531 384 2573 in
416 2530 700 2573 Petracouia.a
733 2530 807 2572 alli
838 2529 984 2572 XIILJ.
1019 2529 1061 2571 di
1092 2529 1253 2579 Maleo,
1288 2529 1440 2582 giunse
1473 2528 1528 2570 da
1559 2541 1627 2569 me
1661 2530 1813 2580 questa
1845 2526 1970 2569 setti-

207 2610 336 2639 mana
358 2598 500 2645 santa,
535 2595 589 2637 da
612 2595 723 2648 qual'
748 2598 894 2648 tempo
918 2595 1098 2636 essendo
1120 2593 1238 2635 forse
1259 2595 1384 2636 tanto
1406 2593 1479 2646 piu
1501 2592 1685 2636 inuitato
1710 2594 1734 2633 a
1767 2593 1967 2633 mostrar'

205 2660 507 2714 compuntione
539 2662 583 2702 et
616 2659 876 2701 contritione
909 2659 949 2700 di
983 2672 1082 2700 core
1115 2661 1266 2700 contro
1299 2658 1329 2698 il
1351 2671 1428 2699 suo
1460 2657 1579 2707 fallo,
1613 2658 1670 2699 ha
1702 2657 1968 2698 demostrato

207 2724 247 2766 di
280 2727 410 2766 esser’
436 2725 474 2765 d'
499 2724 641 2766 animo
673 2726 797 2766 tanto
822 2724 1015 2777 disposto
1039 2725 1065 2765 a
1087 2722 1244 2765 ridursi
1276 2722 1392 2763 nella
1423 2722 1494 2763 uia
1527 2721 1568 2762 di
1590 2722 1744 2771 salute,
1779 2724 1823 2763 et
1843 2722 1969 2762 tanta

206 2792 438 2841 prontezza
480 2788 523 2830 in
556 2789 719 2830 andare
752 2791 778 2830 a
808 2788 902 2830 fare
934 2789 960 2829 l'
981 2790 1075 2831 atto
1109 2787 1187 2830 che
1228 2787 1259 2828 li
1291 2786 1498 2828 conuiene
1531 2785 1573 2827 di
1604 2788 1759 2838 questa
1791 2799 1869 2826 sua
1901 2798 1970 2826 re-

208 2853 453 2905 cognitione
469 2855 495 2903 1,
541 2854 605 2895 ch'
624 2853 664 2895 io
696 2867 750 2895 ne
782 2853 837 2894 ho
870 2866 996 2906 preso
1030 2853 1165 2894 molta
1198 2851 1505 2893 consolatione.
1569 2850 1604 2891 E
1637 2852 1754 2892 stato
1787 2849 1858 2902 qui
1890 2862 1970 2890 con

206 2916 236 2956 il
259 2917 398 2958 Padre
420 2917 603 2967 Canisio,
639 2920 682 2959 et
704 2931 751 2959 se
774 2931 826 2959 ne
849 2931 904 2958 ua
937 2931 1095 2959 ancora
1126 2916 1170 2958 in
1192 2915 1321 2958 Italia
1342 2915 1386 2956 in
1408 2913 1665 2968 compagnia
1687 2913 1729 2955 di
1751 2914 1791 2956 S.
1817 2914 1968 2956 Pater-

208 2979 301 3021 nita
344 2982 386 3021 la
429 2981 555 3033 quale
597 2982 633 3022 si
677 2984 698 3023 e
739 2981 905 3023 inuiata
938 2984 964 3023 a
998 2982 1135 3023 Roma
1175 2994 1254 3034 per
1294 2979 1482 3022 trouarsi
1523 2979 1609 3021 alla
1640 2978 1859 3020 Elettione
1901 2978 1967 3019 del

328 3065 356 3094 a)
378 3065 442 3095 Sic‚·
461 3065 644 3089 scribendam
665 3067 741 3095 fait:
761 3065 943 3092 Petricouia.

336 3174 344 3192 ¹
371 3172 570 3208 Cardinalis
596 3175 802 3210 sollemnem
829 3177 990 3211 haeresis
1017 3177 1274 3211 abiurationem
1301 3177 1505 3220 significare
1531 3176 1684 3210 videtur.
