2045 3471
201 202 285 244 770
685 195 780 229 Mon.
800 194 867 229 837
894 193 972 228 sive
999 203 1075 227 oen.
1096 191 1163 236 (3).
1202 191 1257 225 29.
1277 189 1364 224 Maii
1383 188 1485 223 1566.

317 317 355 350 P.
389 315 626 348 Theodoricus
651 314 830 354 Cani-sius,
871 312 1087 345 Germaniae
1110 310 1310 353 superior-ts
1334 306 1640 350 viceprovincialis
1665 309 1695 338 et
1720 304 1962 337 universitatis

200 371 403 413 colleyiiqzce
426 368 607 410 dilinyani
633 371 759 410 rector,
795 365 944 408 Dilinya
971 367 1002 398 8.
1030 363 1235 397 Novembris
1264 364 1354 395 1565
1381 361 1418 394 S.
1445 360 1642 393 Francis-co
1668 359 1822 401 Boryz‘ae
1853 367 1959 399 prae-

196 424 310 467 posito
332 421 492 465 ρεηεναίί
525 421 577 453 sic
601 420 746 463 scripsit
780 419 821 451 de
846 418 950 451 Petro
980 417 1124 450 Cam'sio
1157 416 1285 458 fratre,
1319 415 1381 457 qui
1409 413 1523 456 paulo
1550 416 1629 444 ante
1655 411 1768 444 Roma
1793 410 1960 452 redierat,

200 481 229 510 et
255 477 296 509 de
322 476 361 508 P.
389 475 524 507 Ioanne
549 474 684 516 Dyrsto
711 473 846 514 colleyv'i
871 471 1102 513 oenipontani
1127 473 1270 511 rectorey
1298 468 1370 510 qui,
1396 471 1435 499 ut
1461 477 1498 499 eo
1523 466 1642 507 officio
1667 464 1854 505 levaretur,
1889 472 1959 495 non

199 529 300 562 semel
324 528 493 571 petierat:
518 525 751 559 Reuerendus
768 536 801 568 p.
822 522 1052 568 prouincialis
1070 521 1125 556 21.
1145 521 1258 555 octob.
1279 519 1518 563 Oenipontum
1537 516 1646 557 venit,
1666 516 1757 550 febri
1775 516 1961 558 grauatus,

200 593 293 626 quae
319 579 500 614 octiduum
526 580 642 615 totum
677 577 808 612 ibidem
836 588 916 610 eum
942 577 1122 609 remorata
1149 575 1205 608 est
1224 600 1230 607 .
1249 572 1376 607 vltimo
1402 571 1557 606 octobris
1583 571 1785 613 Augustam
1812 567 1962 613 appulitv

201 637 238 669 et
263 635 300 669 2¹3
318 631 532 667 Nouembris
558 631 628 666 huc
645 632 745 665 venit
771 641 881 664 sanus
906 629 959 664 sic
984 628 1085 662 satis.
1125 626 1301 661 Discessit
1325 625 1409 659 hinc
1426 625 1475 658 4‘*O
1492 623 1717 657 Nouembris.
1733 649 1740 657 .
1757 649 1764 656 .
1780 649 1787 656 .
1831 622 1962 655 Rector

202 687 461 732 oenipontanus
488 713 495 720 .
516 713 523 720 .
544 712 551 719 .
578 684 757 719 iuuandus
784 685 881 717 esset
905 682 982 727 ipse
1010 681 1127 726 potius
1154 680 1188 713 in
1216 679 1346 724 spiritu
1372 680 1408 712 et
1434 676 1634 717 vocatione,
1670 678 1710 709 vt
1735 676 1787 709 ait
1811 674 1850 708 P.
1877 674 1959 708 Pro-

201 739 378 781 uinoiahs,
405 750 512 783 quam
539 737 632 782 quod
659 737 751 771 alios
776 736 886 770 iuuet.
931 735 1045 768 Audio
1071 734 1163 778 quod
1190 732 1401 777 patientiam
1428 743 1462 775 p.
1488 728 1720 775 prouincialis
1745 728 1835 762 bene
1861 738 1961 761 exer-

203 793 328 833 cuerit,
361 804 478 836 neque
505 802 586 825 cum
621 791 682 825 illo
709 801 815 834 agere
842 789 998 822 voluerit
1024 787 1147 821 multis
1174 786 1299 820 diebus
1335 785 1377 819 de
1404 784 1510 818 rebus
1538 782 1699 827 Collegij,
1735 781 1835 815 velut
1861 780 1960 815 illum

201 859 272 881 non
298 847 512 889 agnosceret
537 844 756 889 superiorem
783 841 945 887 Collegij.

326 900 420 941 Quid
455 904 569 931 autem
606 909 684 931 cum
713 898 858 930 Canisio
886 895 1094 938 praeposito
1126 893 1342 936 provinciali
1368 892 1525 934 Dyr-sius
1550 893 1708 923 tractare
1732 888 1782 921 vel
1807 888 1965 921 debuerit

206 954 254 986 cel
278 954 400 987 saltem
429 954 599 995 potuerit,
634 951 851 994 intelleyitm·
877 961 920 982 eac
951 949 1007 989 iis,
1044 958 1133 990 quae
1159 947 1335 979 Polancns
1361 944 1546 978 Societatis
1578 943 1790 976 secretarius
1823 942 1965 974 nomine

204 1007 360 1049 Borytae
379 1005 582 1048 praepositi
604 1004 785 1047 qeneralv's
810 1003 986 1046 Dyr-sium
1011 1002 1148 1034 monuit
1173 1000 1287 1032 Roma
1315 1000 1368 1032 14.
1392 998 1548 1031 Octobris
1574 998 1689 1029 1565:
1714 994 1766 1029 De
1793 991 1965 1037 subsidijs

205 1058 447 1104 operariorum
472 1057 657 1091 mittendis
691 1056 725 1090 in
754 1054 980 1090 Germaniam
1017 1052 1148 1087 soliciti
1174 1052 1317 1091 fuimus,
1355 1051 1447 1084 inter
1474 1060 1562 1094 quos
1597 1060 1699 1082 suam
1725 1049 1864 1092 partem
1898 1045 1963 1091 inj-

205 1114 352 1157 pontum
378 1111 533 1152 habebit,
561 1112 597 1144 et
622 1111 657 1143 in
684 1111 867 1154 posterum
893 1106 1021 1142 similis
1047 1105 1236 1140 solicitudo
1262 1116 1331 1138 non
1358 1103 1490 1143 deerit;
1523 1102 1575 1136 De
1604 1101 1654 1136 R.
1674 1101 1717 1135 V.
1745 1100 1853 1134 etiam
1879 1098 1964 1133 libe-

206 1165 317 1199 randa
342 1164 409 1198 hoc
435 1176 552 1206 onere,
578 1175 598 1197 a
625 1175 694 1207 quo
720 1163 827 1196 toties
854 1160 959 1206 petijt
984 1159 1140 1199 liberari,
1167 1158 1363 1202 cogitatum
1391 1158 1456 1194 est.
1489 1156 1552 1189 sed
1579 1155 1662 1199 quia
1689 1165 1792 1198 spero
1819 1153 1963 1186 Patrem

206 1218 468 1252 Prouincialem
496 1216 676 1251 Canisium
705 1227 824 1250 coram
851 1217 1026 1253 acturum,
1061 1212 1116 1246 uel
1154 1213 1223 1246 iam
1251 1210 1370 1254 egisse
1396 1210 1438 1244 de
1464 1209 1616 1247 talibus;
1653 1219 1723 1241 non
1749 1205 1903 1251 amplius
1928 1207 1963 1240 in

207 1272 262 1305 his
280 1270 505 1305 immorabor.
537 1272 583 1304 Et
595 1271 708 1304 Roma
728 1273 758 1303 3.
774 1269 980 1302 Novembris
1000 1269 1111 1301 1565:
1129 1264 1308 1306 Quomodo
1323 1275 1360 1297 se
1379 1274 1503 1306 gerere
1523 1262 1676 1295 debenta
1689 1260 1734 1304 [9]
1754 1259 1867 1293 nostri
1885 1270 1963 1293 cum

208 1324 371 1368 catalogo
397 1324 569 1358 librorum
595 1321 884 1357 haereticorumb
903 1320 950 1364 [‘?]
979 1319 1072 1364 apud
1099 1322 1278 1357 externos,
1305 1317 1396 1350 idem
1419 1312 1527 1349 Pater
1545 1313 1781 1348 Prouincialis
1799 1312 1966 1346 Canisius

208 1378 390 1422 explicare
414 1377 557 1422 poterit,
593 1378 629 1410 et
663 1376 754 1409 forte
788 1374 858 1408 iam
886 1372 1093 1417 explicauit.
1235 1370 1459 1414 Responsum
1494 1368 1538 1402 ad
1573 1367 1635 1401 illa
1662 1366 1775 1400 multa
1800 1365 1966 1410 quaesita

206 1430 291 1464 tulit
317 1430 426 1464 Pater
444 1429 619 1463 Canisius.
639 1456 647 1464 .
667 1455 674 1462 .
697 1456 703 1462 .
742 1427 996 1462 Jntelleximus
1022 1424 1114 1469 quod
1143 1424 1335 1457 Lauretum
1363 1422 1604 1466 peruenerunt
1630 1419 1668 1454 P.
1689 1419 1903 1458 Pinedanus,
1930 1420 1967 1451 et

208 1483 462 1518 Dominious1.
481 1483 574 1527 quod
601 1482 643 1516 ad
670 1482 842 1515 uiaticum
869 1479 1009 1517 attinet,
1046 1477 1100 1521 [R.
1120 1477 1176 1519 V.]
1214 1478 1283 1510 iam
1311 1476 1396 1519 egit,
1431 1473 1625 1508 uerisimile
1652 1474 1717 1513 est,
1752 1483 1831 1506 cum
1858 1471 1967 1505 Patre

209 1536 350 1570 Canisio
377 1547 457 1570 cum
483 1535 599 1570 isthac
617 1534 772 1579 transijt,
799 1544 951 1577 aequum
971 1532 1075 1576 plane
1094 1533 1149 1564 est
1166 1532 1207 1563 ut
1225 1530 1280 1564 50.
1300 1529 1379 1562 illos
1399 1529 1485 1562 duos
1502 1527 1656 1561 florenos
1674 1524 1968 1568 Jngolstadiense

209 1590 400 1633 collegium
426 1589 554 1628 soluat,
581 1591 617 1622 et
642 1589 861 1632 inposterum
880 1585 992 1619 multo
1018 1585 1205 1629 pauciores
1225 1583 1437 1627 Aenyponto
1462 1579 1668 1614 transibunt
1690 1591 1736 1612 ex
1760 1578 1904 1615 nostris,
1932 1579 1969 1611 et

210 1643 262 1677 illi
296 1642 366 1687 ipsi
400 1642 485 1676 licet
518 1641 678 1686 hospicio
714 1640 949 1684 excipiantur,
987 1637 1171 1671 curabitur
1196 1638 1236 1669 ut
1261 1647 1305 1669 ne
1331 1636 1483 1678 grauent
1508 1633 1640 1666 uiatico
1667 1633 1967 1676 Aenypontanum

210 1696 412 1740 collegium.
440 1695 623 1729 Scribetur
649 1695 756 1728 etiam
784 1691 1001 1726 Prouinciali
1027 1702 1070 1724 ne
1097 1688 1380 1723 ualetudinarios
1406 1690 1469 1721 aut
1495 1686 1654 1720 infirmos
1680 1685 1799 1719 isthuc
1824 1684 1968 1718 mittere

211 1750 330 1790 faciat,
357 1749 548 1792 aliquando
574 1750 695 1782 tamen
721 1757 889 1780 exercere
914 1744 1127 1779 charitatem
1153 1754 1233 1776 cum
1260 1741 1462 1775 huiusmodi
1489 1739 1662 1773 fratribus
1681 1737 1873 1772 detrectari
1899 1748 1968 1770 non

211 1802 326 1843 debet,
353 1813 432 1836 cum
459 1801 672 1846 praesertim
697 1800 896 1834 necessitas
922 1798 956 1832 id
984 1797 1108 1840 exigit.

214 1912 319 1949 837
346 1914 423 1948 sive
451 1922 570 1948 oen.
591 1911 691 1957 (3).
767 1910 823 1946 29.
841 1908 925 1945 Maii
952 1908 1047 1944 1566.

330 1978 385 2013 Ex
410 1978 551 2012 Natalis
577 1977 733 2022 epistula
758 1976 965 2020 archetypa,
993 1986 1084 2018 quae
1111 1975 1231 2008 exstat
1258 1973 1292 2006 in
1322 1971 1423 2014 „EN“
1454 1983 1488 2005 n.
1517 1970 1596 2012 133,
1635 1972 1669 2003 et
1696 1981 1741 2002 ex
1766 1968 1967 2001 litterarum

213 2032 358 2066 Polanci
393 2031 598 2076 apographo
625 2031 747 2064 eodem
773 2032 934 2073 tempore
959 2028 1104 2072 scripto,
1139 2027 1231 2071 quod
1269 2029 1324 2059 est
1359 2025 1393 2058 in
1425 2024 1564 2066 „Germ.
1592 2022 1655 2056 65“
1686 2023 1710 2056 f.
1741 2019 1967 2055 mgb—139³.

213 2084 379 2130 Epistula
403 2084 543 2119 Natalis
569 2084 721 2129 primum
747 2083 845 2127 typis
872 2082 1055 2126 exscripta
1093 2082 1149 2114 est
1174 2080 1209 2113 in
1236 2079 1325 2123 Epp.
1353 2078 1475 2113 Nadal
1499 2076 1549 2110 III
1580 2075 1773 2110 152—154.
1825 2073 1967 2106 Partem

211 2138 412 2172 litterarum
440 2137 587 2172 Polanci
613 2136 816 2180 germanice
842 2146 984 2169 versam
1011 2134 1130 2179 posuit
1156 2134 1270 2166 Iso-&ss
1295 2133 1317 2165 l.
1345 2142 1374 2165 c.
1404 2131 1489 2170 177;
1526 2129 1738 2174 particulam
1766 2126 1969 2163 earundem,

215 2194 250 2225 et
275 2192 388 2236 ipsam
417 2191 621 2234 germanice
648 2201 801 2232 versam,
828 2188 946 2233 posuit
972 2187 1088 2230 Βῑιῖιν,
1116 2186 1189 2220 Jes.
1216 2197 1260 2219 an
1288 2183 1549 2217 Furstenhofen
1578 2182 1633 2215 74.

337 2256 503 2290 canisius
537 2256 637 2288 iussa
662 2255 700 2288 P.
728 2254 871 2287 Natalis
895 2252 1087 2285 visitatoris
1114 2252 1273 2293 Augusta
1305 2249 1527 2290 Oenipontem
1552 2247 1802 2289 proficiscitur,
1828 2248 1866 2276 ut
1892 2254 1968 2276 cam

217 2310 469 2343 archiducissis
495 2313 576 2351 ayat
602 2313 631 2341 et
657 2308 730 2350 hoc,
753 2312 900 2349 praeter
917 2307 1003 2348 alta,
1031 2316 1088 2338 eas
1112 2307 1271 2337 moneat:
1299 2304 1514 2343 Societatem,
1539 2302 1572 2333 si
1599 2303 1693 2343 ipsae
1718 2299 1968 2332 monasterium

216 2373 403 2396 sacrarum
428 2364 607 2405 ve'rffl'mcm
634 2362 852 2394 instituerint
879 2364 908 2392 et
934 2359 1159 2398 intraverint,
1188 2367 1308 2389 rerum
1327 2365 1516 2388 sacrarum
1542 2356 1581 2386 in
1599 2364 1636 2386 eo
1654 2363 1778 2385 caram
1795 2351 1973 2392 suscipere

219 2427 287 2448 non
310 2427 419 2458 POSSZ'.

335 2483 384 2525 P.
406 2483 692 2535 Hieronymus
721 2479 903 2531 Natalis,
936 2478 1153 2519 Societatz‘s
1184 2477 1388 2526 visitator,
1423 2474 1615 2526 Auyusta
1650 2470 1970 2520 Vindelicor·um‚

221 2548 290 2588 ubi
321 2549 409 2600 ipse
442 2562 490 2588 ac
512 2546 598 2587 PP.
626 2546 825 2586 (lanistas
858 2548 892 2584 et
914 2543 1118 2584 Ledesma.
1150 2542 1268 2581 iussu
1292 2540 1335 2581 S.
1359 2539 1430 2579 Pii
1452 2538 1497 2580 V.
1524 2539 1566 2578 ιή
1599 2536 1772 2577 comitiis
1804 2534 1973 2588 'imperio'

220 2613 457 2653 cardinalis
488 2611 665 2652 Ioannis
688 2609 909 2650 Francisci
933 2606 1230 2648 Commendoni
1266 2605 1390 2658 Zeyati
1417 2603 1625 2657 pontificii
1655 2601 1853 2654 theoloyos
1886 2612 1971 2653 eye-

223 2682 319 2717 rant
350 2675 405 2726 (v.
430 2690 561 2730 supra
590 2690 632 2729 p.
657 2674 776 2726 575),
809 2676 880 2715 29.
905 2673 1016 2713 Maii
1042 2672 1156 2712 1566
1188 2671 1366 2711 Romam
1400 2667 1458 2708 ad
1490 2668 1532 2709 S.
1557 2666 1832 2707 Franciscum
1866 2663 1971 2704 Bor-

220 2742 330 2794 yiam
370 2741 654 2794 praepositum
695 2738 929 2793 yeneralem
971 2737 1044 2777 hoc
1084 2736 1263 2776 rettulit:
1304 2733 1498 2785 Accepta
1532 2729 1743 2771 facultate
1776 2728 1829 2769 ab
1861 2727 1972 2768 Jllu-

222 2803 431 2846 strissimo
462 2804 628 2856 Legato
656 2803 700 2844 P.
725 2801 921 2843 Canisius
953 2799 1152 2841 discessit
1183 2798 1308 2839 hodie
1332 2796 1631 2849 OEnipontum
1666 2793 1720 2834 ad
1751 2791 1971 2845 negotium

221 2868 325 2909 illud
358 2868 669 2921 expediendum
703 2867 754 2908 de
787 2880 869 2919 quo
902 2864 1054 2918 scripsi
1087 2864 1146 2906 .P.
1170 2863 1223 2905 V.
1256 2860 1507 2916 praeteritis
1540 2858 1710 2900 litteris.

343 2949 371 2972 al
393 2948 456 2978 Si<·;
475 2947 676 2978 corriyendicm
698 2953 757 2970 esse
778 2946 912 2970 videtur:
933 2942 1073 2970 debeant.
1151 2943 1181 2973 b)
1208 2942 1290 2967 Libr.
1311 2942 1444 2973 primum
1469 2940 1650 2970 scripserat:
1678 2936 1815 2968 catalogo
1841 2934 1972 2961 haereti-

225 2994 328 3012 corum
347 2987 493 3013 librorum
514 2987 751 3015 haereticorum:
771 2987 874 3011 deinde
897 2986 1012 3010 verbum
1032 2984 1178 3010 librorum
1200 2983 1395 3012 oblitteravit;
1412 2983 1539 3012 fortasse
1559 2983 1653 3004 autem
1675 2979 1799 3003 scribere
1821 2978 1863 3002 vel
1883 2977 1973 3001 voluit

228 3030 268 3052 vel
293 3030 392 3053 saltem
420 3030 533 3053 debuit:
561 3028 698 3059 catalogo
724 3026 871 3052 librorum
900 3024 1135 3058 prohibitorum.

287 3173 331 3207 48
348 3122 434 3207 Ῑὸξθ
460 3122 499 3156 Ρ.
520 3121 700 3166 Alphonso
726 3120 906 3154 Pinedano
939 3122 975 3153 et
1009 3119 1051 3153 de
1078 3119 1133 3153 Fr.
1161 3119 1290 3153 Ioanne
1316 3116 1499 3151 Dominieo
1525 3115 1718 3149 Facciardo
1752 3113 1834 3147 vide
1865 3123 1974 3156 supra

229 3185 260 3217 p.
407 3201 412 3206 .
