2077 3461
129 199 231 233 1254.
259 196 422 232 Canisius
440 195 562 228 Marco
582 194 665 228 Ant.
685 191 837 226 Amulio.
892 191 993 226 1255.
1021 189 1186 225 Canisius
1213 188 1246 224 S.
1266 188 1457 222 Franciseo
1485 187 1527 221 de
1545 186 1687 230 Bor-gia.
1758 188 1838 228 119

81 318 115 351 in
141 316 236 350 hunc
254 325 387 348 annum
411 312 517 355 longe
534 311 663 354 magis,
691 321 798 354 quam
824 310 860 343 in
883 320 914 344 a.
943 309 1033 344 1558
1060 307 1287 348 conveniunt,
1314 317 1406 350 quae
1425 304 1644 348 Fuligattius
1662 303 1839 337 affirmat:

80 367 335 403 Mancinellum
368 368 455 400 tunc
489 364 621 399 litteris
655 363 846 404 studuisse,
881 373 1034 405 magnae
1059 360 1207 395 virtutis
1240 359 1347 393 laude
1380 358 1554 398 floruisse,
1590 357 1626 391 in
1653 355 1844 390 Societatis

80 421 302 467 professione
336 421 500 464 tyronem
535 417 660 452 haberi
694 417 865 461 potuisse.
916 413 1154 449 Mancinellus
1188 424 1235 446 m.
1262 413 1425 455 Augusto
1452 423 1482 445 a.
1520 410 1608 445 1566
1643 410 1678 443 in
1712 420 1842 443 novam

81 475 224 509 domum
249 472 469 518 probationis
487 472 621 506 Romae
647 469 740 514 apud
764 468 935 503 sacellum
955 467 990 502 S.
1009 467 1173 501 Andreae
1199 466 1234 500 in
1261 467 1381 499 monte
1400 463 1574 505 Quirinali
1601 464 1843 507 comparatam

81 531 221 574 partem
255 525 453 560 iuventutis
488 524 585 559 illius
611 535 655 557 ex
683 523 785 557 domo
820 522 984 566 professa
1010 521 1153 554 induxit
1181 519 1405 561 (Sacc-hincm,
1431 517 1526 551 Hist.
1554 516 1588 550 S.
1614 517 1645 551 J.
1674 516 1735 555 III,
1762 515 1784 549 l.
1812 515 1842 554 2,

81 593 114 615 n.
145 580 222 624 16);
249 579 369 625 paullo
395 579 477 623 post
501 576 672 622 perusini,
699 575 825 609 deinde
851 575 1031 609 florentini
1058 572 1202 616 collegii
1228 574 1346 606 rector
1373 570 1591 604 constitutus
1618 572 1692 609 est;
1719 570 1844 613 postea

81 633 235 674 Italiam,
266 632 468 672 Albaniam,
494 630 730 673 Hungariam,
762 628 957 669 Poloniam,
992 627 1221 667 Moldaviam,
1248 624 1472 665 Valachiam,
1503 623 1627 657 Asiam
1662 622 1844 661 minorem,

81 686 266 730 Algcriam
302 684 509 730 apostolicis
543 683 725 718 laboribus
761 681 918 715 excoluit
944 683 980 715 et
1003 679 1154 725 Neapoli
1180 690 1259 713 cum
1294 676 1501 712 sanctitatis
1527 678 1561 710 et
1593 674 1843 709 miraculorum

81 741 178 774 fama
213 751 258 773 ex
283 739 360 772 vita
395 737 549 772 decessit
577 736 668 780 (Jtcl.
699 736 862 769 Coram-a
890 734 924 768 S.
951 735 994 775 J„
1030 733 1212 767 Historiae
1239 731 1428 766 Societatis
1460 730 1541 763 Iesu
1566 729 1656 763 Pars
1683 727 1793 762 Sexta
1820 727 1844 765 Ι,

82 793 216 827 Romae
245 792 345 832 1750,
372 791 394 825 l.
423 791 453 832 3,
480 802 513 824 n.
540 789 689 823 11—13.
726 789 807 822 Sar.
828 789 1028 830 ,S'antaqata
1047 786 1080 821 S.
1100 787 1143 827 J„
1171 785 1300 819 Istoria
1326 783 1419 818 della
1438 781 1658 826 Compagnia
1684 781 1718 814 di
1738 780 1845 819 Gesu,

82 847 340 891 appartenente
359 844 393 878 al
411 844 534 887 Regno
553 843 588 876 di
606 841 735 887 Napoli
760 841 822 882 ΠΙ,
848 840 978 885 Napoli
999 840 1098 880 1756,
1122 839 1186 873 138
1206 838 1274 873 360
1292 838 1358 872 461
1380 837 1459 870 574.
1492 836 1589 878 Alfr.
1609 836 1730 878 Hamy
1748 833 1782 867 S.
1801 833 1845 874 J„

83 898 226 933 Galerie
253 898 413 932 illustree
439 897 481 930 de
507 896 543 930 la
569 894 788 940 Compagnie
814 893 857 927 de
884 893 992 927 Je‘sus
1019 892 1061 933 V,
1088 891 1192 926 Paris
1219 891 1321 931 1893,
1349 890 1421 932 75).

201 951 387 993 Cellesius‚
412 948 620 984 Mancinelli
644 946 875 992 biographus,
910 957 990 980 cum
1017 957 1058 979 eo
1086 944 1267 979 Canisium
1294 943 1352 977 vel
1385 953 1503 976 coram
1531 940 1590 975 vel
1617 951 1679 985 per
1704 939 1846 973 litteras

82 1006 200 1050 egisse
225 1016 296 1039 non
321 1004 575 1038 commemorat
603 1001 705 1046 (Vita
731 1000 788 1035 del
814 1000 924 1035 Servo
951 999 985 1033 di
1010 999 1076 1033 Dio
1103 998 1219 1032 Padre
1246 996 1364 1031 Giulio
1390 993 1608 1035 Mancinelli,
1635 993 1762 1027 scritta
1789 991 1846 1026 dal

83 1059 123 1094 P.
148 1061 286 1101 Jacopo
315 1058 439 1091 Cellesi
463 1055 498 1090 S.
522 1056 565 1097 J„
592 1055 705 1089 Roma
733 1053 852 1096 1668).

84 1175 233 1214 1254.
356 1173 573 1209 CANISIUS
621 1171 881 1207 CARDINALI
932 1167 1168 1204 MARCO
1213 1164 1519 1202 ANTONIO
1564 1160 1846 1204 AMUL10‚

251 1229 416 1274 episcopo
446 1227 594 1261 reatino.
813 1226 981 1267 Augusta
1007 1221 1275 1257 Vindelicorum
1302 1220 1368 1255 sub
1394 1220 1427 1253 2.
1454 1217 1669 1253 Novembris
1698 1217 1799 1251 1565.

203 1298 259 1333 Ex
284 1298 486 1332 litterarum
512 1296 665 1339 Borgiae
692 1306 826 1341 apogr„
853 1294 928 1328 eod.
956 1296 1064 1337 temp.
1091 1292 1236 1336 scripto.
1292 1290 1432 1333 „Gernr
1464 1289 1527 1323 65“
1558 1289 1582 1322 f.
1608 1287 1681 1322 40³.

204 1371 358 1412 Borqias
386 1370 496 1403 Roma
526 1370 578 1401 17.
606 1367 814 1400 No².·embr2'3
840 1368 930 1398 1565
960 1365 1128 1398 Canise‘o:
1164 1363 1231 1407 „Gi
1264 1364 1376 1396 siawo
1410 1360 1600 1404 ralleyrati
1633 1360 1671 1392 in
1707 1357 1849 1391 domino

85 1425 296 1458 intendendo
317 1424 417 1466 perle
442 1422 558 1455 lettere
584 1421 624 1453 de
649 1421 687 1453 V.
715 1420 757 1453 R.
785 1420 825 1452 de
852 1421 895 1452 ,2.
922 1419 977 1451 del
997 1421 1159 1461 presente
1185 1417 1244 1449 che
1271 1426 1333 1449 con
1358 1415 1477 1448 sanita
1502 1414 1591 1455 fossi
1616 1413 1784 1444 arriuato
1812 1412 1846 1442 in

86 1480 259 1521 Alc-(susm.
280 1503 288 1510 .
308 1504 314 1510 .
336 1503 343 1509 .
386 1477 436 1509 Le
460 1475 576 1508 lettere
604 1475 702 1517 peril
731 1472 908 1507 C'ardz'nal
934 1471 1080 1505 Amulio
1105 1472 1136 1503 si
1170 1480 1255 1503 sono
1283 1471 1369 1502 zcz'sle
1394 1471 1424 1500 et
1449 1468 1480 1500 si
1505 1467 1673 1499 duranno
1699 1465 1734 1497 al
1760 1465 1848 1496 detto

87 1528 317 1566 Carcle·nale.“

204 1595 282 1628 Hae
307 1593 449 1628 litterae
475 1591 593 1626 adhuc
618 1602 687 1624 non
713 1592 799 1625 sunt
823 1591 999 1634 repertae.
1050 1588 1218 1622 Ceterum
1244 1587 1289 1621 cf.
1317 1597 1425 1630 supra
1450 1596 1484 1630 p.
1512 1584 1556 1618 99
1585 1582 1663 1617 106.

205 1647 444 1682 Doctissimus
478 1645 535 1678 vir
566 1646 722 1678 Latinus
756 1644 927 1677 Latinius
964 1642 1018 1676 11.
1044 1641 1253 1676 Decembris
1281 1640 1382 1680 1563,
1418 1649 1487 1682 quo
1521 1638 1681 1680 tempore
1716 1634 1850 1668 Romae

86 1701 212 1735 Iacobo
239 1699 412 1735 cardinali
438 1698 552 1732 Puteo
588 1698 631 1732 ab
659 1696 824 1742 epistulis
855 1697 943 1737 erat,
979 1696 1023 1729 ad
1049 1695 1231 1729 Andream
1257 1693 1413 1727 Masium
1439 1691 1482 1725 de
1507 1688 1652 1724 Amulio
1686 1686 1850 1731 scripsit:

91 1754 262 1797 ,Videtur
289 1753 455 1788 Summus
481 1751 651 1786 Pontifex
677 1750 712 1784 in
740 1762 779 1783 eo
804 1749 947 1783 homine
974 1749 1142 1790 ornando,
1178 1750 1287 1791 atque
1313 1744 1477 1788 augendo
1503 1741 1660 1777 fortunis
1685 1752 1755 1774 non
1780 1751 1850 1773 me-

86 1808 241 1842 diocrem
267 1818 410 1852 operam
437 1816 580 1851 ponere,
615 1804 708 1848 quod
735 1803 779 1837 ad
815 1802 928 1837 multa
962 1802 1125 1836 obeunda
1158 1800 1304 1844 negotia
1333 1799 1449 1832 virum
1485 1795 1661 1840 singulari
1696 1792 1849 1838 quadam

85 1863 235 1896 naturae
261 1861 343 1894 dote
369 1862 502 1904 aptum,
537 1869 678 1892 summa
702 1856 904 1901 prudentia,
939 1859 1048 1900 atque
1074 1854 1291 1890 dexteritate
1316 1852 1519 1897 praeditum
1551 1860 1630 1883 esse
1655 1846 1852 1892 perspexit.

87 1914 203 1956 Quare
230 1925 309 1948 cum
335 1913 483 1947 Morono
510 1911 554 1946 ad
589 1910 715 1944 intima
740 1909 890 1944 consilia
917 1908 1130 1949 admittitur,
1165 1919 1231 1941 nec
1257 1906 1445 1950 quisquam
1474 1904 1529 1938 est
1560 1903 1702 1947 praeter
1727 1900 1852 1933 Borro—

86 1979 205 2002 meum
231 1966 458 2002 Cardinalem
484 1964 669 1999 Pontificis
704 1962 836 1997 sororis
862 1961 986 2003 filium,
1022 1962 1081 2006 qui
1109 1973 1188 1995 eum
1215 1959 1441 1999 auctoritate,
1477 1958 1513 1991 et
1539 1955 1657 1998 gratia
1682 1963 1852 1997 superare

86 2021 273 2055 videtur“:
317 2019 436 2054 Latini
474 2018 606 2052 Latinii
645 2016 886 2050 Viterbiensis
924 2015 1107 2060 Epistolae
1142 2016 1223 2056 etc„
1266 2013 1319 2047 ed.
1356 2023 1377 2046 a
1414 2011 1602 2045 Dominico
1641 2007 1768 2050 Mayro
1808 2005 1850 2045 11,

87 2073 239 2108 viterbii
268 2073 369 2115 1657,
406 2071 483 2107 110.
535 2071 588 2105 Ac
624 2081 704 2104 cum
731 2069 765 2104 S.
792 2068 941 2104 Carolus
968 2069 1205 2103 Borromaeus
1240 2066 1306 2100 sub
1342 2076 1387 2099 m.
1416 2062 1660 2108 Septembrem
1695 2071 1726 2093 a.
1762 2058 1851 2092 1565

87 2127 200 2161 Roma
225 2126 468 2160 Mediolanum
495 2144 540 2148 —
567 2123 857 2168 archiepiscopus
884 2122 976 2156 enim
1013 2120 1291 2156 mediolanensis
1316 2119 1394 2164 ipse
1420 2118 1497 2151 erat
1524 2134 1566 2139 —-
1594 2114 1638 2148 ad
1664 2111 1851 2147 concilium

86 2179 307 2225 provinciale
342 2178 543 2213 habendum
581 2179 616 2211 et
649 2175 721 2210 alia
756 2175 1006 2210 constituenda
1041 2174 1177 2208 abisset
1210 2173 1262 2216 (J.
1290 2174 1328 2207 P.
1360 2172 1584 2211 Glnssz'anus,
1620 2167 1672 2201 De
1699 2166 1783 2199 Vita
1818 2166 1853 2197 et

87 2233 194 2267 rebus
229 2233 343 2276 gestis
369 2231 402 2266 S.
431 2230 547 2266 Caroli
574 2230 766 2271 Borromei,
803 2228 851 2263 ill.
878 2240 898 2263 a
925 2230 967 2262 B.
998 2228 1174 2262 Oltrocclei
1198 2226 1221 2261 l.
1251 2227 1280 2267 1,
1308 2237 1336 2260 c.
1367 2225 1408 2259 10
1437 2223 1509 2267 11),
1545 2222 1621 2256 eius
1646 2220 1723 2254 loco
1759 2217 1852 2262 apud

87 2286 191 2320 Pium
210 2286 271 2320 IV.
298 2285 463 2319 Amulius
489 2295 607 2318 rerum
633 2294 810 2318 summam
837 2282 1111 2316 administrasse
1137 2280 1299 2321 videtum
1325 2279 1375 2312 ita
1402 2278 1495 2311 enim
1522 2273 1715 2309 cardinalis
1733 2273 1851 2305 Fran-

88 2342 200 2373 σίκυς
233 2340 410 2373 Paceehzes
447 2336 641 2380 (Pacheco)
679 2336 789 2370 Roma
824 2336 879 2370 23.
907 2335 1128 2380 Septembris
1156 2334 1246 2368 1565
1282 2332 1448 2376 Philippo
1475 2330 1538 2364 IL:
1580 2327 1641 2370 „El
1678 2324 1851 2360 Cardena]

88 2392 240 2434 Emulio,
267 2403 335 2436 que
360 2391 494 2436 platica
520 2390 651 2424 interin
677 2391 938 2423 secretamente
965 2400 1031 2423 con
1058 2387 1090 2421 el
1108 2388 1217 2432 Papa,
1245 2386 1397 2430 despues
1424 2384 1466 2417 de
1492 2381 1632 2427 partido
1652 2380 1852 2418 Borromeo,

89 2457 144 2479 me
163 2445 264 2479 dixo“
288 2451 353 2479 etc.
377 2443 579 2487 (Coleccion
606 2443 648 2476 de
675 2441 915 2476 Documentos
941 2441 1095 2475 ineditos
1120 2451 1207 2484 para
1233 2439 1269 2473 la
1295 2437 1456 2472 Historia
1482 2436 1524 2469 de
1551 2434 1705 2478 Espasm,
1731 2443 1794 2476 por
1821 2430 1852 2464 el

89 2499 258 2543 Marques
293 2500 334 2531 (Ze
368 2500 402 2531 Ia
439 2498 648 2530 Finem-santa
682 2497 737 2529 del
771 2496 868 2528 Valle
902 2497 969 2529 etc.
1006 2495 1061 2534 CI,
1096 2492 1236 2527 Madrid
1273 2492 1375 2532 1891,
1412 2488 1509 2531 111).
1559 2487 1656 2521 Ideni
1688 2483 1853 2518 Amulius

90 2551 154 2585 hoc
182 2563 273 2585 anno
301 2551 390 2585 1565
419 2549 593 2584 cardinali
619 2548 805 2582 Vitellotio
832 2547 978 2582 Vitellio
1003 2547 1038 2580 in
1066 2546 1303 2580 bibliothecae
1330 2544 1518 2577 vaticanae
1553 2550 1719 2584 suprema
1752 2548 1853 2582 prae-

89 2605 229 2639 fectura
254 2604 431 2638 successit
459 2603 542 2643 (Th.
566 2614 594 2636 v.
620 2603 744 2645 Sielsel,
771 2601 961 2635 Romische
979 2599 1146 2634 Berichte
1172 2599 1197 2639 l,
1224 2599 1259 2632 in
1282 2593 1630 2640 ,Sitzungsberiehte
1657 2592 1718 2625 der
1744 2590 1853 2635 philo-

90 2656 516 2702 sophisch-liistorischen
532 2654 655 2690 Classe
675 2655 737 2688 der
754 2653 994 2688 kaiserlichen
1009 2652 1207 2687 Akademie
1226 2646 1636 2685 de1·Wissenschafte11“
1660 2644 1852 2684 CXXXIII,

90 2710 197 2744 'Wien
227 2711 327 2751 1896,
357 2710 446 2753 142).

92 2826 240 2863 1255.
340 2825 558 2861 CANISIL'S
595 2822 860 2861 SANCTO
889 2819 1277 2859 FRANCISGo
1309 2817 1402 2855 DE
1429 2814 1716 2857 BORGIA,
1752 2827 1852 2861 prae-

257 2880 373 2925 posito
401 2879 559 2923 generali
587 2877 778 2912 Societatis
805 2877 896 2911 Iesu.

906 2930 1073 2972 Augusta
1099 2926 1366 2961 Vindelicorum
1403 2925 1434 2959 2.
1461 2922 1674 2958 Novembris
1704 2923 1804 2956 1565.

212 3003 266 3037 Ex
293 3002 525 3047 epistularum
544 3001 698 3044 Boi-giae
725 2999 942 3045 apographis
964 2998 1086 3032 eodem
1113 3000 1272 3041 tempore
1298 2995 1453 3040 scriptis.
1497 2994 1635 3037 „Germ
1655 2994 1718 3027 65“
1750 2991 1854 3025 1239b

94 3056 139 3091 40
165 3056 338 3090 48))-49ὓ
364 3058 399 3090 et
430 3055 536 3100 ,Epp.
566 3055 606 3089 It.
635 3053 799 3098 [l'racpp.
828 3051 955 3095 Genu]
983 3051 1235 3085 1565——1567“
1267 3050 1291 3083 f.
1318 3050 1372 3083 98.

213 3128 257 3159 Se
284 3128 350 3159 iter
374 3127 572 3159 rhenanum
610 3130 680 3158 tam
708 3126 774 3156 cito
810 3123 1068 3163 absoluturum,
1107 3126 1139 3153 21!
1167 3121 1387 3153 comitiorum
1415 3123 1567 3160 tempore
1593 3119 1773 3159 Angla-'ssae
1798 3118 1853 3148 sit.

97 3179 227 3222 Socios,
262 3181 322 3221 qni
348 3180 474 3212 ducum
503 3180 593 3211 tusci
619 3183 646 3210 et
673 3177 907 3219 ferrariensis
941 3175 1114 3208 mvi-ihus
1140 3186 1159 3206 ιι
1187 3174 1301 3205 sacri->¹
1329 3172 1604 3214 confessionibus
1628 3171 1749 3212 futuri
1773 3170 1854 3211 sint,
