2045 3471
221 211 306 252 492
698 208 798 242 1455.
827 207 992 242 canisius
1019 207 1054 242 S.
1073 207 1263 242 Francisco
1289 207 1332 241 de
1358 207 1500 251 Borgia.

220 327 268 359 ad
305 326 481 359 ecelesiam
521 326 741 359 reducendis.
792 326 976 359 Absolutio
1014 327 1248 369 relapsorum.
1299 326 1478 359 Bavariae
1516 325 1591 358 dum
1628 329 1787 368 uryetzcr,
1826 328 1865 357 ‘ut
1899 335 1981 367 pro-

218 380 403 421 fessionem
445 379 530 420 fidei
570 379 803 411 tridentinam
845 381 881 412 in
928 380 1191 412 universitatem
1229 379 1537 422 inyolstadiensem
1573 379 1731 411 inducat.
1797 378 1982 411 Sociorum

221 436 507 475 auyustanorum
540 442 649 464 novae
675 432 776 465 aedes
801 443 927 475 eaeque
952 443 974 465 a
1005 432 1195 465 Geblzardo
1226 431 1417 474 Tracti-sess
1451 432 1577 473 ‹latae;
1611 442 1657 463 an
1693 431 1779 471 filiis
1814 430 1982 463 nobilium

221 489 250 517 et
276 485 424 517 divitum
452 489 702 527 praeceptores
727 485 864 528 aliquot
893 486 979 518 dari
1004 486 1110 518 licet?
1160 485 1308 518 Scholae
1334 484 1482 526 capituli
1517 488 1547 516 et
1580 485 1871 527 protestantiwn,
1904 494 1984 516 con-

220 539 332 570 tiones
357 537 542 570 Sociorum
552 549 566 579 ;
600 538 792 580 disciplina
819 538 941 571 laxior
966 539 1127 581 aliaeque
1152 538 1403 580 difficultates;
1436 538 1626 570 mittendus
1660 541 1707 570 est
1733 537 1764 569 V
1764 537 1834 569 itus
1860 536 1983 569 Liner.

221 590 261 623 P.
289 590 555 623 Stevorcliaizus.
607 590 645 623 P.
672 591 860 624 Hccivoclus
881 593 984 633 patri
1011 591 1249 624 immodestius
1274 591 1406 623 scribit.
1458 590 1498 623 P.
1529 590 1667 623 Gallus.
1717 590 1897 631 Homines,
1924 589 1985 632 qai

222 654 244 676 a
272 643 440 676 Societate
467 648 692 686 recesserunt,
728 644 827 676 haud
849 645 958 686 facile
984 644 1224 677 commendari
1248 647 1395 686 possunt
1421 644 1587 676 externis.
1637 643 1814 677 Annonae
1840 643 1984 676 caritas.

394 719 566 762 Jhesus.
630 720 724 762 Pax
757 720 915 763 Christi
947 720 1176 763 admodum
1210 720 1463 762 Reuerende
1496 720 1628 761 Pater
1660 721 1742 762 etc.

339 789 445 832 Post
477 791 650 843 longam
685 791 1031 845 expectationem
1065 791 1158 832 heri
1191 790 1451 832 coniunctim
1485 789 1644 843 accepi,
1684 803 1794 843 quae
1826 788 1984 844 partim

223 856 247 896 5
280 854 456 909 Aprilis,
491 854 650 909 partim
684 857 739 898 20
762 856 865 910 Maij
900 855 1028 897 scribi
1061 855 1116 897 ad
1149 869 1216 896 me
1249 855 1398 905 uoluit,
1433 855 1682 897 Paternitas
1706 854 1810 897 Tua.
1864 854 1986 896 Alias

221 934 325 962 uero
357 920 472 962 mitti
505 921 676 971 curabo,
712 926 845 973 quas³
876 921 931 962 ad
964 920 1010 963 P.
1038 920 1239 963 Natalem
1273 923 1316 963 et
1340 919 1655 962 Prouincialem
1686 919 1986 961 Rhenensem1

221 984 409 1038 scriptas
442 984 567 1026 simul
601 985 761 1039 accepi.

340 1049 548 1099 Quoniam
590 1050 653 1092 ita
697 1050 835 1092 uisum
882 1052 948 1092 est
989 1049 1250 1092 Paternitati
1284 1049 1424 1099 Tuae,
1470 1052 1519 1092 ut
1562 1048 1986 1091 Reuerendissimum

222 1114 586 1168 Argentinensem
618 1115 669 1156 de
692 1129 738 1156 re
762 1115 863 1156 mihi
887 1115 1115 1157 commissa
1138 1115 1390 1168 compellem
1404 1116 1434 1165 2,
1466 1114 1658 1156 laborem
1691 1113 1989 1168 proficiscendi

223 1193 308 1221 non
339 1193 506 1222 recuso.
560 1179 656 1221 Erit
686 1182 830 1222 autem
865 1180 1109 1221 consultum
1141 1179 1342 1230 fortasse,
1376 1179 1495 1234 prius
1528 1179 1580 1221 de
1603 1178 1780 1232 Collegij
1813 1178 1988 1232 negotio

224 1258 356 1298 agere
397 1259 491 1286 cum
534 1244 911 1286 Reuerendissimo
952 1244 1298 1298 Herbipolensi3,
1342 1244 1414 1297 qui
1456 1247 1651 1286 nostrum
1694 1247 1738 1286 et
1778 1257 1832 1285 ex
1873 1244 1988 1285 Vrbe

224 1323 479 1363 responsum
512 1309 577 1351 his
610 1309 827 1351 mensibus
859 1309 1138 1364 impatienter
1170 1312 1389 1363 expectat,
1433 1312 1476 1351 et
1508 1309 1735 1350 scribendo
1768 1308 1987 1350 nobiscum

226 1374 367 1429 coepit
400 1375 691 1429 expostulare.
747 1375 816 1417 Sic
848 1389 951 1428 ergo
985 1374 1134 1424 statui,
1168 1374 1326 1416 Christi
1359 1374 1518 1416 domini
1550 1374 1745 1416 bonitate
1777 1373 1989 1426 simulque

226 1440 424 1494 precibus
457 1440 502 1482 P.
527 1440 647 1482 Tuae
680 1441 899 1489 confissus‚
934 1443 1031 1482 octo
1066 1439 1156 1481 fere
1189 1439 1339 1480 diebus
1372 1439 1439 1480 hic
1472 1442 1705 1493 expectare
1728 1439 1853 1480 finem
1879 1438 1989 1491 Syn-

228 1505 297 1546 odi
310 1505 339 1556 4,
374 1519 484 1558 quae
516 1505 624 1547 satis
656 1504 819 1558 negotij
853 1504 976 1546 nobis
998 1504 1165 1546 interea
1188 1504 1377 1554 exhibet,
1412 1507 1455 1546 et
1477 1503 1624 1546 statim
1648 1505 1748 1557 post
1770 1503 1989 1557 Synodum

230 1569 510 1624 Herbipolim,
549 1572 596 1612 ut
629 1584 739 1623 quae
771 1569 814 1611 in
847 1569 1064 1612 mandatis
1097 1569 1244 1623 accepi
1276 1583 1481 1622 exequar,
1516 1568 1627 1610 sicut
1660 1569 1705 1611 P.
1740 1568 1833 1610 Tua
1865 1581 1990 1622 prae-

227 1635 413 1689 scripsit,
448 1637 492 1677 et
513 1635 611 1676 inde
634 1649 761 1689 porro
786 1635 839 1677 ad
864 1635 1124 1688 Episcopum
1150 1634 1510 1687 Argentinensem
1540 1633 1765 1688 proficisci.
1809 1633 1992 1686 Reliqua

228 1702 327 1753 post
367 1700 551 1742 reditum
594 1699 834 1749 instituam,
881 1713 990 1752 quae
1032 1699 1231 1741 nimirum
1274 1699 1329 1741 ad
1370 1699 1662 1741 uisitationem
1705 1697 1991 1751 Collegiorum

228 1764 526 1818 Votorumque
559 1765 884 1807 renouationem
917 1764 1148 1818 pertinent.

349 1829 539 1872 Scimusb
571 1844 648 1872 nos
675 1829 881 1871 Romanis
904 1829 1106 1871 Patribus
1139 1829 1344 1871 molestos
1377 1842 1472 1870 esse
1504 1827 1664 1870 nostris
1697 1827 1987 1881 querimonijs,

229 1897 272 1937 et
305 1894 562 1948 praesertim
595 1909 690 1936 cum
722 1894 991 1948 professores
1023 1908 1158 1935 nouos
1190 1894 1271 1935 huc
1303 1893 1417 1935 mitti
1441 1893 1747 1935 desideramus,
1790 1892 1991 1945 Pergrati

229 1962 356 2002 erunt
387 1959 510 2000 nobis
552 1959 623 2012 qui
654 1959 769 2001 mitti
810 1961 1028 2013 poterunt,
1071 1961 1119 2000 ut
1159 1959 1345 2001 lectores
1386 1959 1540 2000 saltem
1574 1958 1656 1999 duo
1692 1956 1990 2010 Philosophiae

226 2024 350 2066 nobis
392 2023 618 2066 donentur.
684 2024 921 2066 Germanos
964 2037 1014 2065 eo
1055 2023 1259 2065 libentius
1291 2023 1431 2064 redire
1464 2023 1671 2072 uidemus,
1715 2036 1797 2075 quo
1831 2021 1990 2063 certius

228 2088 454 2130 didicimus
475 2088 720 2143 plaerisque
743 2089 983 2130 Romanum
1007 2102 1150 2130 aerem
1174 2088 1506 2138 incommodare,
1542 2091 1588 2129 ut
1611 2087 1648 2129 si
1679 2087 1806 2141 paulo
1830 2086 1989 2128 diutius

224 2153 353 2196 isthic
374 2156 593 2204 maneant,
627 2156 702 2195 aut
734 2155 943 2207 perpetuo
966 2153 1271 2206 ualetudinarij
1305 2152 1425 2202 sint⁰,
1461 2155 1536 2195 aut
1567 2152 1610 2193 in
1639 2152 1731 2206 ipso
1755 2151 1989 2193 iuuentutis

226 2218 333 2260 flore
360 2218 600 2260 concidant.
655 2218 776 2268 Quod
808 2232 861 2259 ne
884 2219 960 2259 fiat
982 2218 1168 2272 saepius,
1202 2217 1350 2260 uideat
1383 2231 1542 2270 quaeso
1566 2217 1613 2260 P.
1638 2218 1743 2265 Tua,
1777 2218 1988 2270 praestet-

227 2297 280 2324 ne
312 2282 422 2334 illos,
467 2283 539 2336 qui
573 2285 806 2337 supersunt
838 2283 1001 2324 Romae
1035 2283 1285 2332 Germanos,
1328 2281 1584 2336 praesertim
1618 2281 1687 2335 qui
1723 2281 1883 2323 diutius
1915 2280 1987 2322 ad-

226 2347 414 2397 fuerunt,
457 2347 627 2402 patriae
669 2347 854 2390 restitui.
926 2347 1039 2389 Nam
1086 2350 1130 2390 et
1171 2347 1218 2390 P.
1253 2346 1528 2400 Gregoriusfi,
1578 2347 1649 2399 qui
1693 2359 1853 2399 magna
1894 2359 1988 2386 cum

225 2412 353 2454 laude
377 2413 657 2454 concionatur
679 2413 918 2465 Augustae,
953 2411 1014 2454 sic
1036 2415 1103 2454 est
1136 2412 1260 2453 modo
1293 2411 1649 2462 ualetudinarius,
1682 2413 1731 2453 ut
1762 2410 1857 2464 plus
1880 2409 1988 2451 satis

230 2477 392 2518 Romae
425 2477 559 2518 fuisse
592 2477 804 2527 uideatur,
841 2480 885 2519 et
918 2477 970 2518 de
1003 2476 1098 2530 alijs
1131 2476 1347 2518 nonnullis
1378 2476 1459 2518 hoc
1491 2477 1629 2530 ipsum
1662 2476 1711 2517 fit
1742 2474 1987 2516 uerisimile.

229 2541 380 2583 Faciat
421 2545 565 2584 autem
608 2542 653 2584 P.
688 2542 803 2591 Tua,
852 2542 964 2595 quod
1006 2542 1059 2582 in
1103 2543 1406 2595 conspectu
1448 2540 1680 2582 domini⁶
1720 2539 1901 2590 rectius,
1945 2540 1989 2581 et

231 2606 487 2648 Germaniae
520 2605 827 2648 conducibilius
860 2606 952 2647 fore
984 2606 1202 2648 iudicabit.

348 2686 376 2715 a)
398 2687 443 2710 Ita
464 2686 579 2710 omuino
601 2686 716 2710 videtur
735 2693 794 2710 esse
809 2686 1013 2717 corriyemlum
1027 2693 1062 2710 ea·
1077 2692 1162 2718 quae,
1183 2686 1256 2716 quod
1272 2685 1385 2710 Canisii
1405 2685 1532 2716 scriptor
1546 2684 1655 2716 posuit.
1688 2684 1767 2708 Idem
1784 2684 1875 2714 paulo
1893 2691 1987 2714 supra

227 2727 326 2757 posuit
344 2725 429 2752 Alias
450 2729 495 2757 (z
511 2727 577 2751 Alio
598 2729 754 2758 temporem
775 2727 847 2758 quod
867 2727 894 2751 si
912 2728 989 2757 forte
1010 2730 1084 2751 recte
1100 2727 1244 2758 posuerit,
1263 2727 1371 2757 poterit
1385 2727 1482 2755 etiam,
1501 2728 1615 2750 servato
1637 2733 1659 2749 υ.
1681 2731 1766 2756 quae,
1782 2732 1839 2755 pro
1859 2723 1987 2756 scriptas

226 2768 299 2798 poni
319 2768 442 2800 scripta.
469 2768 523 2792 Sed
545 2768 575 2792 id
595 2768 667 2792 mihi
686 2768 801 2799 quidem
822 2768 940 2792 minime
957 2769 1062 2799 placet.
1111 2766 1141 2798 b)
1163 2767 1262 2792 Simus
1276 2769 1310 2792 A.
1363 2769 1388 2799 c)
1409 2768 1455 2792 Ita
1471 2767 1539 2791 Can.
1554 2766 1615 2797 ipse
1635 2765 1762 2790 correxit
1782 2773 1817 2790 ez·
1838 2764 1988 2790 maneant.

355 2876 363 2894 ¹
390 2875 429 2908 P.
459 2874 651 2908 Antonium
669 2873 797 2908 Vinck.

351 2927 363 2947 ²
389 2927 423 2961 S.
443 2927 498 2960 Pii
510 2927 552 2962 V.
579 2927 749 2961 mandatu
768 2926 920 2969 Borgias
939 2925 1080 2960 Canisio
1105 2925 1309 2970 scripserat,
1338 2926 1485 2959 Erasmo
1511 2935 1531 2957 a
1549 2922 1720 2966 Limburg
1745 2922 1986 2967 persuaderet,

231 2981 271 3012 ut
298 2979 536 3013 coadiutorem
563 2980 630 3014 sibi
657 2979 886 3021 adiungeret:
914 2979 996 3012 vide
1022 2989 1130 3022 supra
1157 2990 1189 3022 p.
1217 2979 1296 3012 421.
1442 2978 1455 2997 ³
1480 2976 1659 3010 Friderico
1685 2987 1706 3009 a
1725 2975 1923 3018 Wirsberg.

350 3033 363 3051 4
388 3031 607 3066 Dioecesana
624 3032 712 3066 haec
731 3032 889 3076 synodus
908 3043 928 3065 a
947 3032 978 3065 d.
996 3032 1049 3065 15.
1070 3031 1113 3065 ad
1132 3032 1188 3065 20.
1203 3031 1295 3064 Iunii
1314 3030 1436 3064 habita
1455 3031 1529 3070 est;
1548 3041 1581 3063 v.
1601 3028 1694 3062 infra
1714 3040 1803 3063 mon.
1819 3028 1877 3062 dil.
1895 3028 1985 3071 (28).

351 3083 363 3102 ⁵
389 3083 577 3124 Roseffius,
605 3084 822 3118 cathedralis
849 3084 1022 3118 ecclesiae
1049 3086 1272 3126 augustanae
1298 3082 1520 3117 contionatur
1551 3083 1586 3114 et
1612 3083 1835 3123 augustanae
1862 3080 1986 3114 domus

234 3134 421 3170 Societatis
447 3136 618 3179 superior.

354 3187 366 3206 ⁶
390 3187 439 3220 Dt
465 3189 495 3225 6,
525 3188 586 3228 18;
615 3189 668 3229 12,
696 3189 751 3222 25.
803 3189 851 3222 Ps
881 3189 957 3230 101,
986 3189 1016 3223 1.
1069 3189 1136 3223 Act
1162 3189 1193 3229 4,
1223 3189 1276 3222 19.
1326 3188 1386 3221 Iac
1411 3188 1442 3228 4,
1472 3186 1513 3221 10
1541 3188 1607 3220 etc.
